{"id": "gen9randombattle-2641738733", "format": "[Gen 9] Random Battle", "players": ["DictatorEnergy", "Dioserr0"], "log": "|j|\u2606DictatorEnergy\n|j|\u2606Dioserr0\n|t:|1782836099\n|gametype|singles\n|player|p1|DictatorEnergy|lucas|1435\n|player|p2|Dioserr0|hilbert|1383\n|gen|9\n|tier|[Gen 9] Random Battle\n|rated|\n|rule|Species Clause: Limit one of each Pok\u00e9mon\n|rule|HP Percentage Mod: HP is shown in percentages\n|rule|Sleep Clause Mod: Limit one foe put to sleep\n|rule|Illusion Level Mod: Illusion disguises the Pok\u00e9mon's true level\n|\n|t:|1782836099\n|teamsize|p1|6\n|teamsize|p2|6\n|start\n|switch|p1a: Raging Bolt|Raging Bolt, L78|323/323\n|switch|p2a: Copperajah|Copperajah, L86, F|350/350\n|turn|1\n|\n|t:|1782836112\n|move|p1a: Raging Bolt|Thunderbolt|p2a: Copperajah\n|-damage|p2a: Copperajah|226/350\n|move|p2a: Copperajah|Earthquake|p1a: Raging Bolt\n|-supereffective|p1a: Raging Bolt\n|-damage|p1a: Raging Bolt|45/323\n|-damage|p2a: Copperajah|191/350|[from] item: Life Orb\n|\n|-heal|p1a: Raging Bolt|65/323|[from] item: Leftovers\n|upkeep\n|turn|2\n|\n|t:|1782836123\n|move|p1a: Raging Bolt|Thunderbolt|p2a: Copperajah\n|-damage|p2a: Copperajah|58/350\n|move|p2a: Copperajah|Play Rough|p1a: Raging Bolt\n|-supereffective|p1a: Raging Bolt\n|-damage|p1a: Raging Bolt|0 fnt\n|faint|p1a: Raging Bolt\n|-end|p1a: Raging Bolt|Protosynthesis|[silent]\n|\n|upkeep\n|\n|t:|1782836131\n|switch|p1a: Clawitzer|Clawitzer, L87, M|265/265\n|turn|3\n|\n|t:|1782836144\n|move|p1a: Clawitzer|Water Pulse|p2a: Copperajah\n|-damage|p2a: Copperajah|0 fnt\n|faint|p2a: Copperajah\n|\n|upkeep\n|\n|t:|1782836161\n|switch|p2a: Regice|Regice, L88|284/284\n|turn|4\n|\n|t:|1782836172\n|move|p1a: Clawitzer|Water Pulse|p2a: Regice\n|-damage|p2a: Regice|220/284\n|-start|p2a: Regice|confusion\n|-activate|p2a: Regice|confusion\n|-damage|p2a: Regice|207/284|[from] confusion\n|\n|upkeep\n|turn|5\n|\n|t:|1782836179\n|move|p1a: Clawitzer|U-turn|p2a: Regice\n|-damage|p2a: Regice|171/284\n|\n|t:|1782836193\n|switch|p1a: Charizard|Charizard, L85, M|271/271|[from] U-turn\n|-activate|p2a: Regice|confusion\n|move|p2a: Regice|Thunder Wave|p1a: Charizard\n|-status|p1a: Charizard|par\n|\n|upkeep\n|turn|6\n|\n|t:|1782836206\n|switch|p2a: Rhyperior|Rhyperior, L82, M|323/323\n|cant|p1a: Charizard|par\n|\n|upkeep\n|turn|7\n|\n|t:|1782836223\n|switch|p1a: Clawitzer|Clawitzer, L87, M|265/265\n|move|p2a: Rhyperior|Stone Edge|p1a: Clawitzer|[miss]\n|-miss|p2a: Rhyperior|p1a: Clawitzer\n|\n|upkeep\n|turn|8\n|\n|t:|1782836238\n|switch|p2a: Vespiquen|Vespiquen, L99, F|299/299\n|-ability|p2a: Vespiquen|Pressure\n|move|p1a: Clawitzer|Water Pulse|p2a: Vespiquen\n|-damage|p2a: Vespiquen|205/299\n|\n|upkeep\n|turn|9\n|\n|t:|1782836258\n|move|p1a: Clawitzer|U-turn|p2a: Vespiquen\n|-resisted|p2a: Vespiquen\n|-damage|p2a: Vespiquen|190/299\n|\n|t:|1782836261\n|switch|p1a: Stonjourner|Stonjourner, L91, F|330/330|[from] U-turn\n|move|p2a: Vespiquen|Air Slash|p1a: Stonjourner\n|-resisted|p1a: Stonjourner\n|-damage|p1a: Stonjourner|228/330\n|\n|upkeep\n|turn|10\n|\n|t:|1782836272\n|switch|p2a: Rhyperior|Rhyperior, L82, M|323/323\n|move|p1a: Stonjourner|Stealth Rock|p2a: Rhyperior\n|-sidestart|p2: Dioserr0|move: Stealth Rock\n|\n|upkeep\n|turn|11\n|\n|t:|1782836289\n|switch|p1a: Clawitzer|Clawitzer, L87, M|265/265\n|move|p2a: Rhyperior|Stone Edge|p1a: Clawitzer\n|-damage|p1a: Clawitzer|72/265\n|\n|upkeep\n|turn|12\n|\n|t:|1782836311\n|switch|p2a: Regice|Regice, L88|171/284\n|move|p1a: Clawitzer|Water Pulse|p2a: Regice\n|-damage|p2a: Regice|116/284\n|\n|upkeep\n|turn|13\n|\n|t:|1782836321\n|move|p1a: Clawitzer|U-turn|p2a: Regice\n|-damage|p2a: Regice|77/284\n|\n|t:|1782836330\n|switch|p1a: Stonjourner|Stonjourner, L91, F|228/330|[from] U-turn\n|move|p2a: Regice|Thunderbolt|p1a: Stonjourner\n|-damage|p1a: Stonjourner|66/330\n|\n|upkeep\n|turn|14\n|\n|t:|1782836353\n|move|p1a: Stonjourner|Stone Edge|p2a: Regice\n|-supereffective|p2a: Regice\n|-damage|p2a: Regice|0 fnt\n|faint|p2a: Regice\n|-damage|p1a: Stonjourner|33/330|[from] item: Life Orb\n|\n|upkeep\n|\n|t:|1782836360\n|switch|p2a: Vespiquen|Vespiquen, L99, F|190/299\n|-ability|p2a: Vespiquen|Pressure\n|turn|15\n|\n|t:|1782836384\n|move|p1a: Stonjourner|Stone Edge|p2a: Vespiquen\n|-supereffective|p2a: Vespiquen\n|-damage|p2a: Vespiquen|0 fnt\n|faint|p2a: Vespiquen\n|-damage|p1a: Stonjourner|0 fnt|[from] item: Life Orb\n|faint|p1a: Stonjourner\n|\n|upkeep\n|\n|t:|1782836397\n|switch|p1a: Clawitzer|Clawitzer, L87, M|72/265\n|switch|p2a: Golurk|Golurk, L87|297/297\n|-damage|p2a: Golurk|279/297|[from] Stealth Rock\n|turn|16\n|\n|t:|1782836405\n|-terastallize|p2a: Golurk|Fighting\n|move|p1a: Clawitzer|Water Pulse|p2a: Golurk\n|-damage|p2a: Golurk|149/297\n|move|p2a: Golurk|Dynamic Punch|p1a: Clawitzer\n|-damage|p1a: Clawitzer|0 fnt\n|faint|p1a: Clawitzer\n|\n|upkeep\n|\n|t:|1782836412\n|switch|p1a: Dragapult|Dragapult, L77, M|262/262\n|turn|17\n|\n|t:|1782836434\n|switch|p2a: Rhyperior|Rhyperior, L82, M|323/323\n|-damage|p2a: Rhyperior|303/323|[from] Stealth Rock\n|move|p1a: Dragapult|Dragon Darts|p2a: Rhyperior\n|-damage|p2a: Rhyperior|252/323\n|-anim|p1a: Dragapult|Dragon Darts|p2a: Rhyperior\n|-damage|p2a: Rhyperior|196/323\n|-damage|p1a: Dragapult|236/262|[from] item: Life Orb\n|\n|upkeep\n|turn|18\n|\n|t:|1782836443\n|switch|p1a: Charizard|Charizard, L85, M|271/271 par\n|move|p2a: Rhyperior|Ice Punch|p1a: Charizard\n|-crit|p1a: Charizard\n|-damage|p1a: Charizard|110/271 par\n|\n|upkeep\n|turn|19\n|\n|t:|1782836454\n|move|p2a: Rhyperior|Ice Punch|p1a: Charizard\n|-damage|p1a: Charizard|4/271 par\n|cant|p1a: Charizard|par\n|\n|upkeep\n|turn|20\n|\n|t:|1782836460\n|move|p2a: Rhyperior|Ice Punch|p1a: Charizard\n|-damage|p1a: Charizard|0 fnt\n|faint|p1a: Charizard\n|\n|upkeep\n|\n|t:|1782836463\n|switch|p1a: Venusaur|Venusaur, L84, F|272/272\n|turn|21\n|\n|t:|1782836480\n|move|p1a: Venusaur|Energy Ball|p2a: Rhyperior\n|-supereffective|p2a: Rhyperior\n|-crit|p2a: Rhyperior\n|-damage|p2a: Rhyperior|0 fnt\n|faint|p2a: Rhyperior\n|\n|upkeep\n|\n|t:|1782836482\n|switch|p2a: Deoxys|Deoxys-Attack, L72|191/191\n|-damage|p2a: Deoxys|168/191|[from] Stealth Rock\n|-ability|p2a: Deoxys|Pressure\n|turn|22\n|\n|t:|1782836497\n|-terastallize|p1a: Venusaur|Water\n|move|p2a: Deoxys|Psycho Boost|p1a: Venusaur|[miss]\n|-miss|p2a: Deoxys|p1a: Venusaur\n|move|p1a: Venusaur|Sludge Bomb|p2a: Deoxys\n|-damage|p2a: Deoxys|0 fnt\n|faint|p2a: Deoxys\n|\n|upkeep\n|-message|Dioserr0 forfeited.\n|\n|win|DictatorEnergy\n|raw|DictatorEnergy's rating: 1435 &rarr; <strong>1452</strong><br />(+17 for winning)\n|raw|Dioserr0's rating: 1383 &rarr; <strong>1366</strong><br />(-17 for losing)\n|l|\u2606Dioserr0\n|player|p2|\n", "inputlog": ">version f8ac14003a5f27e1bdc8d8c59608a773c1cb96e5\n>start {\"formatid\":\"gen9randombattle\",\"seed\":\"sodium,8a6fb1e61112abe80bef57c2c8fd7bc1\",\"rated\":\"Rated battle\"}\n>player p1 {\"name\":\"DictatorEnergy\",\"avatar\":\"lucas\",\"rating\":1435,\"seed\":\"sodium,0edcdf0b46bfd9777adaf375010b4043\"}\n>player p2 {\"name\":\"Dioserr0\",\"avatar\":\"hilbert\",\"rating\":1383,\"seed\":\"sodium,24be5370d7e64fd46a8bcb63e8fe3e79\"}\n>p1 move thunderbolt\n>p2 move earthquake\n>p1 move thunderbolt\n>p2 move playrough\n>p1 switch 6\n>p1 move waterpulse\n>p2 move playrough\n>p2 switch 3\n>p1 move waterpulse\n>p2 move thunderwave\n>p1 move uturn\n>p2 move thunderwave\n>p1 switch 3\n>p1 move flareblitz\n>p2 switch 4\n>p1 switch 3\n>p2 move stoneedge\n>p1 move waterpulse\n>p2 switch 5\n>p1 move uturn\n>p2 move airslash\n>p1 switch 4\n>p1 move stealthrock\n>p2 switch 5\n>p1 switch 4\n>p2 move stoneedge\n>p1 move waterpulse\n>p2 switch 4\n>p1 move uturn\n>p2 move thunderbolt\n>p1 switch 4\n>p1 move stoneedge\n>p2 move bodypress\n>p2 switch 5\n>p1 move stoneedge\n>p2 move airslash\n>p1 switch 4\n>p2 switch 2\n>p1 move waterpulse\n>p2 move dynamicpunch terastallize\n>p1 switch 2\n>p1 move dragondarts\n>p2 switch 4\n>p1 switch 3\n>p2 move icepunch\n>p1 move outrage\n>p2 move icepunch\n>p1 move outrage\n>p2 move icepunch\n>p1 switch 5\n>p1 move energyball\n>p2 move icepunch\n>p2 switch 6\n>p1 move sludgebomb terastallize\n>p2 move psychoboost\n>forcelose p2", "uploadtime": 1782836553, "views": 9, "formatid": "gen9randombattle", "rating": 1366, "private": 0, "password": null, "player_dets": [{"name": "DictatorEnergy", "avatar": "lucas", "rating": 1435, "seed": "sodium,0edcdf0b46bfd9777adaf375010b4043"}, {"name": "Dioserr0", "avatar": "hilbert", "rating": 1383, "seed": "sodium,24be5370d7e64fd46a8bcb63e8fe3e79"}], "teams_full": [{"Raging Bolt": {"name": "Raging Bolt", "species": "Raging Bolt", "speciesId": "ragingbolt", "gender": "N", "shiny": false, "level": 78, "moves": ["thunderclap", "thunderbolt", "dracometeor", "calmmind"], "ability": "Protosynthesis", "evs": {"hp": 85, "atk": 0, "def": 85, "spa": 85, "spd": 85, "spe": 85}, "ivs": {"hp": 31, "atk": 0, "def": 31, "spa": 31, "spd": 31, "spe": 31}, "item": "Leftovers", "teraType": "Electric", "role": "Bulky Setup", "bvs": {"hp": 125, "atk": 73, "def": 91, "spa": 137, "spd": 89, "spe": 75}, "stats": {"hp": 323, "atk": 118, "def": 187, "spa": 259, "spd": 184, "spe": 162}, "types": ["Electric", "Dragon"]}, "Dragapult": {"name": "Dragapult", "species": "Dragapult", "speciesId": "dragapult", "gender": "M", "shiny": false, "level": 77, "moves": ["dragondarts", "dragondance", "fireblast", "terablast"], "ability": "Clear Body", "evs": {"hp": 85, "atk": 85, "def": 85, "spa": 85, "spd": 85, "spe": 85}, "ivs": {"hp": 31, "atk": 31, "def": 31, "spa": 31, "spd": 31, "spe": 31}, "item": "Life Orb", "teraType": "Ghost", "role": "Tera Blast user", "bvs": {"hp": 88, "atk": 120, "def": 75, "spa": 100, "spd": 75, "spe": 142}, "stats": {"hp": 262, "atk": 229, "def": 160, "spa": 199, "spd": 160, "spe": 263}, "types": ["Dragon", "Ghost"]}, "Charizard": {"name": "Charizard", "species": "Charizard", "speciesId": "charizard", "gender": "M", "shiny": false, "level": 85, "moves": ["outrage", "flareblitz", "swordsdance", "earthquake"], "ability": "Blaze", "evs": {"hp": 85, "atk": 85, "def": 85, "spa": 85, "spd": 85, "spe": 85}, "ivs": {"hp": 31, "atk": 31, "def": 31, "spa": 31, "spd": 31, "spe": 31}, "item": "Heavy-Duty Boots", "teraType": "Ground", "role": "Setup Sweeper", "bvs": {"hp": 78, "atk": 84, "def": 78, "spa": 109, "spd": 85, "spe": 100}, "stats": {"hp": 271, "atk": 192, "def": 181, "spa": 234, "spd": 193, "spe": 219}, "types": ["Fire", "Flying"]}, "Stonjourner": {"name": "Stonjourner", "species": "Stonjourner", "speciesId": "stonjourner", "gender": "F", "shiny": false, "level": 91, "moves": ["heatcrash", "earthquake", "stoneedge", "stealthrock"], "ability": "Power Spot", "evs": {"hp": 85, "atk": 85, "def": 85, "spa": 85, "spd": 85, "spe": 85}, "ivs": {"hp": 31, "atk": 31, "def": 31, "spa": 31, "spd": 31, "spe": 31}, "item": "Life Orb", "teraType": "Fire", "role": "Fast Attacker", "bvs": {"hp": 100, "atk": 125, "def": 135, "spa": 20, "spd": 20, "spe": 70}, "stats": {"hp": 330, "atk": 279, "def": 298, "spa": 88, "spd": 88, "spe": 179}, "types": ["Rock"]}, "Venusaur": {"name": "Venusaur", "species": "Venusaur", "speciesId": "venusaur", "gender": "F", "shiny": false, "level": 84, "moves": ["energyball", "earthpower", "sludgebomb", "synthesis"], "ability": "Overgrow", "evs": {"hp": 85, "atk": 0, "def": 85, "spa": 85, "spd": 85, "spe": 85}, "ivs": {"hp": 31, "atk": 0, "def": 31, "spa": 31, "spd": 31, "spe": 31}, "item": "Leftovers", "teraType": "Water", "role": "Bulky Attacker", "bvs": {"hp": 80, "atk": 82, "def": 83, "spa": 100, "spd": 100, "spe": 80}, "stats": {"hp": 272, "atk": 142, "def": 188, "spa": 216, "spd": 216, "spe": 183}, "types": ["Grass", "Poison"]}, "Clawitzer": {"name": "Clawitzer", "species": "Clawitzer", "speciesId": "clawitzer", "gender": "M", "shiny": false, "level": 87, "moves": ["uturn", "waterpulse", "dragonpulse", "darkpulse"], "ability": "Mega Launcher", "evs": {"hp": 85, "atk": 85, "def": 85, "spa": 85, "spd": 85, "spe": 85}, "ivs": {"hp": 31, "atk": 31, "def": 31, "spa": 31, "spd": 31, "spe": 31}, "item": "Assault Vest", "teraType": "Dragon", "role": "AV Pivot", "bvs": {"hp": 71, "atk": 73, "def": 88, "spa": 120, "spd": 89, "spe": 59}, "stats": {"hp": 265, "atk": 177, "def": 203, "spa": 259, "spd": 205, "spe": 152}, "types": ["Water"]}}, {"Copperajah": {"name": "Copperajah", "species": "Copperajah", "speciesId": "copperajah", "gender": "F", "shiny": false, "level": 86, "moves": ["playrough", "rockslide", "ironhead", "earthquake"], "ability": "Sheer Force", "evs": {"hp": 85, "atk": 85, "def": 85, "spa": 85, "spd": 85, "spe": 85}, "ivs": {"hp": 31, "atk": 31, "def": 31, "spa": 31, "spd": 31, "spe": 31}, "item": "Life Orb", "teraType": "Fairy", "role": "Wallbreaker", "bvs": {"hp": 122, "atk": 130, "def": 69, "spa": 80, "spd": 69, "spe": 30}, "stats": {"hp": 350, "atk": 273, "def": 168, "spa": 187, "spd": 168, "spe": 101}, "types": ["Steel"]}, "Golurk": {"name": "Golurk", "species": "Golurk", "speciesId": "golurk", "gender": "N", "shiny": false, "level": 87, "moves": ["poltergeist", "earthquake", "stoneedge", "dynamicpunch"], "ability": "No Guard", "evs": {"hp": 85, "atk": 85, "def": 85, "spa": 85, "spd": 85, "spe": 85}, "ivs": {"hp": 31, "atk": 31, "def": 31, "spa": 31, "spd": 31, "spe": 31}, "item": "Choice Band", "teraType": "Fighting", "role": "Wallbreaker", "bvs": {"hp": 89, "atk": 124, "def": 80, "spa": 55, "spd": 80, "spe": 55}, "stats": {"hp": 297, "atk": 266, "def": 189, "spa": 145, "spd": 189, "spe": 145}, "types": ["Ground", "Ghost"]}, "Regice": {"name": "Regice", "species": "Regice", "speciesId": "regice", "gender": "N", "shiny": false, "level": 88, "moves": ["thunderbolt", "icebeam", "thunderwave", "bodypress"], "ability": "Clear Body", "evs": {"hp": 85, "atk": 0, "def": 85, "spa": 85, "spd": 85, "spe": 85}, "ivs": {"hp": 31, "atk": 0, "def": 31, "spa": 31, "spd": 31, "spe": 31}, "item": "Heavy-Duty Boots", "teraType": "Electric", "role": "Bulky Attacker", "bvs": {"hp": 80, "atk": 50, "def": 100, "spa": 100, "spd": 200, "spe": 50}, "stats": {"hp": 284, "atk": 93, "def": 226, "spa": 226, "spd": 402, "spe": 138}, "types": ["Ice"]}, "Rhyperior": {"name": "Rhyperior", "species": "Rhyperior", "speciesId": "rhyperior", "gender": "M", "shiny": false, "level": 82, "moves": ["megahorn", "icepunch", "stoneedge", "earthquake"], "ability": "Solid Rock", "evs": {"hp": 85, "atk": 85, "def": 85, "spa": 85, "spd": 85, "spe": 85}, "ivs": {"hp": 31, "atk": 31, "def": 31, "spa": 31, "spd": 31, "spe": 31}, "item": "Choice Band", "teraType": "Steel", "role": "Bulky Attacker", "bvs": {"hp": 115, "atk": 140, "def": 130, "spa": 55, "spd": 55, "spe": 40}, "stats": {"hp": 323, "atk": 277, "def": 260, "spa": 137, "spd": 137, "spe": 113}, "types": ["Ground", "Rock"]}, "Vespiquen": {"name": "Vespiquen", "species": "Vespiquen", "speciesId": "vespiquen", "gender": "F", "shiny": false, "level": 99, "moves": ["toxic", "roost", "airslash", "spikes"], "ability": "Pressure", "evs": {"hp": 85, "atk": 0, "def": 85, "spa": 85, "spd": 85, "spe": 85}, "ivs": {"hp": 31, "atk": 0, "def": 31, "spa": 31, "spd": 31, "spe": 31}, "item": "Heavy-Duty Boots", "teraType": "Steel", "role": "Bulky Support", "bvs": {"hp": 70, "atk": 80, "def": 102, "spa": 80, "spd": 102, "spe": 40}, "stats": {"hp": 299, "atk": 163, "def": 258, "spa": 214, "spd": 258, "spe": 135}, "types": ["Bug", "Flying"]}, "Deoxys": {"name": "Deoxys", "species": "Deoxys-Attack", "speciesId": "deoxysattack", "gender": "N", "shiny": false, "level": 72, "moves": ["icebeam", "knockoff", "psychoboost", "superpower"], "ability": "Pressure", "evs": {"hp": 85, "atk": 85, "def": 85, "spa": 85, "spd": 85, "spe": 85}, "ivs": {"hp": 31, "atk": 31, "def": 31, "spa": 31, "spd": 31, "spe": 31}, "item": "Life Orb", "teraType": "Dark", "role": "Wallbreaker", "bvs": {"hp": 50, "atk": 180, "def": 20, "spa": 180, "spd": 20, "spe": 150}, "stats": {"hp": 191, "atk": 301, "def": 71, "spa": 301, "spd": 71, "spe": 258}, "types": ["Psychic"]}}]}