{"id": "gen9randombattle-2641096018", "format": "[Gen 9] Random Battle", "players": ["ban Freezai", "IceColdAcer"], "log": "|j|\u2606ban Freezai\n|j|\u2606IceColdAcer\n|t:|1782739818\n|gametype|singles\n|player|p1|ban Freezai|1|2249\n|player|p2|IceColdAcer|acetrainer|2196\n|gen|9\n|tier|[Gen 9] Random Battle\n|rated|\n|rule|Species Clause: Limit one of each Pok\u00e9mon\n|rule|HP Percentage Mod: HP is shown in percentages\n|rule|Sleep Clause Mod: Limit one foe put to sleep\n|rule|Illusion Level Mod: Illusion disguises the Pok\u00e9mon's true level\n|\n|t:|1782739818\n|teamsize|p1|6\n|teamsize|p2|6\n|start\n|switch|p1a: Eelektross|Eelektross, L87, F|290/290\n|switch|p2a: Trevenant|Trevenant, L89, F|296/296\n|turn|1\n|\n|t:|1782739831\n|switch|p1a: Qwilfish|Qwilfish-Hisui, L83, F|244/244\n|-ability|p1a: Qwilfish|Intimidate|boost\n|-unboost|p2a: Trevenant|atk|1\n|move|p2a: Trevenant|Poltergeist|p1a: Qwilfish\n|-activate|p1a: Qwilfish|move: Poltergeist|Eviolite\n|-resisted|p1a: Qwilfish\n|-damage|p1a: Qwilfish|200/244\n|-damage|p2a: Trevenant|267/296|[from] item: Life Orb\n|\n|upkeep\n|turn|2\n|inactive|Battle timer is ON: inactive players will automatically lose when time's up. (requested by ban Freezai)\n|\n|t:|1782739840\n|move|p1a: Qwilfish|Toxic Spikes|p2a: Trevenant\n|-sidestart|p2: IceColdAcer|move: Toxic Spikes\n|move|p2a: Trevenant|Will-O-Wisp|p1a: Qwilfish\n|-status|p1a: Qwilfish|brn\n|\n|-damage|p1a: Qwilfish|185/244 brn|[from] brn\n|upkeep\n|turn|3\n|\n|t:|1782739849\n|switch|p2a: Excadrill|Excadrill, L79, M|303/303\n|-ability|p2a: Excadrill|Mold Breaker\n|move|p1a: Qwilfish|Toxic Spikes|p2a: Excadrill\n|-sidestart|p2: IceColdAcer|move: Toxic Spikes\n|\n|-damage|p1a: Qwilfish|170/244 brn|[from] brn\n|upkeep\n|turn|4\n|\n|t:|1782739855\n|switch|p1a: Meganium|Meganium, L90, F|290/290\n|move|p2a: Excadrill|Swords Dance|p2a: Excadrill\n|-boost|p2a: Excadrill|atk|2\n|\n|upkeep\n|turn|5\n|\n|t:|1782739860\n|move|p1a: Meganium|Energy Ball|p2a: Excadrill\n|-damage|p2a: Excadrill|180/303\n|move|p2a: Excadrill|Rapid Spin|p1a: Meganium\n|-damage|p1a: Meganium|215/290\n|-boost|p2a: Excadrill|spe|1\n|-sideend|p2: IceColdAcer|Toxic Spikes|[from] move: Rapid Spin|[of] p2a: Excadrill\n|\n|-heal|p2a: Excadrill|198/303|[from] item: Leftovers\n|-heal|p1a: Meganium|233/290|[from] item: Leftovers\n|upkeep\n|turn|6\n|\n|t:|1782739865\n|move|p2a: Excadrill|Iron Head|p1a: Meganium\n|-damage|p1a: Meganium|70/290\n|move|p1a: Meganium|Dragon Tail|p2a: Excadrill\n|-resisted|p2a: Excadrill\n|-damage|p2a: Excadrill|166/303\n|drag|p2a: Dewgong|Dewgong, L94, F|322/322\n|\n|-heal|p1a: Meganium|88/290|[from] item: Leftovers\n|upkeep\n|turn|7\n|\n|t:|1782739873\n|move|p1a: Meganium|Energy Ball|p2a: Dewgong\n|-supereffective|p2a: Dewgong\n|-damage|p2a: Dewgong|80/322\n|move|p2a: Dewgong|Ice Beam|p1a: Meganium\n|-supereffective|p1a: Meganium\n|-damage|p1a: Meganium|0 fnt\n|faint|p1a: Meganium\n|\n|upkeep\n|\n|t:|1782739882\n|switch|p1a: Kilowattrel|Kilowattrel, L83, M|252/252\n|turn|8\n|\n|t:|1782739887\n|switch|p2a: Excadrill|Excadrill, L79, M|166/303\n|-ability|p2a: Excadrill|Mold Breaker\n|move|p1a: Kilowattrel|Discharge|p2a: Excadrill\n|-immune|p2a: Excadrill\n|\n|-heal|p2a: Excadrill|184/303|[from] item: Leftovers\n|upkeep\n|turn|9\n|\n|t:|1782739894\n|move|p1a: Kilowattrel|U-turn|p2a: Excadrill\n|-resisted|p2a: Excadrill\n|-damage|p2a: Excadrill|155/303\n|\n|t:|1782739902\n|switch|p1a: Virizion|Virizion, L82|283/283|[from] U-turn\n|move|p2a: Excadrill|Swords Dance|p2a: Excadrill\n|-boost|p2a: Excadrill|atk|2\n|\n|-heal|p2a: Excadrill|173/303|[from] item: Leftovers\n|upkeep\n|turn|10\n|\n|t:|1782739910\n|switch|p2a: Trevenant|Trevenant, L89, F|267/296\n|move|p1a: Virizion|Swords Dance|p1a: Virizion\n|-boost|p1a: Virizion|atk|2\n|\n|upkeep\n|turn|11\n|\n|t:|1782739918\n|switch|p1a: Qwilfish|Qwilfish-Hisui, L83, F|170/244 brn\n|-ability|p1a: Qwilfish|Intimidate|boost\n|-unboost|p2a: Trevenant|atk|1\n|move|p2a: Trevenant|Will-O-Wisp|p1a: Qwilfish\n|-fail|p1a: Qwilfish|brn\n|\n|-damage|p1a: Qwilfish|155/244 brn|[from] brn\n|upkeep\n|turn|12\n|\n|t:|1782739924\n|move|p1a: Qwilfish|Crunch|p2a: Trevenant\n|-supereffective|p2a: Trevenant\n|-damage|p2a: Trevenant|180/296\n|move|p2a: Trevenant|Drain Punch|p1a: Qwilfish\n|-damage|p1a: Qwilfish|113/244 brn\n|-heal|p2a: Trevenant|201/296|[from] drain|[of] p1a: Qwilfish\n|-damage|p2a: Trevenant|172/296|[from] item: Life Orb\n|\n|-damage|p1a: Qwilfish|98/244 brn|[from] brn\n|upkeep\n|turn|13\n|\n|t:|1782739936\n|move|p1a: Qwilfish|Toxic Spikes|p2a: Trevenant\n|-sidestart|p2: IceColdAcer|move: Toxic Spikes\n|move|p2a: Trevenant|Drain Punch|p1a: Qwilfish\n|-damage|p1a: Qwilfish|54/244 brn\n|-heal|p2a: Trevenant|194/296|[from] drain|[of] p1a: Qwilfish\n|-damage|p2a: Trevenant|165/296|[from] item: Life Orb\n|\n|-damage|p1a: Qwilfish|39/244 brn|[from] brn\n|upkeep\n|turn|14\n|\n|t:|1782739944\n|switch|p1a: Kilowattrel|Kilowattrel, L83, M|252/252\n|move|p2a: Trevenant|Drain Punch|p1a: Kilowattrel\n|-resisted|p1a: Kilowattrel\n|-damage|p1a: Kilowattrel|212/252\n|-heal|p2a: Trevenant|185/296|[from] drain|[of] p1a: Kilowattrel\n|-damage|p2a: Trevenant|156/296|[from] item: Life Orb\n|\n|upkeep\n|turn|15\n|\n|t:|1782739953\n|switch|p2a: Excadrill|Excadrill, L79, M|173/303\n|-ability|p2a: Excadrill|Mold Breaker\n|move|p1a: Kilowattrel|U-turn|p2a: Excadrill\n|-resisted|p2a: Excadrill\n|-damage|p2a: Excadrill|144/303\n|\n|t:|1782739955\n|switch|p1a: Virizion|Virizion, L82|283/283|[from] U-turn\n|\n|-heal|p2a: Excadrill|162/303|[from] item: Leftovers\n|upkeep\n|turn|16\n|\n|t:|1782739960\n|switch|p2a: Dewgong|Dewgong, L94, F|80/322\n|move|p1a: Virizion|Swords Dance|p1a: Virizion\n|-boost|p1a: Virizion|atk|2\n|\n|upkeep\n|turn|17\n|\n|t:|1782739963\n|move|p1a: Virizion|Leaf Blade|p2a: Dewgong\n|-supereffective|p2a: Dewgong\n|-damage|p2a: Dewgong|0 fnt\n|faint|p2a: Dewgong\n|-damage|p1a: Virizion|255/283|[from] item: Life Orb\n|\n|upkeep\n|\n|t:|1782739970\n|switch|p2a: Zapdos|Zapdos, L78|268/268\n|turn|18\n|\n|t:|1782739977\n|switch|p2a: Trevenant|Trevenant, L89, F|156/296\n|-status|p2a: Trevenant|psn\n|-terastallize|p1a: Virizion|Rock\n|move|p1a: Virizion|Stone Edge|p2a: Trevenant\n|-damage|p2a: Trevenant|0 fnt\n|faint|p2a: Trevenant\n|-damage|p1a: Virizion|227/283|[from] item: Life Orb\n|\n|upkeep\n|\n|t:|1782739986\n|switch|p2a: Dedenne|Dedenne, L88, F|261/261\n|-status|p2a: Dedenne|psn\n|turn|19\n|\n|t:|1782739993\n|move|p2a: Dedenne|Dazzling Gleam|p1a: Virizion\n|-damage|p1a: Virizion|160/283\n|move|p1a: Virizion|Leaf Blade|p2a: Dedenne\n|-damage|p2a: Dedenne|0 fnt\n|faint|p2a: Dedenne\n|-damage|p1a: Virizion|132/283|[from] item: Life Orb\n|\n|upkeep\n|\n|t:|1782740014\n|switch|p2a: Zapdos|Zapdos, L78|268/268\n|turn|20\n|\n|t:|1782740022\n|-terastallize|p2a: Zapdos|Steel\n|move|p1a: Virizion|Close Combat|p2a: Zapdos\n|-supereffective|p2a: Zapdos\n|-damage|p2a: Zapdos|0 fnt\n|-unboost|p1a: Virizion|def|1\n|-unboost|p1a: Virizion|spd|1\n|faint|p2a: Zapdos\n|-damage|p1a: Virizion|104/283|[from] item: Life Orb\n|\n|upkeep\n|c|\u2606ban Freezai|ez\n|c|\u2606ban Freezai|gg\n|\n|t:|1782740028\n|switch|p2a: Mamoswine|Mamoswine, L81, M|311/311\n|-status|p2a: Mamoswine|psn\n|turn|21\n|\n|t:|1782740032\n|move|p1a: Virizion|Close Combat|p2a: Mamoswine\n|-supereffective|p2a: Mamoswine\n|-damage|p2a: Mamoswine|0 fnt\n|-unboost|p1a: Virizion|def|1\n|-unboost|p1a: Virizion|spd|1\n|faint|p2a: Mamoswine\n|-damage|p1a: Virizion|76/283|[from] item: Life Orb\n|\n|upkeep\n|-message|IceColdAcer forfeited.\n|\n|win|ban Freezai\n", "inputlog": ">version f8ac14003a5f27e1bdc8d8c59608a773c1cb96e5\n>start {\"formatid\":\"gen9randombattle\",\"seed\":\"sodium,12b1537afc3aaa6ca407d1ef7b32f709\",\"rated\":\"Rated battle\"}\n>player p1 {\"name\":\"ban Freezai\",\"avatar\":\"1\",\"rating\":2249,\"seed\":\"sodium,323d4dc59668ec0b47339d7e3b794be4\"}\n>player p2 {\"name\":\"IceColdAcer\",\"avatar\":\"acetrainer\",\"rating\":2196,\"seed\":\"sodium,322245a60142fa0bb4c05f1b01b4eeda\"}\n>p1 switch 3\n>p2 move poltergeist\n>p1 move toxicspikes\n>p2 move willowisp\n>p1 move toxicspikes\n>p2 switch 4\n>p1 switch 2\n>p2 move swordsdance\n>p1 move energyball\n>p2 move rapidspin\n>p1 move dragontail\n>p2 move ironhead\n>p1 move energyball\n>p2 move icebeam\n>p1 switch 6\n>p1 move discharge\n>p2 switch 5\n>p1 move uturn\n>p2 move swordsdance\n>p1 switch 5\n>p1 move swordsdance\n>p2 switch 4\n>p1 switch 2\n>p2 move willowisp\n>p1 move crunch\n>p2 move drainpunch\n>p1 move toxicspikes\n>p2 move drainpunch\n>p1 switch 5\n>p2 move drainpunch\n>p1 move uturn\n>p2 switch 4\n>p1 switch 2\n>p1 move swordsdance\n>p2 switch 5\n>p1 move leafblade\n>p2 move icebeam\n>p2 switch 2\n>p1 move stoneedge terastallize\n>p2 switch 4\n>p2 switch 3\n>p1 move leafblade\n>p2 move dazzlinggleam\n>p2 switch 4\n>p1 move closecombat\n>p2 move discharge terastallize\n>chat \u2606ban Freezai|ez\n>chat \u2606ban Freezai|gg\n>p2 switch 6\n>p1 move closecombat\n>p2 move iciclecrash\n>forcelose p2", "uploadtime": 1782739820, "views": 5, "formatid": "gen9randombattle", "rating": null, "private": 0, "password": null, "player_dets": [{"name": "ban Freezai", "avatar": "1", "rating": 2249, "seed": "sodium,323d4dc59668ec0b47339d7e3b794be4"}, {"name": "IceColdAcer", "avatar": "acetrainer", "rating": 2196, "seed": "sodium,322245a60142fa0bb4c05f1b01b4eeda"}], "teams_full": [{"Eelektross": {"name": "Eelektross", "species": "Eelektross", "speciesId": "eelektross", "gender": "F", "shiny": false, "level": 87, "moves": ["firepunch", "coil", "drainpunch", "supercellslam"], "ability": "Levitate", "evs": {"hp": 85, "atk": 85, "def": 85, "spa": 85, "spd": 85, "spe": 85}, "ivs": {"hp": 31, "atk": 31, "def": 31, "spa": 31, "spd": 31, "spe": 31}, "item": "Leftovers", "teraType": "Fighting", "role": "Bulky Setup", "bvs": {"hp": 85, "atk": 115, "def": 80, "spa": 105, "spd": 80, "spe": 50}, "stats": {"hp": 290, "atk": 250, "def": 189, "spa": 232, "spd": 189, "spe": 137}, "types": ["Electric"]}, "Meganium": {"name": "Meganium", "species": "Meganium", "speciesId": "meganium", "gender": "F", "shiny": false, "level": 90, "moves": ["dragontail", "knockoff", "synthesis", "energyball"], "ability": "Overgrow", "evs": {"hp": 85, "atk": 85, "def": 85, "spa": 85, "spd": 85, "spe": 85}, "ivs": {"hp": 31, "atk": 31, "def": 31, "spa": 31, "spd": 31, "spe": 31}, "item": "Leftovers", "teraType": "Poison", "role": "Bulky Attacker", "bvs": {"hp": 80, "atk": 82, "def": 100, "spa": 83, "spd": 100, "spe": 80}, "stats": {"hp": 290, "atk": 199, "def": 231, "spa": 201, "spd": 231, "spe": 195}, "types": ["Grass"]}, "Qwilfish": {"name": "Qwilfish", "species": "Qwilfish-Hisui", "speciesId": "qwilfishhisui", "gender": "F", "shiny": false, "level": 83, "moves": ["spikes", "crunch", "gunkshot", "toxicspikes"], "ability": "Intimidate", "evs": {"hp": 85, "atk": 85, "def": 85, "spa": 85, "spd": 85, "spe": 85}, "ivs": {"hp": 31, "atk": 31, "def": 31, "spa": 31, "spd": 31, "spe": 31}, "item": "Eviolite", "teraType": "Poison", "role": "Bulky Support", "bvs": {"hp": 65, "atk": 95, "def": 85, "spa": 55, "spd": 55, "spe": 85}, "stats": {"hp": 244, "atk": 205, "def": 189, "spa": 139, "spd": 139, "spe": 189}, "types": ["Dark", "Poison"]}, "Politoed": {"name": "Politoed", "species": "Politoed", "speciesId": "politoed", "gender": "M", "shiny": false, "level": 88, "moves": ["surf", "rest", "haze", "icebeam"], "ability": "Drizzle", "evs": {"hp": 85, "atk": 0, "def": 85, "spa": 85, "spd": 85, "spe": 85}, "ivs": {"hp": 31, "atk": 0, "def": 31, "spa": 31, "spd": 31, "spe": 31}, "item": "Chesto Berry", "teraType": "Steel", "role": "Bulky Attacker", "bvs": {"hp": 90, "atk": 75, "def": 75, "spa": 90, "spd": 100, "spe": 70}, "stats": {"hp": 302, "atk": 137, "def": 182, "spa": 209, "spd": 226, "spe": 173}, "types": ["Water"]}, "Virizion": {"name": "Virizion", "species": "Virizion", "speciesId": "virizion", "gender": "N", "shiny": false, "level": 82, "moves": ["closecombat", "leafblade", "swordsdance", "stoneedge"], "ability": "Justified", "evs": {"hp": 85, "atk": 85, "def": 85, "spa": 85, "spd": 85, "spe": 85}, "ivs": {"hp": 31, "atk": 31, "def": 31, "spa": 31, "spd": 31, "spe": 31}, "item": "Life Orb", "teraType": "Rock", "role": "Setup Sweeper", "bvs": {"hp": 91, "atk": 90, "def": 72, "spa": 90, "spd": 129, "spe": 108}, "stats": {"hp": 283, "atk": 195, "def": 165, "spa": 195, "spd": 259, "spe": 224}, "types": ["Grass", "Fighting"]}, "Kilowattrel": {"name": "Kilowattrel", "species": "Kilowattrel", "speciesId": "kilowattrel", "gender": "M", "shiny": false, "level": 83, "moves": ["hurricane", "discharge", "uturn", "roost"], "ability": "Volt Absorb", "evs": {"hp": 85, "atk": 85, "def": 85, "spa": 85, "spd": 85, "spe": 85}, "ivs": {"hp": 31, "atk": 31, "def": 31, "spa": 31, "spd": 31, "spe": 31}, "item": "Heavy-Duty Boots", "teraType": "Steel", "role": "Bulky Attacker", "bvs": {"hp": 70, "atk": 70, "def": 60, "spa": 105, "spd": 60, "spe": 125}, "stats": {"hp": 252, "atk": 164, "def": 147, "spa": 222, "spd": 147, "spe": 255}, "types": ["Electric", "Flying"]}}, {"Trevenant": {"name": "Trevenant", "species": "Trevenant", "speciesId": "trevenant", "gender": "F", "shiny": false, "level": 89, "moves": ["willowisp", "poltergeist", "drainpunch", "woodhammer"], "ability": "Natural Cure", "evs": {"hp": 85, "atk": 85, "def": 85, "spa": 85, "spd": 85, "spe": 85}, "ivs": {"hp": 31, "atk": 31, "def": 31, "spa": 31, "spd": 31, "spe": 31}, "item": "Life Orb", "teraType": "Fighting", "role": "Wallbreaker", "bvs": {"hp": 85, "atk": 110, "def": 76, "spa": 65, "spd": 82, "spe": 56}, "stats": {"hp": 296, "atk": 247, "def": 186, "spa": 166, "spd": 197, "spe": 150}, "types": ["Ghost", "Grass"]}, "Zapdos": {"name": "Zapdos", "species": "Zapdos", "speciesId": "zapdos", "gender": "N", "shiny": false, "level": 78, "moves": ["heatwave", "roost", "discharge", "hurricane"], "ability": "Static", "evs": {"hp": 85, "atk": 0, "def": 85, "spa": 85, "spd": 85, "spe": 85}, "ivs": {"hp": 31, "atk": 0, "def": 31, "spa": 31, "spd": 31, "spe": 31}, "item": "Heavy-Duty Boots", "teraType": "Steel", "role": "Bulky Attacker", "bvs": {"hp": 90, "atk": 90, "def": 85, "spa": 125, "spd": 90, "spe": 100}, "stats": {"hp": 268, "atk": 145, "def": 178, "spa": 240, "spd": 185, "spe": 201}, "types": ["Electric", "Flying"]}, "Dedenne": {"name": "Dedenne", "species": "Dedenne", "speciesId": "dedenne", "gender": "F", "shiny": false, "level": 88, "moves": ["dazzlinggleam", "uturn", "nuzzle", "thunderbolt"], "ability": "Cheek Pouch", "evs": {"hp": 85, "atk": 85, "def": 85, "spa": 85, "spd": 85, "spe": 85}, "ivs": {"hp": 31, "atk": 31, "def": 31, "spa": 31, "spd": 31, "spe": 31}, "item": "Sitrus Berry", "teraType": "Flying", "role": "Fast Support", "bvs": {"hp": 67, "atk": 58, "def": 57, "spa": 81, "spd": 67, "spe": 101}, "stats": {"hp": 261, "atk": 152, "def": 151, "spa": 193, "spd": 168, "spe": 228}, "types": ["Electric", "Fairy"]}, "Excadrill": {"name": "Excadrill", "species": "Excadrill", "speciesId": "excadrill", "gender": "M", "shiny": false, "level": 79, "moves": ["swordsdance", "ironhead", "rapidspin", "earthquake"], "ability": "Mold Breaker", "evs": {"hp": 85, "atk": 85, "def": 85, "spa": 85, "spd": 85, "spe": 85}, "ivs": {"hp": 31, "atk": 31, "def": 31, "spa": 31, "spd": 31, "spe": 31}, "item": "Leftovers", "teraType": "Water", "role": "Bulky Setup", "bvs": {"hp": 110, "atk": 135, "def": 60, "spa": 50, "spd": 65, "spe": 88}, "stats": {"hp": 303, "atk": 259, "def": 140, "spa": 125, "spd": 148, "spe": 185}, "types": ["Ground", "Steel"]}, "Dewgong": {"name": "Dewgong", "species": "Dewgong", "speciesId": "dewgong", "gender": "F", "shiny": false, "level": 94, "moves": ["encore", "surf", "icebeam", "knockoff"], "ability": "Thick Fat", "evs": {"hp": 85, "atk": 85, "def": 85, "spa": 85, "spd": 85, "spe": 85}, "ivs": {"hp": 31, "atk": 31, "def": 31, "spa": 31, "spd": 31, "spe": 31}, "item": "Heavy-Duty Boots", "teraType": "Dragon", "role": "Bulky Support", "bvs": {"hp": 90, "atk": 70, "def": 80, "spa": 70, "spd": 95, "spe": 70}, "stats": {"hp": 322, "atk": 185, "def": 204, "spa": 185, "spd": 232, "spe": 185}, "types": ["Water", "Ice"]}, "Mamoswine": {"name": "Mamoswine", "species": "Mamoswine", "speciesId": "mamoswine", "gender": "M", "shiny": false, "level": 81, "moves": ["iciclecrash", "iceshard", "earthquake", "knockoff"], "ability": "Thick Fat", "evs": {"hp": 85, "atk": 85, "def": 85, "spa": 85, "spd": 85, "spe": 85}, "ivs": {"hp": 31, "atk": 31, "def": 31, "spa": 31, "spd": 31, "spe": 31}, "item": "Choice Band", "teraType": "Ice", "role": "Wallbreaker", "bvs": {"hp": 110, "atk": 130, "def": 80, "spa": 70, "spd": 60, "spe": 80}, "stats": {"hp": 311, "atk": 257, "def": 176, "spa": 160, "spd": 144, "spe": 176}, "types": ["Ice", "Ground"]}}]}