{"id": "gen9randombattle-2641641456", "format": "[Gen 9] Random Battle", "players": ["BCena", "meme slurper"], "log": "|j|\u2606BCena\n|j|\u2606meme slurper\n|t:|1782823546\n|gametype|singles\n|player|p1|BCena|red|1930\n|player|p2|meme slurper|burglar|2012\n|gen|9\n|tier|[Gen 9] Random Battle\n|rated|\n|rule|Species Clause: Limit one of each Pok\u00e9mon\n|rule|HP Percentage Mod: HP is shown in percentages\n|rule|Sleep Clause Mod: Limit one foe put to sleep\n|rule|Illusion Level Mod: Illusion disguises the Pok\u00e9mon's true level\n|\n|t:|1782823546\n|teamsize|p1|6\n|teamsize|p2|6\n|start\n|switch|p1a: Golem|Golem-Alola, L93, M|300/300\n|switch|p2a: Whimsicott|Whimsicott, L84, M|238/238\n|turn|1\n|inactive|Battle timer is ON: inactive players will automatically lose when time's up. (requested by meme slurper)\n|\n|t:|1782823559\n|move|p2a: Whimsicott|U-turn|p1a: Golem\n|-damage|p1a: Golem|273/300\n|\n|t:|1782823566\n|switch|p2a: Camerupt|Camerupt, L91, M|275/275|[from] U-turn\n|move|p1a: Golem|Stone Edge|p2a: Camerupt\n|-damage|p2a: Camerupt|72/275\n|-damage|p1a: Golem|243/300|[from] item: Life Orb\n|\n|-heal|p2a: Camerupt|89/275|[from] item: Leftovers\n|upkeep\n|turn|2\n|\n|t:|1782823589\n|move|p1a: Golem|Earthquake|p2a: Camerupt\n|-supereffective|p2a: Camerupt\n|-damage|p2a: Camerupt|0 fnt\n|faint|p2a: Camerupt\n|-damage|p1a: Golem|213/300|[from] item: Life Orb\n|\n|upkeep\n|\n|t:|1782823592\n|switch|p2a: Clawitzer|Clawitzer, L87, M|265/265\n|turn|3\n|\n|t:|1782823609\n|switch|p1a: Overqwil|Overqwil, L82, F|274/274\n|-ability|p1a: Overqwil|Intimidate|boost\n|-unboost|p2a: Clawitzer|atk|1\n|move|p2a: Clawitzer|Water Pulse|p1a: Overqwil\n|-damage|p1a: Overqwil|117/274\n|\n|upkeep\n|turn|4\n|\n|t:|1782823617\n|move|p1a: Overqwil|Gunk Shot|p2a: Clawitzer|[miss]\n|-miss|p1a: Overqwil|p2a: Clawitzer\n|move|p2a: Clawitzer|Water Pulse|p1a: Overqwil\n|-damage|p1a: Overqwil|0 fnt\n|faint|p1a: Overqwil\n|\n|upkeep\n|\n|t:|1782823631\n|switch|p1a: Vikavolt|Vikavolt, L83, F|263/263\n|turn|5\n|\n|t:|1782823653\n|move|p2a: Clawitzer|Water Pulse|p1a: Vikavolt\n|-damage|p1a: Vikavolt|131/263\n|move|p1a: Vikavolt|Sticky Web|p2a: Clawitzer\n|-sidestart|p2: meme slurper|move: Sticky Web\n|\n|upkeep\n|turn|6\n|\n|t:|1782823656\n|move|p2a: Clawitzer|Water Pulse|p1a: Vikavolt\n|-damage|p1a: Vikavolt|0 fnt\n|faint|p1a: Vikavolt\n|\n|upkeep\n|\n|t:|1782823665\n|switch|p1a: Baxcalibur|Baxcalibur, L75, M|296/296\n|turn|7\n|\n|t:|1782823670\n|move|p1a: Baxcalibur|Dragon Dance|p1a: Baxcalibur\n|-boost|p1a: Baxcalibur|atk|1\n|-boost|p1a: Baxcalibur|spe|1\n|move|p2a: Clawitzer|Dragon Pulse|p1a: Baxcalibur\n|-supereffective|p1a: Baxcalibur\n|-damage|p1a: Baxcalibur|60/296\n|\n|upkeep\n|turn|8\n|\n|t:|1782823673\n|move|p1a: Baxcalibur|Glaive Rush|p2a: Clawitzer\n|-damage|p2a: Clawitzer|54/265\n|-singlemove|p1a: Baxcalibur|Glaive Rush|[silent]\n|move|p2a: Clawitzer|Dragon Pulse|p1a: Baxcalibur\n|-supereffective|p1a: Baxcalibur\n|-damage|p1a: Baxcalibur|0 fnt\n|faint|p1a: Baxcalibur\n|\n|upkeep\n|\n|t:|1782823680\n|switch|p1a: Lucario|Lucario, L84, M|255/255\n|turn|9\n|\n|t:|1782823683\n|move|p1a: Lucario|Meteor Mash|p2a: Clawitzer\n|-resisted|p2a: Clawitzer\n|-damage|p2a: Clawitzer|0 fnt\n|faint|p2a: Clawitzer\n|\n|upkeep\n|\n|t:|1782823690\n|switch|p2a: Arcanine|Arcanine, L84, M|288/288\n|-ability|p2a: Arcanine|Intimidate|boost\n|-unboost|p1a: Lucario|atk|1\n|turn|10\n|\n|t:|1782823697\n|switch|p1a: Torterra|Torterra, L78, M|276/276\n|move|p2a: Arcanine|Roar|p1a: Torterra\n|drag|p1a: Lucario|Lucario, L84, M|255/255\n|\n|upkeep\n|turn|11\n|\n|t:|1782823711\n|move|p2a: Arcanine|Flare Blitz|p1a: Lucario\n|-supereffective|p1a: Lucario\n|-damage|p1a: Lucario|0 fnt\n|faint|p1a: Lucario\n|-damage|p2a: Arcanine|204/288|[from] Recoil\n|\n|upkeep\n|\n|t:|1782823716\n|switch|p1a: Golem|Golem-Alola, L93, M|213/300\n|turn|12\n|\n|t:|1782823726\n|switch|p2a: Perrserker|Perrserker, L89, M|269/269\n|-activate|p2a: Perrserker|move: Sticky Web\n|-unboost|p2a: Perrserker|spe|1\n|move|p1a: Golem|Earthquake|p2a: Perrserker\n|-supereffective|p2a: Perrserker\n|-damage|p2a: Perrserker|45/269\n|-damage|p1a: Golem|183/300|[from] item: Life Orb\n|\n|upkeep\n|turn|13\n|\n|t:|1782823733\n|move|p1a: Golem|Double-Edge|p2a: Perrserker\n|-damage|p2a: Perrserker|0 fnt\n|faint|p2a: Perrserker\n|-damage|p1a: Golem|168/300|[from] Recoil\n|-damage|p1a: Golem|138/300|[from] item: Life Orb\n|\n|upkeep\n|\n|t:|1782823757\n|switch|p2a: Dipplin|Dipplin, L88, F|284/284\n|-activate|p2a: Dipplin|move: Sticky Web\n|-unboost|p2a: Dipplin|spe|1\n|turn|14\n|\n|t:|1782823761\n|move|p1a: Golem|Stone Edge|p2a: Dipplin\n|-crit|p2a: Dipplin\n|-damage|p2a: Dipplin|131/284\n|-damage|p1a: Golem|108/300|[from] item: Life Orb\n|move|p2a: Dipplin|Giga Drain|p1a: Golem\n|-supereffective|p1a: Golem\n|-damage|p1a: Golem|0 fnt\n|-heal|p2a: Dipplin|185/284|[from] drain|[of] p1a: Golem\n|faint|p1a: Golem\n|\n|upkeep\n|\n|t:|1782823764\n|switch|p1a: Torterra|Torterra, L78, M|276/276\n|turn|15\n|\n|t:|1782823775\n|move|p1a: Torterra|Shell Smash|p1a: Torterra\n|-unboost|p1a: Torterra|def|1\n|-unboost|p1a: Torterra|spd|1\n|-boost|p1a: Torterra|atk|2\n|-boost|p1a: Torterra|spa|2\n|-boost|p1a: Torterra|spe|2\n|move|p2a: Dipplin|Dragon Pulse|p1a: Torterra\n|-damage|p1a: Torterra|117/276\n|\n|upkeep\n|turn|16\n|\n|t:|1782823781\n|move|p1a: Torterra|Rock Blast|p2a: Dipplin|[miss]\n|-miss|p1a: Torterra|p2a: Dipplin\n|move|p2a: Dipplin|Giga Drain|p1a: Torterra\n|-damage|p1a: Torterra|0 fnt\n|-heal|p2a: Dipplin|244/284|[from] drain|[of] p1a: Torterra\n|faint|p1a: Torterra\n|\n|win|meme slurper\n", "inputlog": ">version f8ac14003a5f27e1bdc8d8c59608a773c1cb96e5\n>start {\"formatid\":\"gen9randombattle\",\"seed\":\"sodium,ec3853631d42a0d437b5bd596926b3c8\",\"rated\":\"Rated battle\"}\n>player p1 {\"name\":\"BCena\",\"avatar\":\"red\",\"rating\":1930,\"seed\":\"sodium,f23689851f5dd12d056017e0461a88e0\"}\n>player p2 {\"name\":\"meme slurper\",\"avatar\":\"burglar\",\"rating\":2012,\"seed\":\"sodium,69529801061ddf6701917bd0c8a6774a\"}\n>p1 move stoneedge\n>p2 move uturn\n>p2 switch 6\n>p1 move earthquake\n>p2 move willowisp\n>p2 switch 3\n>p1 switch 3\n>p2 move waterpulse\n>p1 move gunkshot\n>p2 move waterpulse\n>p1 switch 6\n>p1 move stickyweb\n>p2 move waterpulse\n>p1 move thunderbolt\n>p2 move waterpulse\n>p1 switch 4\n>p1 move dragondance\n>p2 move dragonpulse\n>p1 move glaiverush\n>p2 move dragonpulse\n>p1 switch 5\n>p1 move meteormash\n>p2 move waterpulse\n>p2 switch 5\n>p1 switch 2\n>p2 move roar\n>p1 move stoneedge\n>p2 move flareblitz\n>p1 switch 3\n>p1 move earthquake\n>p2 switch 4\n>p1 move doubleedge\n>p2 move closecombat\n>p2 switch 2\n>p1 move stoneedge\n>p2 move gigadrain\n>p1 switch 2\n>p1 move shellsmash\n>p2 move dragonpulse\n>p1 move rockblast\n>p2 move gigadrain", "uploadtime": 1782823547, "views": 6, "formatid": "gen9randombattle", "rating": null, "private": 0, "password": null, "player_dets": [{"name": "BCena", "avatar": "red", "rating": 1930, "seed": "sodium,f23689851f5dd12d056017e0461a88e0"}, {"name": "meme slurper", "avatar": "burglar", "rating": 2012, "seed": "sodium,69529801061ddf6701917bd0c8a6774a"}], "teams_full": [{"Golem": {"name": "Golem", "species": "Golem-Alola", "speciesId": "golemalola", "gender": "M", "shiny": false, "level": 93, "moves": ["rockpolish", "earthquake", "stoneedge", "doubleedge"], "ability": "Galvanize", "evs": {"hp": 85, "atk": 85, "def": 85, "spa": 85, "spd": 85, "spe": 85}, "ivs": {"hp": 31, "atk": 31, "def": 31, "spa": 31, "spd": 31, "spe": 31}, "item": "Life Orb", "teraType": "Flying", "role": "Setup Sweeper", "bvs": {"hp": 80, "atk": 120, "def": 130, "spa": 55, "spd": 65, "spe": 45}, "stats": {"hp": 300, "atk": 276, "def": 295, "spa": 155, "spd": 174, "spe": 137}, "types": ["Rock", "Electric"]}, "Torterra": {"name": "Torterra", "species": "Torterra", "speciesId": "torterra", "gender": "M", "shiny": false, "level": 78, "moves": ["shellsmash", "rockblast", "headlongrush", "bulletseed"], "ability": "Overgrow", "evs": {"hp": 85, "atk": 85, "def": 85, "spa": 85, "spd": 85, "spe": 85}, "ivs": {"hp": 31, "atk": 31, "def": 31, "spa": 31, "spd": 31, "spe": 31}, "item": "Loaded Dice", "teraType": "Ground", "role": "Setup Sweeper", "bvs": {"hp": 95, "atk": 109, "def": 105, "spa": 75, "spd": 85, "spe": 56}, "stats": {"hp": 276, "atk": 215, "def": 209, "spa": 162, "spd": 178, "spe": 132}, "types": ["Grass", "Ground"]}, "Overqwil": {"name": "Overqwil", "species": "Overqwil", "speciesId": "overqwil", "gender": "F", "shiny": false, "level": 82, "moves": ["aquajet", "gunkshot", "crunch", "liquidation"], "ability": "Intimidate", "evs": {"hp": 85, "atk": 85, "def": 85, "spa": 85, "spd": 85, "spe": 85}, "ivs": {"hp": 31, "atk": 31, "def": 31, "spa": 31, "spd": 31, "spe": 31}, "item": "Choice Band", "teraType": "Water", "role": "Fast Attacker", "bvs": {"hp": 85, "atk": 115, "def": 95, "spa": 65, "spd": 65, "spe": 85}, "stats": {"hp": 274, "atk": 236, "def": 203, "spa": 154, "spd": 154, "spe": 187}, "types": ["Dark", "Poison"]}, "Baxcalibur": {"name": "Baxcalibur", "species": "Baxcalibur", "speciesId": "baxcalibur", "gender": "M", "shiny": false, "level": 75, "moves": ["glaiverush", "earthquake", "dragondance", "iciclecrash"], "ability": "Thermal Exchange", "evs": {"hp": 85, "atk": 85, "def": 85, "spa": 85, "spd": 85, "spe": 85}, "ivs": {"hp": 31, "atk": 31, "def": 31, "spa": 31, "spd": 31, "spe": 31}, "item": "Heavy-Duty Boots", "teraType": "Ground", "role": "Setup Sweeper", "bvs": {"hp": 115, "atk": 145, "def": 92, "spa": 75, "spd": 86, "spe": 87}, "stats": {"hp": 296, "atk": 261, "def": 182, "spa": 156, "spd": 173, "spe": 174}, "types": ["Dragon", "Ice"]}, "Lucario": {"name": "Lucario", "species": "Lucario", "speciesId": "lucario", "gender": "M", "shiny": false, "level": 84, "moves": ["closecombat", "extremespeed", "meteormash", "stoneedge"], "ability": "Justified", "evs": {"hp": 85, "atk": 85, "def": 85, "spa": 85, "spd": 85, "spe": 85}, "ivs": {"hp": 31, "atk": 31, "def": 31, "spa": 31, "spd": 31, "spe": 31}, "item": "Choice Band", "teraType": "Normal", "role": "Fast Attacker", "bvs": {"hp": 70, "atk": 110, "def": 70, "spa": 115, "spd": 70, "spe": 90}, "stats": {"hp": 255, "atk": 233, "def": 166, "spa": 241, "spd": 166, "spe": 199}, "types": ["Fighting", "Steel"]}, "Vikavolt": {"name": "Vikavolt", "species": "Vikavolt", "speciesId": "vikavolt", "gender": "F", "shiny": false, "level": 83, "moves": ["stickyweb", "energyball", "bugbuzz", "thunderbolt"], "ability": "Levitate", "evs": {"hp": 85, "atk": 0, "def": 85, "spa": 85, "spd": 85, "spe": 85}, "ivs": {"hp": 31, "atk": 0, "def": 31, "spa": 31, "spd": 31, "spe": 31}, "item": "Heavy-Duty Boots", "teraType": "Electric", "role": "Bulky Support", "bvs": {"hp": 77, "atk": 70, "def": 90, "spa": 145, "spd": 75, "spe": 43}, "stats": {"hp": 263, "atk": 121, "def": 197, "spa": 288, "spd": 172, "spe": 119}, "types": ["Bug", "Electric"]}}, {"Whimsicott": {"name": "Whimsicott", "species": "Whimsicott", "speciesId": "whimsicott", "gender": "M", "shiny": false, "level": 84, "moves": ["stunspore", "gigadrain", "uturn", "moonblast"], "ability": "Prankster", "evs": {"hp": 85, "atk": 85, "def": 85, "spa": 85, "spd": 85, "spe": 85}, "ivs": {"hp": 31, "atk": 31, "def": 31, "spa": 31, "spd": 31, "spe": 31}, "item": "Heavy-Duty Boots", "teraType": "Steel", "role": "Fast Support", "bvs": {"hp": 60, "atk": 67, "def": 85, "spa": 77, "spd": 75, "spe": 116}, "stats": {"hp": 238, "atk": 161, "def": 191, "spa": 178, "spd": 174, "spe": 243}, "types": ["Grass", "Fairy"]}, "Dipplin": {"name": "Dipplin", "species": "Dipplin", "speciesId": "dipplin", "gender": "F", "shiny": false, "level": 88, "moves": ["recover", "dragontail", "dragonpulse", "gigadrain"], "ability": "Sticky Hold", "evs": {"hp": 85, "atk": 85, "def": 85, "spa": 85, "spd": 85, "spe": 85}, "ivs": {"hp": 31, "atk": 31, "def": 31, "spa": 31, "spd": 31, "spe": 31}, "item": "Eviolite", "teraType": "Steel", "role": "Bulky Attacker", "bvs": {"hp": 80, "atk": 80, "def": 110, "spa": 95, "spd": 80, "spe": 40}, "stats": {"hp": 284, "atk": 191, "def": 244, "spa": 217, "spd": 191, "spe": 121}, "types": ["Grass", "Dragon"]}, "Clawitzer": {"name": "Clawitzer", "species": "Clawitzer", "speciesId": "clawitzer", "gender": "M", "shiny": false, "level": 87, "moves": ["uturn", "dragonpulse", "darkpulse", "waterpulse"], "ability": "Mega Launcher", "evs": {"hp": 85, "atk": 85, "def": 85, "spa": 85, "spd": 85, "spe": 85}, "ivs": {"hp": 31, "atk": 31, "def": 31, "spa": 31, "spd": 31, "spe": 31}, "item": "Assault Vest", "teraType": "Dragon", "role": "AV Pivot", "bvs": {"hp": 71, "atk": 73, "def": 88, "spa": 120, "spd": 89, "spe": 59}, "stats": {"hp": 265, "atk": 177, "def": 203, "spa": 259, "spd": 205, "spe": 152}, "types": ["Water"]}, "Perrserker": {"name": "Perrserker", "species": "Perrserker", "speciesId": "perrserker", "gender": "M", "shiny": false, "level": 89, "moves": ["ironhead", "closecombat", "stealthrock", "uturn"], "ability": "Tough Claws", "evs": {"hp": 85, "atk": 85, "def": 85, "spa": 85, "spd": 85, "spe": 85}, "ivs": {"hp": 31, "atk": 31, "def": 31, "spa": 31, "spd": 31, "spe": 31}, "item": "Life Orb", "teraType": "Fighting", "role": "Fast Attacker", "bvs": {"hp": 70, "atk": 110, "def": 100, "spa": 50, "spd": 60, "spe": 50}, "stats": {"hp": 269, "atk": 247, "def": 229, "spa": 140, "spd": 158, "spe": 140}, "types": ["Steel"]}, "Arcanine": {"name": "Arcanine", "species": "Arcanine", "speciesId": "arcanine", "gender": "M", "shiny": false, "level": 84, "moves": ["morningsun", "flareblitz", "closecombat", "roar"], "ability": "Intimidate", "evs": {"hp": 85, "atk": 85, "def": 85, "spa": 85, "spd": 85, "spe": 85}, "ivs": {"hp": 31, "atk": 31, "def": 31, "spa": 31, "spd": 31, "spe": 31}, "item": "Heavy-Duty Boots", "teraType": "Fighting", "role": "Bulky Attacker", "bvs": {"hp": 90, "atk": 110, "def": 80, "spa": 100, "spd": 80, "spe": 95}, "stats": {"hp": 288, "atk": 233, "def": 183, "spa": 216, "spd": 183, "spe": 208}, "types": ["Fire"]}, "Camerupt": {"name": "Camerupt", "species": "Camerupt", "speciesId": "camerupt", "gender": "M", "shiny": false, "level": 91, "moves": ["willowisp", "roar", "earthquake", "overheat"], "ability": "Solid Rock", "evs": {"hp": 85, "atk": 85, "def": 85, "spa": 85, "spd": 85, "spe": 85}, "ivs": {"hp": 31, "atk": 31, "def": 31, "spa": 31, "spd": 31, "spe": 31}, "item": "Leftovers", "teraType": "Grass", "role": "Bulky Support", "bvs": {"hp": 70, "atk": 100, "def": 70, "spa": 105, "spd": 75, "spe": 40}, "stats": {"hp": 275, "atk": 234, "def": 179, "spa": 243, "spd": 188, "spe": 125}, "types": ["Fire", "Ground"]}}]}