{"id": "gen9randombattle-2641465962", "format": "[Gen 9] Random Battle", "players": ["laundry bias", "kroolkong"], "log": "|j|\u2606laundry bias\n|j|\u2606kroolkong\n|t:|1782789100\n|gametype|singles\n|player|p1|laundry bias|101|2116\n|player|p2|kroolkong|dawn|2065\n|gen|9\n|tier|[Gen 9] Random Battle\n|rated|\n|rule|Species Clause: Limit one of each Pok\u00e9mon\n|rule|HP Percentage Mod: HP is shown in percentages\n|rule|Sleep Clause Mod: Limit one foe put to sleep\n|rule|Illusion Level Mod: Illusion disguises the Pok\u00e9mon's true level\n|\n|t:|1782789100\n|teamsize|p1|6\n|teamsize|p2|6\n|start\n|switch|p1a: Ursaring|Ursaring, L84, M|288/288\n|switch|p2a: Vikavolt|Vikavolt, L83, M|263/263\n|turn|1\n|inactive|Battle timer is ON: inactive players will automatically lose when time's up. (requested by kroolkong)\n|\n|t:|1782789110\n|switch|p1a: Cyclizar|Cyclizar, L83, M|252/252\n|move|p2a: Vikavolt|Sticky Web|p1a: Cyclizar\n|-sidestart|p1: laundry bias|move: Sticky Web\n|\n|upkeep\n|turn|2\n|\n|t:|1782789113\n|switch|p2a: Sableye|Sableye, L88, M|231/231\n|move|p1a: Cyclizar|Rapid Spin|p2a: Sableye\n|-immune|p2a: Sableye\n|\n|upkeep\n|turn|3\n|\n|t:|1782789125\n|switch|p1a: Dachsbun|Dachsbun, L92, F|254/254\n|-activate|p1a: Dachsbun|move: Sticky Web\n|-unboost|p1a: Dachsbun|spe|1\n|move|p2a: Sableye|Thunder Wave|p1a: Dachsbun\n|-status|p1a: Dachsbun|par\n|\n|upkeep\n|turn|4\n|\n|t:|1782789134\n|switch|p2a: Coalossal|Coalossal, L89, F|341/341\n|move|p1a: Dachsbun|Play Rough|p2a: Coalossal\n|-resisted|p2a: Coalossal\n|-crit|p2a: Coalossal\n|-damage|p2a: Coalossal|282/341\n|\n|upkeep\n|turn|5\n|\n|t:|1782789142\n|move|p2a: Coalossal|Stone Edge|p1a: Dachsbun\n|-damage|p1a: Dachsbun|172/254 par\n|move|p1a: Dachsbun|Wish|p1a: Dachsbun\n|\n|-heal|p1a: Dachsbun|187/254 par|[from] item: Leftovers\n|upkeep\n|turn|6\n|\n|t:|1782789152\n|switch|p1a: Cyclizar|Cyclizar, L83, M|252/252\n|move|p2a: Coalossal|Spikes|p1a: Cyclizar\n|-sidestart|p1: laundry bias|Spikes\n|\n|upkeep\n|turn|7\n|\n|t:|1782789160\n|move|p1a: Cyclizar|Shed Tail|p1a: Cyclizar\n|-start|p1a: Cyclizar|Substitute|[from] move: Shed Tail\n|-damage|p1a: Cyclizar|126/252\n|\n|t:|1782789167\n|switch|p1a: Dachsbun|Dachsbun, L92, F|187/254 par|[from] Shed Tail\n|-activate|p1a: Dachsbun|move: Sticky Web\n|-unboost|p1a: Dachsbun|spe|1\n|-damage|p1a: Dachsbun|156/254 par|[from] Spikes\n|move|p2a: Coalossal|Stone Edge|p1a: Dachsbun\n|-crit|p1a: Dachsbun\n|-end|p1a: Dachsbun|Substitute\n|\n|-heal|p1a: Dachsbun|171/254 par|[from] item: Leftovers\n|upkeep\n|turn|8\n|\n|t:|1782789173\n|move|p2a: Coalossal|Stone Edge|p1a: Dachsbun\n|-damage|p1a: Dachsbun|93/254 par\n|move|p1a: Dachsbun|Wish|p1a: Dachsbun\n|\n|-heal|p1a: Dachsbun|108/254 par|[from] item: Leftovers\n|upkeep\n|turn|9\n|\n|t:|1782789178\n|move|p2a: Coalossal|Stone Edge|p1a: Dachsbun\n|-damage|p1a: Dachsbun|35/254 par\n|cant|p1a: Dachsbun|par\n|\n|-heal|p1a: Dachsbun|162/254 par|[from] move: Wish|[wisher] Dachsbun\n|-heal|p1a: Dachsbun|177/254 par|[from] item: Leftovers\n|upkeep\n|turn|10\n|\n|t:|1782789183\n|move|p2a: Coalossal|Stone Edge|p1a: Dachsbun\n|-damage|p1a: Dachsbun|93/254 par\n|cant|p1a: Dachsbun|par\n|\n|-heal|p1a: Dachsbun|108/254 par|[from] item: Leftovers\n|upkeep\n|turn|11\n|\n|t:|1782789187\n|move|p2a: Coalossal|Stone Edge|p1a: Dachsbun\n|-damage|p1a: Dachsbun|29/254 par\n|move|p1a: Dachsbun|Wish|p1a: Dachsbun\n|\n|-heal|p1a: Dachsbun|44/254 par|[from] item: Leftovers\n|upkeep\n|turn|12\n|\n|t:|1782789191\n|move|p1a: Dachsbun|Protect|p1a: Dachsbun\n|-singleturn|p1a: Dachsbun|Protect\n|move|p2a: Coalossal|Stone Edge|p1a: Dachsbun\n|-activate|p1a: Dachsbun|move: Protect\n|\n|-heal|p1a: Dachsbun|171/254 par|[from] move: Wish|[wisher] Dachsbun\n|-heal|p1a: Dachsbun|186/254 par|[from] item: Leftovers\n|upkeep\n|turn|13\n|\n|t:|1782789196\n|move|p2a: Coalossal|Spikes|p1a: Dachsbun\n|-sidestart|p1: laundry bias|Spikes\n|move|p1a: Dachsbun|Wish|p1a: Dachsbun\n|\n|-heal|p1a: Dachsbun|201/254 par|[from] item: Leftovers\n|upkeep\n|turn|14\n|\n|t:|1782789202\n|move|p2a: Coalossal|Spikes|p1a: Dachsbun\n|-sidestart|p1: laundry bias|Spikes\n|move|p1a: Dachsbun|Yawn|p2a: Coalossal\n|-start|p2a: Coalossal|move: Yawn|[of] p1a: Dachsbun\n|\n|-heal|p1a: Dachsbun|254/254 par|[from] move: Wish|[wisher] Dachsbun\n|upkeep\n|turn|15\n|\n|t:|1782789215\n|switch|p2a: Magearna|Magearna, L77|250/250\n|move|p1a: Dachsbun|Play Rough|p2a: Magearna\n|-resisted|p2a: Magearna\n|-damage|p2a: Magearna|206/250\n|\n|-heal|p2a: Magearna|221/250|[from] item: Leftovers\n|upkeep\n|turn|16\n|\n|t:|1782789229\n|switch|p1a: Scizor|Scizor, L79, M|240/240\n|-activate|p1a: Scizor|move: Sticky Web\n|-unboost|p1a: Scizor|spe|1\n|-damage|p1a: Scizor|180/240|[from] Spikes\n|move|p2a: Magearna|Flash Cannon|p1a: Scizor\n|-resisted|p1a: Scizor\n|-damage|p1a: Scizor|131/240\n|\n|-heal|p2a: Magearna|236/250|[from] item: Leftovers\n|upkeep\n|turn|17\n|\n|t:|1782789247\n|switch|p2a: Coalossal|Coalossal, L89, F|282/341\n|move|p1a: Scizor|Close Combat|p2a: Coalossal\n|-supereffective|p2a: Coalossal\n|-damage|p2a: Coalossal|108/341\n|-unboost|p1a: Scizor|def|1\n|-unboost|p1a: Scizor|spd|1\n|-damage|p1a: Scizor|107/240|[from] item: Life Orb\n|\n|upkeep\n|turn|18\n|\n|t:|1782789255\n|switch|p1a: Dachsbun|Dachsbun, L92, F|254/254 par\n|-activate|p1a: Dachsbun|move: Sticky Web\n|-unboost|p1a: Dachsbun|spe|1\n|-damage|p1a: Dachsbun|191/254 par|[from] Spikes\n|move|p2a: Coalossal|Rapid Spin|p1a: Dachsbun\n|-damage|p1a: Dachsbun|166/254 par\n|-boost|p2a: Coalossal|spe|1\n|\n|-heal|p1a: Dachsbun|181/254 par|[from] item: Leftovers\n|upkeep\n|turn|19\n|\n|t:|1782789261\n|move|p2a: Coalossal|Rapid Spin|p1a: Dachsbun\n|-damage|p1a: Dachsbun|157/254 par\n|-boost|p2a: Coalossal|spe|1\n|cant|p1a: Dachsbun|par\n|\n|-heal|p1a: Dachsbun|172/254 par|[from] item: Leftovers\n|upkeep\n|turn|20\n|\n|t:|1782789278\n|switch|p2a: Magearna|Magearna, L77|236/250\n|move|p1a: Dachsbun|Wish|p1a: Dachsbun\n|\n|-heal|p2a: Magearna|250/250|[from] item: Leftovers\n|-heal|p1a: Dachsbun|187/254 par|[from] item: Leftovers\n|upkeep\n|turn|21\n|\n|t:|1782789302\n|switch|p1a: Scizor|Scizor, L79, M|107/240\n|-activate|p1a: Scizor|move: Sticky Web\n|-unboost|p1a: Scizor|spe|1\n|-damage|p1a: Scizor|47/240|[from] Spikes\n|move|p2a: Magearna|Flash Cannon|p1a: Scizor\n|-resisted|p1a: Scizor\n|-damage|p1a: Scizor|0 fnt\n|faint|p1a: Scizor\n|-ability|p2a: Magearna|Soul-Heart|boost\n|-boost|p2a: Magearna|spa|1\n|\n|upkeep\n|\n|t:|1782789316\n|switch|p1a: Cyclizar|Cyclizar, L83, M|210/252\n|turn|22\n|\n|t:|1782789319\n|switch|p2a: Sableye|Sableye, L88, M|231/231\n|move|p1a: Cyclizar|Rapid Spin|p2a: Sableye\n|-immune|p2a: Sableye\n|\n|upkeep\n|turn|23\n|-message|laundry bias forfeited.\n|\n|win|kroolkong\n", "inputlog": ">version f8ac14003a5f27e1bdc8d8c59608a773c1cb96e5\n>start {\"formatid\":\"gen9randombattle\",\"seed\":\"sodium,9b91b7a7ab154f824723b1c676f79a95\",\"rated\":\"Rated battle\"}\n>player p1 {\"name\":\"laundry bias\",\"avatar\":\"101\",\"rating\":2116,\"seed\":\"sodium,41c0124db548775eb1240c01ffce48dd\"}\n>player p2 {\"name\":\"kroolkong\",\"avatar\":\"dawn\",\"rating\":2065,\"seed\":\"sodium,b63e7925f492c3fc4b628a92c449a8ec\"}\n>p1 switch 6\n>p2 move stickyweb\n>p1 move rapidspin\n>p2 switch 5\n>p1 switch 3\n>p2 move thunderwave\n>p1 move playrough\n>p2 switch 3\n>p1 move wish\n>p2 move stoneedge\n>p1 switch 3\n>p2 move spikes\n>p1 move shedtail\n>p2 move stoneedge\n>p1 switch 3\n>p1 move wish\n>p2 move stoneedge\n>p1 move yawn\n>p2 move stoneedge\n>p1 move wish\n>p2 move stoneedge\n>p1 move wish\n>p2 move stoneedge\n>p1 move protect\n>p2 move stoneedge\n>p1 move wish\n>p2 move spikes\n>p1 move yawn\n>p2 move spikes\n>p1 move playrough\n>p2 switch 6\n>p1 switch 2\n>p2 move flashcannon\n>p1 move closecombat\n>p2 switch 6\n>p1 switch 2\n>p2 move rapidspin\n>p1 move wish\n>p2 move rapidspin\n>p1 move wish\n>p2 switch 6\n>p1 switch 2\n>p2 move flashcannon\n>p1 switch 3\n>p1 move rapidspin\n>p2 switch 3\n>forcelose p1", "uploadtime": 1782789103, "views": 10, "formatid": "gen9randombattle", "rating": null, "private": 0, "password": null, "player_dets": [{"name": "laundry bias", "avatar": "101", "rating": 2116, "seed": "sodium,41c0124db548775eb1240c01ffce48dd"}, {"name": "kroolkong", "avatar": "dawn", "rating": 2065, "seed": "sodium,b63e7925f492c3fc4b628a92c449a8ec"}], "teams_full": [{"Ursaring": {"name": "Ursaring", "species": "Ursaring", "speciesId": "ursaring", "gender": "M", "shiny": false, "level": 84, "moves": ["swordsdance", "closecombat", "throatchop", "facade"], "ability": "Quick Feet", "evs": {"hp": 85, "atk": 85, "def": 85, "spa": 85, "spd": 85, "spe": 85}, "ivs": {"hp": 31, "atk": 31, "def": 31, "spa": 31, "spd": 31, "spe": 31}, "item": "Toxic Orb", "teraType": "Normal", "role": "Setup Sweeper", "bvs": {"hp": 90, "atk": 130, "def": 75, "spa": 75, "spd": 75, "spe": 55}, "stats": {"hp": 288, "atk": 267, "def": 174, "spa": 174, "spd": 174, "spe": 141}, "types": ["Normal"]}, "Scizor": {"name": "Scizor", "species": "Scizor", "speciesId": "scizor", "gender": "M", "shiny": false, "level": 79, "moves": ["bulletpunch", "closecombat", "swordsdance", "bugbite"], "ability": "Technician", "evs": {"hp": 85, "atk": 85, "def": 85, "spa": 85, "spd": 85, "spe": 85}, "ivs": {"hp": 31, "atk": 31, "def": 31, "spa": 31, "spd": 31, "spe": 31}, "item": "Life Orb", "teraType": "Steel", "role": "Setup Sweeper", "bvs": {"hp": 70, "atk": 130, "def": 100, "spa": 55, "spd": 80, "spe": 65}, "stats": {"hp": 240, "atk": 251, "def": 204, "spa": 132, "spd": 172, "spe": 148}, "types": ["Bug", "Steel"]}, "Dachsbun": {"name": "Dachsbun", "species": "Dachsbun", "speciesId": "dachsbun", "gender": "F", "shiny": false, "level": 92, "moves": ["playrough", "protect", "yawn", "wish"], "ability": "Well-Baked Body", "evs": {"hp": 85, "atk": 85, "def": 85, "spa": 85, "spd": 85, "spe": 85}, "ivs": {"hp": 31, "atk": 31, "def": 31, "spa": 31, "spd": 31, "spe": 31}, "item": "Leftovers", "teraType": "Steel", "role": "Bulky Support", "bvs": {"hp": 57, "atk": 80, "def": 115, "spa": 50, "spd": 80, "spe": 95}, "stats": {"hp": 254, "atk": 200, "def": 264, "spa": 144, "spd": 200, "spe": 227}, "types": ["Fairy"]}, "Meowscarada": {"name": "Meowscarada", "species": "Meowscarada", "speciesId": "meowscarada", "gender": "M", "shiny": false, "level": 78, "moves": ["knockoff", "toxicspikes", "flowertrick", "tripleaxel"], "ability": "Protean", "evs": {"hp": 85, "atk": 85, "def": 85, "spa": 85, "spd": 85, "spe": 85}, "ivs": {"hp": 31, "atk": 31, "def": 31, "spa": 31, "spd": 31, "spe": 31}, "item": "Life Orb", "teraType": "Dark", "role": "Fast Support", "bvs": {"hp": 76, "atk": 110, "def": 70, "spa": 81, "spd": 70, "spe": 123}, "stats": {"hp": 247, "atk": 217, "def": 154, "spa": 171, "spd": 154, "spe": 237}, "types": ["Grass", "Dark"]}, "Slither Wing": {"name": "Slither Wing", "species": "Slither Wing", "speciesId": "slitherwing", "gender": "N", "shiny": false, "level": 81, "moves": ["closecombat", "willowisp", "morningsun", "uturn"], "ability": "Protosynthesis", "evs": {"hp": 85, "atk": 85, "def": 85, "spa": 85, "spd": 85, "spe": 85}, "ivs": {"hp": 31, "atk": 31, "def": 31, "spa": 31, "spd": 31, "spe": 31}, "item": "Heavy-Duty Boots", "teraType": "Steel", "role": "Fast Support", "bvs": {"hp": 85, "atk": 135, "def": 79, "spa": 85, "spd": 105, "spe": 81}, "stats": {"hp": 270, "atk": 265, "def": 175, "spa": 184, "spd": 217, "spe": 178}, "types": ["Bug", "Fighting"]}, "Cyclizar": {"name": "Cyclizar", "species": "Cyclizar", "speciesId": "cyclizar", "gender": "M", "shiny": false, "level": 83, "moves": ["knockoff", "shedtail", "rapidspin", "dracometeor"], "ability": "Regenerator", "evs": {"hp": 85, "atk": 85, "def": 85, "spa": 85, "spd": 85, "spe": 85}, "ivs": {"hp": 31, "atk": 31, "def": 31, "spa": 31, "spd": 31, "spe": 31}, "item": "Heavy-Duty Boots", "teraType": "Ghost", "role": "Fast Support", "bvs": {"hp": 70, "atk": 95, "def": 65, "spa": 85, "spd": 65, "spe": 121}, "stats": {"hp": 252, "atk": 205, "def": 156, "spa": 189, "spd": 156, "spe": 249}, "types": ["Dragon", "Normal"]}}, {"Vikavolt": {"name": "Vikavolt", "species": "Vikavolt", "speciesId": "vikavolt", "gender": "M", "shiny": false, "level": 83, "moves": ["thunderbolt", "bugbuzz", "stickyweb", "voltswitch"], "ability": "Levitate", "evs": {"hp": 85, "atk": 0, "def": 85, "spa": 85, "spd": 85, "spe": 85}, "ivs": {"hp": 31, "atk": 0, "def": 31, "spa": 31, "spd": 31, "spe": 31}, "item": "Heavy-Duty Boots", "teraType": "Electric", "role": "Bulky Support", "bvs": {"hp": 77, "atk": 70, "def": 90, "spa": 145, "spd": 75, "spe": 43}, "stats": {"hp": 263, "atk": 121, "def": 197, "spa": 288, "spd": 172, "spe": 119}, "types": ["Bug", "Electric"]}, "Whimsicott": {"name": "Whimsicott", "species": "Whimsicott", "speciesId": "whimsicott", "gender": "M", "shiny": false, "level": 84, "moves": ["stunspore", "uturn", "moonblast", "gigadrain"], "ability": "Prankster", "evs": {"hp": 85, "atk": 85, "def": 85, "spa": 85, "spd": 85, "spe": 85}, "ivs": {"hp": 31, "atk": 31, "def": 31, "spa": 31, "spd": 31, "spe": 31}, "item": "Heavy-Duty Boots", "teraType": "Poison", "role": "Fast Support", "bvs": {"hp": 60, "atk": 67, "def": 85, "spa": 77, "spd": 75, "spe": 116}, "stats": {"hp": 238, "atk": 161, "def": 191, "spa": 178, "spd": 174, "spe": 243}, "types": ["Grass", "Fairy"]}, "Coalossal": {"name": "Coalossal", "species": "Coalossal", "speciesId": "coalossal", "gender": "F", "shiny": false, "level": 89, "moves": ["stoneedge", "rapidspin", "spikes", "overheat"], "ability": "Flame Body", "evs": {"hp": 85, "atk": 85, "def": 85, "spa": 85, "spd": 85, "spe": 85}, "ivs": {"hp": 31, "atk": 31, "def": 31, "spa": 31, "spd": 31, "spe": 31}, "item": "Heavy-Duty Boots", "teraType": "Water", "role": "Bulky Support", "bvs": {"hp": 110, "atk": 80, "def": 120, "spa": 80, "spd": 90, "spe": 30}, "stats": {"hp": 341, "atk": 193, "def": 264, "spa": 193, "spd": 211, "spe": 104}, "types": ["Rock", "Fire"]}, "Indeedee": {"name": "Indeedee", "species": "Indeedee", "speciesId": "indeedee", "gender": "M", "shiny": false, "level": 84, "moves": ["hypervoice", "expandingforce", "calmmind", "dazzlinggleam"], "ability": "Psychic Surge", "evs": {"hp": 85, "atk": 0, "def": 85, "spa": 85, "spd": 85, "spe": 85}, "ivs": {"hp": 31, "atk": 0, "def": 31, "spa": 31, "spd": 31, "spe": 31}, "item": "Life Orb", "teraType": "Psychic", "role": "Fast Attacker", "bvs": {"hp": 60, "atk": 65, "def": 55, "spa": 105, "spd": 95, "spe": 95}, "stats": {"hp": 238, "atk": 114, "def": 141, "spa": 225, "spd": 208, "spe": 208}, "types": ["Psychic", "Normal"]}, "Sableye": {"name": "Sableye", "species": "Sableye", "speciesId": "sableye", "gender": "M", "shiny": false, "level": 88, "moves": ["recover", "thunderwave", "knockoff", "encore"], "ability": "Prankster", "evs": {"hp": 85, "atk": 85, "def": 85, "spa": 85, "spd": 85, "spe": 85}, "ivs": {"hp": 31, "atk": 31, "def": 31, "spa": 31, "spd": 31, "spe": 31}, "item": "Leftovers", "teraType": "Poison", "role": "Bulky Support", "bvs": {"hp": 50, "atk": 75, "def": 75, "spa": 65, "spd": 65, "spe": 50}, "stats": {"hp": 231, "atk": 182, "def": 182, "spa": 165, "spd": 165, "spe": 138}, "types": ["Dark", "Ghost"]}, "Magearna": {"name": "Magearna", "species": "Magearna", "speciesId": "magearna", "gender": "N", "shiny": false, "level": 77, "moves": ["thunderwave", "flashcannon", "aurasphere", "fleurcannon"], "ability": "Soul-Heart", "evs": {"hp": 85, "atk": 0, "def": 85, "spa": 85, "spd": 85, "spe": 85}, "ivs": {"hp": 31, "atk": 0, "def": 31, "spa": 31, "spd": 31, "spe": 31}, "item": "Leftovers", "teraType": "Fighting", "role": "Bulky Attacker", "bvs": {"hp": 80, "atk": 95, "def": 115, "spa": 130, "spd": 115, "spe": 65}, "stats": {"hp": 250, "atk": 151, "def": 222, "spa": 245, "spd": 222, "spe": 145}, "types": ["Steel", "Fairy"]}}]}