{"id": "gen9randombattle-2641566574", "format": "[Gen 9] Random Battle", "players": ["rosymo", "Jallu xd"], "log": "|j|\u2606rosymo\n|j|\u2606Jallu xd\n|t:|1782809473\n|gametype|singles\n|player|p1|rosymo|dawn|1933\n|player|p2|Jallu xd|169|1987\n|gen|9\n|tier|[Gen 9] Random Battle\n|rated|\n|rule|Species Clause: Limit one of each Pok\u00e9mon\n|rule|HP Percentage Mod: HP is shown in percentages\n|rule|Sleep Clause Mod: Limit one foe put to sleep\n|rule|Illusion Level Mod: Illusion disguises the Pok\u00e9mon's true level\n|\n|t:|1782809473\n|teamsize|p1|6\n|teamsize|p2|6\n|start\n|switch|p1a: Meowscarada|Meowscarada, L78, F|247/247\n|switch|p2a: Frosmoth|Frosmoth, L82, F|249/249\n|turn|1\n|inactive|Battle timer is ON: inactive players will automatically lose when time's up. (requested by Jallu xd)\n|inactive|rosymo has 120 seconds left.\n|\n|t:|1782809520\n|switch|p2a: Klefki|Klefki, L84, M|233/233\n|move|p1a: Meowscarada|Knock Off|p2a: Klefki\n|-start|p1a: Meowscarada|typechange|Dark|[from] ability: Protean\n|-resisted|p2a: Klefki\n|-damage|p2a: Klefki|158/233\n|-enditem|p2a: Klefki|Leftovers|[from] move: Knock Off|[of] p1a: Meowscarada\n|\n|upkeep\n|turn|2\n|\n|t:|1782809531\n|switch|p1a: Sandaconda|Sandaconda, L84, F|258/258\n|move|p2a: Klefki|Spikes|p1a: Sandaconda\n|-sidestart|p1: rosymo|Spikes\n|\n|upkeep\n|turn|3\n|\n|t:|1782809547\n|switch|p2a: Azelf|Azelf, L82|257/257\n|move|p1a: Sandaconda|Glare|p2a: Azelf\n|-status|p2a: Azelf|par\n|\n|upkeep\n|turn|4\n|\n|t:|1782809562\n|move|p1a: Sandaconda|Stealth Rock|p2a: Azelf\n|-sidestart|p2: Jallu xd|move: Stealth Rock\n|move|p2a: Azelf|Fire Blast|p1a: Sandaconda\n|-damage|p1a: Sandaconda|116/258\n|-damage|p2a: Azelf|232/257 par|[from] item: Life Orb\n|\n|-heal|p1a: Sandaconda|132/258|[from] item: Leftovers\n|upkeep\n|turn|5\n|\n|t:|1782809572\n|switch|p1a: Furret|Furret, L94, F|312/312\n|-damage|p1a: Furret|273/312|[from] Spikes\n|-item|p2a: Azelf|Life Orb|[from] ability: Frisk|[of] p1a: Furret\n|cant|p2a: Azelf|par\n|\n|upkeep\n|turn|6\n|\n|t:|1782809581\n|move|p1a: Furret|Knock Off|p2a: Azelf\n|-supereffective|p2a: Azelf\n|-damage|p2a: Azelf|0 fnt\n|-enditem|p2a: Azelf|Life Orb|[from] move: Knock Off|[of] p1a: Furret\n|faint|p2a: Azelf\n|\n|upkeep\n|\n|t:|1782809598\n|switch|p2a: Vikavolt|Vikavolt, L83, M|263/263\n|turn|7\n|\n|t:|1782809604\n|move|p1a: Furret|Knock Off|p2a: Vikavolt\n|-damage|p2a: Vikavolt|149/263\n|-enditem|p2a: Vikavolt|Heavy-Duty Boots|[from] move: Knock Off|[of] p1a: Furret\n|move|p2a: Vikavolt|Sticky Web|p1a: Furret\n|-sidestart|p1: rosymo|move: Sticky Web\n|\n|upkeep\n|turn|8\n|\n|t:|1782809609\n|move|p1a: Furret|Knock Off|p2a: Vikavolt\n|-damage|p2a: Vikavolt|76/263\n|move|p2a: Vikavolt|Discharge|p1a: Furret\n|-damage|p1a: Furret|123/312\n|\n|upkeep\n|turn|9\n|\n|t:|1782809614\n|move|p1a: Furret|Knock Off|p2a: Vikavolt\n|-damage|p2a: Vikavolt|0 fnt\n|faint|p2a: Vikavolt\n|\n|upkeep\n|\n|t:|1782809620\n|switch|p2a: Noivern|Noivern, L82, M|274/274\n|turn|10\n|\n|t:|1782809625\n|switch|p1a: Sandaconda|Sandaconda, L84, F|132/258\n|-damage|p1a: Sandaconda|100/258|[from] Spikes\n|-activate|p1a: Sandaconda|move: Sticky Web\n|-unboost|p1a: Sandaconda|spe|1\n|move|p2a: Noivern|Hurricane|p1a: Sandaconda|[miss]\n|-miss|p2a: Noivern|p1a: Sandaconda\n|\n|-heal|p1a: Sandaconda|116/258|[from] item: Leftovers\n|upkeep\n|turn|11\n|\n|t:|1782809631\n|move|p2a: Noivern|Hurricane|p1a: Sandaconda\n|-damage|p1a: Sandaconda|0 fnt\n|faint|p1a: Sandaconda\n|\n|upkeep\n|\n|t:|1782809646\n|switch|p1a: Delibird|Delibird, M|252/252\n|turn|12\n|\n|t:|1782809661\n|-terastallize|p2a: Noivern|Fire\n|move|p2a: Noivern|Flamethrower|p1a: Delibird\n|-supereffective|p1a: Delibird\n|-damage|p1a: Delibird|34/252\n|move|p1a: Delibird|Rapid Spin|p2a: Noivern\n|-damage|p2a: Noivern|236/274\n|-boost|p1a: Delibird|spe|1\n|-sideend|p1: rosymo|Spikes|[from] move: Rapid Spin|[of] p1a: Delibird\n|-sideend|p1: rosymo|Sticky Web|[from] move: Rapid Spin|[of] p1a: Delibird\n|\n|upkeep\n|turn|13\n|\n|t:|1782809667\n|move|p1a: Delibird|Brave Bird|p2a: Noivern\n|-damage|p2a: Noivern|110/274\n|-damage|p1a: Delibird|0 fnt|[from] Recoil\n|faint|p1a: Delibird\n|move|p2a: Noivern|Flamethrower|p1: Delibird|[notarget]\n|-fail|p2a: Noivern\n|\n|upkeep\n|\n|t:|1782809678\n|switch|p1a: Comfey|Comfey, L85, F|225/225\n|turn|14\n|\n|t:|1782809696\n|switch|p2a: Klefki|Klefki, L84, M|158/233\n|-damage|p2a: Klefki|144/233|[from] Stealth Rock\n|move|p1a: Comfey|Calm Mind|p1a: Comfey\n|-boost|p1a: Comfey|spa|1\n|-boost|p1a: Comfey|spd|1\n|\n|upkeep\n|turn|15\n|\n|t:|1782809698\n|move|p2a: Klefki|Thunder Wave|p1a: Comfey\n|-status|p1a: Comfey|par\n|move|p1a: Comfey|Calm Mind|p1a: Comfey\n|-boost|p1a: Comfey|spa|1\n|-boost|p1a: Comfey|spd|1\n|\n|upkeep\n|turn|16\n|\n|t:|1782809701\n|move|p2a: Klefki|Play Rough|p1a: Comfey\n|-damage|p1a: Comfey|138/225 par\n|move|p1a: Comfey|Calm Mind|p1a: Comfey\n|-boost|p1a: Comfey|spa|1\n|-boost|p1a: Comfey|spd|1\n|\n|-heal|p1a: Comfey|152/225 par|[from] item: Leftovers\n|upkeep\n|turn|17\n|\n|t:|1782809709\n|move|p2a: Klefki|Play Rough|p1a: Comfey\n|-damage|p1a: Comfey|68/225 par\n|move|p1a: Comfey|Calm Mind|p1a: Comfey\n|-boost|p1a: Comfey|spa|1\n|-boost|p1a: Comfey|spd|1\n|\n|-heal|p1a: Comfey|82/225 par|[from] item: Leftovers\n|upkeep\n|turn|18\n|\n|t:|1782809713\n|cant|p1a: Comfey|par\n|move|p2a: Klefki|Play Rough|p1a: Comfey\n|-damage|p1a: Comfey|0 fnt\n|faint|p1a: Comfey\n|\n|upkeep\n|\n|t:|1782809716\n|switch|p1a: Meowscarada|Meowscarada, L78, F|247/247\n|turn|19\n|-message|rosymo forfeited.\n|\n|win|Jallu xd\n", "inputlog": ">version f8ac14003a5f27e1bdc8d8c59608a773c1cb96e5\n>start {\"formatid\":\"gen9randombattle\",\"seed\":\"sodium,71361a00eeb0dcc5f0743b45f6848b91\",\"rated\":\"Rated battle\"}\n>player p1 {\"name\":\"rosymo\",\"avatar\":\"dawn\",\"rating\":1933,\"seed\":\"sodium,7b602cf1402c15cef1604a118b548a71\"}\n>player p2 {\"name\":\"Jallu xd\",\"avatar\":\"169\",\"rating\":1987,\"seed\":\"sodium,b4ddc232d26d3153b810a2977b83bb05\"}\n>p1 move knockoff\n>p2 switch 4\n>p1 switch 4\n>p2 move spikes\n>p1 move glare\n>p2 switch 3\n>p1 move stealthrock\n>p2 move fireblast\n>p1 switch 2\n>p2 move fireblast\n>p1 move knockoff\n>p2 move psyshock\n>p2 switch 6\n>p1 move knockoff\n>p2 move stickyweb\n>p1 move knockoff\n>p2 move discharge\n>p1 move knockoff\n>p2 move bugbuzz\n>p2 switch 5\n>p1 switch 2\n>p2 move hurricane\n>p1 move glare\n>p2 move hurricane\n>p1 switch 3\n>p1 move rapidspin\n>p2 move flamethrower terastallize\n>p1 move bravebird\n>p2 move flamethrower\n>p1 switch 6\n>p1 move calmmind\n>p2 switch 3\n>p1 move calmmind\n>p2 move thunderwave\n>p1 move calmmind\n>p2 move playrough\n>p1 move calmmind\n>p2 move playrough\n>p1 move drainingkiss\n>p2 move playrough\n>p1 switch 4\n>forcelose p1", "uploadtime": 1782809475, "views": 3, "formatid": "gen9randombattle", "rating": null, "private": 0, "password": null, "player_dets": [{"name": "rosymo", "avatar": "dawn", "rating": 1933, "seed": "sodium,7b602cf1402c15cef1604a118b548a71"}, {"name": "Jallu xd", "avatar": "169", "rating": 1987, "seed": "sodium,b4ddc232d26d3153b810a2977b83bb05"}], "teams_full": [{"Meowscarada": {"name": "Meowscarada", "species": "Meowscarada", "speciesId": "meowscarada", "gender": "F", "shiny": false, "level": 78, "moves": ["flowertrick", "uturn", "knockoff", "tripleaxel"], "ability": "Protean", "evs": {"hp": 85, "atk": 85, "def": 85, "spa": 85, "spd": 85, "spe": 85}, "ivs": {"hp": 31, "atk": 31, "def": 31, "spa": 31, "spd": 31, "spe": 31}, "item": "Choice Band", "teraType": "Grass", "role": "Fast Support", "bvs": {"hp": 76, "atk": 110, "def": 70, "spa": 81, "spd": 70, "spe": 123}, "stats": {"hp": 247, "atk": 217, "def": 154, "spa": 171, "spd": 154, "spe": 237}, "types": ["Grass", "Dark"]}, "Furret": {"name": "Furret", "species": "Furret", "speciesId": "furret", "gender": "F", "shiny": false, "level": 94, "moves": ["uturn", "knockoff", "trick", "doubleedge"], "ability": "Frisk", "evs": {"hp": 85, "atk": 85, "def": 85, "spa": 85, "spd": 85, "spe": 85}, "ivs": {"hp": 31, "atk": 31, "def": 31, "spa": 31, "spd": 31, "spe": 31}, "item": "Choice Band", "teraType": "Ghost", "role": "Wallbreaker", "bvs": {"hp": 85, "atk": 76, "def": 64, "spa": 45, "spd": 55, "spe": 90}, "stats": {"hp": 312, "atk": 196, "def": 174, "spa": 138, "spd": 157, "spe": 223}, "types": ["Normal"]}, "Delibird": {"name": "Delibird", "species": "Delibird", "speciesId": "delibird", "gender": "M", "shiny": false, "level": 100, "moves": ["freezedry", "bravebird", "spikes", "rapidspin"], "ability": "Insomnia", "evs": {"hp": 85, "atk": 85, "def": 85, "spa": 85, "spd": 85, "spe": 85}, "ivs": {"hp": 31, "atk": 31, "def": 31, "spa": 31, "spd": 31, "spe": 31}, "item": "Heavy-Duty Boots", "teraType": "Ghost", "role": "Fast Support", "bvs": {"hp": 45, "atk": 55, "def": 45, "spa": 65, "spd": 45, "spe": 75}, "stats": {"hp": 252, "atk": 167, "def": 147, "spa": 187, "spd": 147, "spe": 207}, "types": ["Ice", "Flying"]}, "Sandaconda": {"name": "Sandaconda", "species": "Sandaconda", "speciesId": "sandaconda", "gender": "F", "shiny": false, "level": 84, "moves": ["glare", "stoneedge", "earthquake", "stealthrock"], "ability": "Shed Skin", "evs": {"hp": 85, "atk": 85, "def": 85, "spa": 85, "spd": 85, "spe": 85}, "ivs": {"hp": 31, "atk": 31, "def": 31, "spa": 31, "spd": 31, "spe": 31}, "item": "Leftovers", "teraType": "Dragon", "role": "Bulky Attacker", "bvs": {"hp": 72, "atk": 107, "def": 125, "spa": 65, "spd": 70, "spe": 71}, "stats": {"hp": 258, "atk": 228, "def": 258, "spa": 157, "spd": 166, "spe": 167}, "types": ["Ground"]}, "Serperior": {"name": "Serperior", "species": "Serperior", "speciesId": "serperior", "gender": "M", "shiny": false, "level": 79, "moves": ["leafstorm", "substitute", "leechseed", "terablast"], "ability": "Contrary", "evs": {"hp": 85, "atk": 85, "def": 85, "spa": 85, "spd": 85, "spe": 85}, "ivs": {"hp": 31, "atk": 31, "def": 31, "spa": 31, "spd": 31, "spe": 31}, "item": "Leftovers", "teraType": "Rock", "role": "Tera Blast user", "bvs": {"hp": 75, "atk": 75, "def": 95, "spa": 75, "spd": 95, "spe": 113}, "stats": {"hp": 248, "atk": 164, "def": 196, "spa": 164, "spd": 196, "spe": 224}, "types": ["Grass"]}, "Comfey": {"name": "Comfey", "species": "Comfey", "speciesId": "comfey", "gender": "F", "shiny": false, "level": 85, "moves": ["drainingkiss", "calmmind", "gigadrain", "storedpower"], "ability": "Triage", "evs": {"hp": 85, "atk": 0, "def": 85, "spa": 85, "spd": 85, "spe": 85}, "ivs": {"hp": 31, "atk": 0, "def": 31, "spa": 31, "spd": 31, "spe": 31}, "item": "Leftovers", "teraType": "Poison", "role": "Bulky Setup", "bvs": {"hp": 51, "atk": 52, "def": 90, "spa": 82, "spd": 110, "spe": 100}, "stats": {"hp": 225, "atk": 93, "def": 202, "spa": 188, "spd": 236, "spe": 219}, "types": ["Fairy"]}}, {"Frosmoth": {"name": "Frosmoth", "species": "Frosmoth", "speciesId": "frosmoth", "gender": "F", "shiny": false, "level": 82, "moves": ["terablast", "icebeam", "gigadrain", "quiverdance"], "ability": "Ice Scales", "evs": {"hp": 85, "atk": 0, "def": 85, "spa": 85, "spd": 85, "spe": 85}, "ivs": {"hp": 31, "atk": 0, "def": 31, "spa": 31, "spd": 31, "spe": 31}, "item": "Heavy-Duty Boots", "teraType": "Ground", "role": "Tera Blast user", "bvs": {"hp": 70, "atk": 65, "def": 60, "spa": 125, "spd": 90, "spe": 65}, "stats": {"hp": 249, "atk": 111, "def": 146, "spa": 252, "spd": 195, "spe": 154}, "types": ["Ice", "Bug"]}, "Stonjourner": {"name": "Stonjourner", "species": "Stonjourner", "speciesId": "stonjourner", "gender": "M", "shiny": false, "level": 91, "moves": ["earthquake", "heatcrash", "stoneedge", "stealthrock"], "ability": "Power Spot", "evs": {"hp": 85, "atk": 85, "def": 85, "spa": 85, "spd": 85, "spe": 85}, "ivs": {"hp": 31, "atk": 31, "def": 31, "spa": 31, "spd": 31, "spe": 31}, "item": "Life Orb", "teraType": "Ground", "role": "Fast Attacker", "bvs": {"hp": 100, "atk": 125, "def": 135, "spa": 20, "spd": 20, "spe": 70}, "stats": {"hp": 330, "atk": 279, "def": 298, "spa": 88, "spd": 88, "spe": 179}, "types": ["Rock"]}, "Azelf": {"name": "Azelf", "species": "Azelf", "speciesId": "azelf", "gender": "N", "shiny": false, "level": 82, "moves": ["dazzlinggleam", "fireblast", "psyshock", "nastyplot"], "ability": "Levitate", "evs": {"hp": 85, "atk": 0, "def": 85, "spa": 85, "spd": 85, "spe": 85}, "ivs": {"hp": 31, "atk": 0, "def": 31, "spa": 31, "spd": 31, "spe": 31}, "item": "Life Orb", "teraType": "Fairy", "role": "Fast Attacker", "bvs": {"hp": 75, "atk": 125, "def": 70, "spa": 125, "spd": 70, "spe": 115}, "stats": {"hp": 257, "atk": 210, "def": 162, "spa": 252, "spd": 162, "spe": 236}, "types": ["Psychic"]}, "Klefki": {"name": "Klefki", "species": "Klefki", "speciesId": "klefki", "gender": "M", "shiny": false, "level": 84, "moves": ["thunderwave", "spikes", "playrough", "magnetrise"], "ability": "Prankster", "evs": {"hp": 85, "atk": 85, "def": 85, "spa": 85, "spd": 85, "spe": 85}, "ivs": {"hp": 31, "atk": 31, "def": 31, "spa": 31, "spd": 31, "spe": 31}, "item": "Leftovers", "teraType": "Water", "role": "Bulky Support", "bvs": {"hp": 57, "atk": 80, "def": 91, "spa": 80, "spd": 87, "spe": 75}, "stats": {"hp": 233, "atk": 183, "def": 201, "spa": 183, "spd": 194, "spe": 174}, "types": ["Steel", "Fairy"]}, "Noivern": {"name": "Noivern", "species": "Noivern", "speciesId": "noivern", "gender": "M", "shiny": false, "level": 82, "moves": ["flamethrower", "hurricane", "dracometeor", "defog"], "ability": "Infiltrator", "evs": {"hp": 85, "atk": 0, "def": 85, "spa": 85, "spd": 85, "spe": 85}, "ivs": {"hp": 31, "atk": 0, "def": 31, "spa": 31, "spd": 31, "spe": 31}, "item": "Heavy-Duty Boots", "teraType": "Fire", "role": "Fast Support", "bvs": {"hp": 85, "atk": 70, "def": 80, "spa": 97, "spd": 80, "spe": 123}, "stats": {"hp": 274, "atk": 119, "def": 178, "spa": 206, "spd": 178, "spe": 249}, "types": ["Flying", "Dragon"]}, "Vikavolt": {"name": "Vikavolt", "species": "Vikavolt", "speciesId": "vikavolt", "gender": "M", "shiny": false, "level": 83, "moves": ["stickyweb", "discharge", "voltswitch", "bugbuzz"], "ability": "Levitate", "evs": {"hp": 85, "atk": 0, "def": 85, "spa": 85, "spd": 85, "spe": 85}, "ivs": {"hp": 31, "atk": 0, "def": 31, "spa": 31, "spd": 31, "spe": 31}, "item": "Heavy-Duty Boots", "teraType": "Electric", "role": "Bulky Support", "bvs": {"hp": 77, "atk": 70, "def": 90, "spa": 145, "spd": 75, "spe": 43}, "stats": {"hp": 263, "atk": 121, "def": 197, "spa": 288, "spd": 172, "spe": 119}, "types": ["Bug", "Electric"]}}]}