{"id": "gen9randombattle-2641254534", "format": "[Gen 9] Random Battle", "players": ["unovagangster", "GreatDG"], "log": "|j|\u2606unovagangster\n|j|\u203dGreatDG\n|t:|1782759620\n|gametype|singles\n|player|p1|unovagangster|flannery|1770\n|player|p2|GreatDG|riley|1744\n|gen|9\n|tier|[Gen 9] Random Battle\n|rated|\n|rule|Species Clause: Limit one of each Pok\u00e9mon\n|rule|HP Percentage Mod: HP is shown in percentages\n|rule|Sleep Clause Mod: Limit one foe put to sleep\n|rule|Illusion Level Mod: Illusion disguises the Pok\u00e9mon's true level\n|\n|t:|1782759620\n|teamsize|p1|6\n|teamsize|p2|6\n|start\n|switch|p1a: Gurdurr|Gurdurr, L85, F|283/283\n|switch|p2a: Iron Bundle|Iron Bundle, L78|215/215\n|turn|1\n|inactive|Battle timer is ON: inactive players will automatically lose when time's up. (requested by GreatDG)\n|\n|t:|1782759648\n|-end|p2a: Iron Bundle|Quark Drive|[silent]\n|switch|p2a: Granbull|Granbull, L88, F|302/302\n|-ability|p2a: Granbull|Intimidate|boost\n|-unboost|p1a: Gurdurr|atk|1\n|move|p1a: Gurdurr|Knock Off|p2a: Granbull\n|-resisted|p2a: Granbull\n|-damage|p2a: Granbull|274/302\n|-enditem|p2a: Granbull|Leftovers|[from] move: Knock Off|[of] p1a: Gurdurr\n|\n|upkeep\n|turn|2\n|\n|t:|1782759663\n|switch|p1a: Dusknoir|Dusknoir, L89, F|225/225\n|move|p2a: Granbull|Thunder Wave|p1a: Dusknoir\n|-status|p1a: Dusknoir|par\n|\n|upkeep\n|turn|3\n|\n|t:|1782759681\n|switch|p2a: Mandibuzz|Mandibuzz, L85, F|326/326\n|cant|p1a: Dusknoir|par\n|\n|upkeep\n|turn|4\n|\n|t:|1782759691\n|move|p2a: Mandibuzz|U-turn|p1a: Dusknoir\n|-resisted|p1a: Dusknoir\n|-damage|p1a: Dusknoir|213/225 par\n|\n|t:|1782759698\n|switch|p2a: Granbull|Granbull, L88, F|274/302|[from] U-turn\n|-ability|p2a: Granbull|Intimidate|boost\n|-unboost|p1a: Dusknoir|atk|1\n|move|p1a: Dusknoir|Pain Split|p2a: Granbull\n|-sethp|p2a: Granbull|243/302|[from] move: Pain Split|[silent]\n|-sethp|p1a: Dusknoir|225/225 par|[from] move: Pain Split\n|\n|upkeep\n|turn|5\n|\n|t:|1782759708\n|move|p1a: Dusknoir|Shadow Sneak|p2a: Granbull\n|-damage|p2a: Granbull|195/302\n|-damage|p1a: Dusknoir|203/225 par|[from] item: Life Orb\n|move|p2a: Granbull|Roar|p1a: Dusknoir\n|drag|p1a: Yanmega|Yanmega, L82, M|275/275\n|\n|upkeep\n|turn|6\n|\n|t:|1782759718\n|move|p1a: Yanmega|Giga Drain|p2a: Granbull\n|-damage|p2a: Granbull|83/302\n|move|p2a: Granbull|Thunder Wave|p1a: Yanmega\n|-status|p1a: Yanmega|par\n|\n|upkeep\n|turn|7\n|\n|t:|1782759724\n|switch|p2a: Mandibuzz|Mandibuzz, L85, F|326/326\n|cant|p1a: Yanmega|par\n|\n|upkeep\n|turn|8\n|\n|t:|1782759737\n|switch|p1a: Dusknoir|Dusknoir, L89, F|203/225 par\n|-item|p2a: Mandibuzz|Heavy-Duty Boots|[from] ability: Frisk|[of] p1a: Dusknoir\n|move|p2a: Mandibuzz|Foul Play|p1a: Dusknoir\n|-supereffective|p1a: Dusknoir\n|-damage|p1a: Dusknoir|47/225 par\n|\n|upkeep\n|turn|9\n|\n|t:|1782759744\n|move|p2a: Mandibuzz|Foul Play|p1a: Dusknoir\n|-supereffective|p1a: Dusknoir\n|-damage|p1a: Dusknoir|0 fnt\n|faint|p1a: Dusknoir\n|\n|upkeep\n|\n|t:|1782759766\n|switch|p1a: Gumshoos|Gumshoos, L95, F|321/321\n|turn|10\n|\n|t:|1782759777\n|move|p2a: Mandibuzz|U-turn|p1a: Gumshoos\n|-damage|p1a: Gumshoos|273/321\n|\n|t:|1782759779\n|switch|p2a: Granbull|Granbull, L88, F|83/302|[from] U-turn\n|-ability|p2a: Granbull|Intimidate|boost\n|-unboost|p1a: Gumshoos|atk|1\n|move|p1a: Gumshoos|U-turn|p2a: Granbull\n|-resisted|p2a: Granbull\n|-damage|p2a: Granbull|5/302\n|inactive|unovagangster has 120 seconds left.\n|\n|t:|1782759801\n|switch|p1a: Staraptor|Staraptor, L79, M|263/263|[from] U-turn\n|\n|upkeep\n|turn|11\n|inactive|unovagangster has 120 seconds left.\n|\n|t:|1782759836\n|move|p1a: Staraptor|Brave Bird|p2a: Granbull\n|-damage|p2a: Granbull|0 fnt\n|faint|p2a: Granbull\n|-damage|p1a: Staraptor|261/263|[from] Recoil\n|\n|upkeep\n|\n|t:|1782759840\n|switch|p2a: Iron Bundle|Iron Bundle, L78|215/215\n|turn|12\n|\n|t:|1782759860\n|switch|p1a: Gurdurr|Gurdurr, L85, F|283/283\n|move|p2a: Iron Bundle|Ice Beam|p1a: Gurdurr\n|-damage|p1a: Gurdurr|127/283\n|-status|p1a: Gurdurr|frz\n|\n|upkeep\n|turn|13\n|\n|t:|1782759866\n|-curestatus|p1a: Gurdurr|frz|[msg]\n|move|p1a: Gurdurr|Mach Punch|p2a: Iron Bundle\n|-supereffective|p2a: Iron Bundle\n|-damage|p2a: Iron Bundle|135/215\n|move|p2a: Iron Bundle|Ice Beam|p1a: Gurdurr\n|-damage|p1a: Gurdurr|0 fnt\n|faint|p1a: Gurdurr\n|\n|upkeep\n|\n|t:|1782759873\n|switch|p1a: Gumshoos|Gumshoos, L95, F|273/321\n|turn|14\n|\n|t:|1782759886\n|move|p2a: Iron Bundle|Ice Beam|p1a: Gumshoos\n|-damage|p1a: Gumshoos|101/321\n|move|p1a: Gumshoos|Double-Edge|p2a: Iron Bundle\n|-damage|p2a: Iron Bundle|0 fnt\n|faint|p2a: Iron Bundle\n|-end|p2a: Iron Bundle|Quark Drive|[silent]\n|-damage|p1a: Gumshoos|56/321|[from] Recoil\n|\n|upkeep\n|\n|t:|1782759893\n|switch|p2a: Mandibuzz|Mandibuzz, L85, F|326/326\n|turn|15\n|\n|t:|1782759896\n|move|p2a: Mandibuzz|Foul Play|p1a: Gumshoos\n|-damage|p1a: Gumshoos|0 fnt\n|faint|p1a: Gumshoos\n|\n|upkeep\n|\n|t:|1782759898\n|switch|p1a: Staraptor|Staraptor, L79, M|261/263\n|turn|16\n|\n|t:|1782759911\n|move|p1a: Staraptor|Brave Bird|p2a: Mandibuzz\n|-damage|p2a: Mandibuzz|125/326\n|-damage|p1a: Staraptor|195/263|[from] Recoil\n|move|p2a: Mandibuzz|Roost|p2a: Mandibuzz\n|-heal|p2a: Mandibuzz|288/326\n|-singleturn|p2a: Mandibuzz|move: Roost\n|\n|upkeep\n|turn|17\n|\n|t:|1782759927\n|switch|p1a: Yanmega|Yanmega, L82, M|275/275 par\n|move|p2a: Mandibuzz|Roost|p2a: Mandibuzz\n|-heal|p2a: Mandibuzz|326/326\n|-singleturn|p2a: Mandibuzz|move: Roost\n|\n|upkeep\n|turn|18\n|\n|t:|1782759936\n|switch|p1a: Keldeo|Keldeo-Resolute, L79|273/273\n|move|p2a: Mandibuzz|Foul Play|p1a: Keldeo\n|-resisted|p1a: Keldeo\n|-damage|p1a: Keldeo|243/273\n|-ability|p1a: Keldeo|Justified|boost\n|-boost|p1a: Keldeo|atk|1\n|\n|-heal|p1a: Keldeo|260/273|[from] item: Leftovers\n|upkeep\n|turn|19\n|\n|t:|1782759947\n|switch|p2a: Bellossom|Bellossom, L84, F|263/263\n|move|p1a: Keldeo|Substitute|p1a: Keldeo\n|-start|p1a: Keldeo|Substitute\n|-damage|p1a: Keldeo|192/273\n|\n|-heal|p1a: Keldeo|209/273|[from] item: Leftovers\n|upkeep\n|turn|20\n|\n|t:|1782759969\n|move|p1a: Keldeo|Calm Mind|p1a: Keldeo\n|-boost|p1a: Keldeo|spa|1\n|-boost|p1a: Keldeo|spd|1\n|move|p2a: Bellossom|Quiver Dance|p2a: Bellossom\n|-boost|p2a: Bellossom|spa|1\n|-boost|p2a: Bellossom|spd|1\n|-boost|p2a: Bellossom|spe|1\n|\n|-heal|p1a: Keldeo|226/273|[from] item: Leftovers\n|upkeep\n|turn|21\n|\n|t:|1782759983\n|move|p1a: Keldeo|Calm Mind|p1a: Keldeo\n|-boost|p1a: Keldeo|spa|1\n|-boost|p1a: Keldeo|spd|1\n|move|p2a: Bellossom|Quiver Dance|p2a: Bellossom\n|-boost|p2a: Bellossom|spa|1\n|-boost|p2a: Bellossom|spd|1\n|-boost|p2a: Bellossom|spe|1\n|\n|-heal|p1a: Keldeo|243/273|[from] item: Leftovers\n|upkeep\n|turn|22\n|\n|t:|1782759989\n|move|p2a: Bellossom|Moonblast|p1a: Keldeo\n|-supereffective|p1a: Keldeo\n|-end|p1a: Keldeo|Substitute\n|move|p1a: Keldeo|Calm Mind|p1a: Keldeo\n|-boost|p1a: Keldeo|spa|1\n|-boost|p1a: Keldeo|spd|1\n|\n|-heal|p1a: Keldeo|260/273|[from] item: Leftovers\n|upkeep\n|turn|23\n|\n|t:|1782760006\n|-terastallize|p1a: Keldeo|Steel\n|move|p2a: Bellossom|Giga Drain|p1a: Keldeo\n|-resisted|p1a: Keldeo\n|-damage|p1a: Keldeo|227/273\n|move|p1a: Keldeo|Calm Mind|p1a: Keldeo\n|-boost|p1a: Keldeo|spa|1\n|-boost|p1a: Keldeo|spd|1\n|\n|-heal|p1a: Keldeo|244/273|[from] item: Leftovers\n|upkeep\n|turn|24\n|\n|t:|1782760013\n|move|p2a: Bellossom|Moonblast|p1a: Keldeo\n|-resisted|p1a: Keldeo\n|-damage|p1a: Keldeo|224/273\n|-unboost|p1a: Keldeo|spa|1\n|move|p1a: Keldeo|Substitute|p1a: Keldeo\n|-start|p1a: Keldeo|Substitute\n|-damage|p1a: Keldeo|156/273\n|\n|-heal|p1a: Keldeo|173/273|[from] item: Leftovers\n|upkeep\n|turn|25\n|\n|t:|1782760020\n|move|p2a: Bellossom|Quiver Dance|p2a: Bellossom\n|-boost|p2a: Bellossom|spa|1\n|-boost|p2a: Bellossom|spd|1\n|-boost|p2a: Bellossom|spe|1\n|move|p1a: Keldeo|Calm Mind|p1a: Keldeo\n|-boost|p1a: Keldeo|spa|1\n|-boost|p1a: Keldeo|spd|1\n|\n|-heal|p1a: Keldeo|190/273|[from] item: Leftovers\n|upkeep\n|turn|26\n|\n|t:|1782760022\n|move|p2a: Bellossom|Giga Drain|p1a: Keldeo\n|-resisted|p1a: Keldeo\n|-activate|p1a: Keldeo|move: Substitute|[damage]\n|move|p1a: Keldeo|Calm Mind|p1a: Keldeo\n|-boost|p1a: Keldeo|spa|1\n|-boost|p1a: Keldeo|spd|1\n|\n|-heal|p1a: Keldeo|207/273|[from] item: Leftovers\n|upkeep\n|turn|27\n|\n|t:|1782760031\n|move|p2a: Bellossom|Giga Drain|p1a: Keldeo\n|-resisted|p1a: Keldeo\n|-activate|p1a: Keldeo|move: Substitute|[damage]\n|move|p1a: Keldeo|Surf|p2a: Bellossom\n|-resisted|p2a: Bellossom\n|-damage|p2a: Bellossom|193/263\n|\n|-heal|p2a: Bellossom|209/263|[from] item: Leftovers\n|-heal|p1a: Keldeo|224/273|[from] item: Leftovers\n|upkeep\n|turn|28\n|\n|t:|1782760038\n|move|p2a: Bellossom|Quiver Dance|p2a: Bellossom\n|-boost|p2a: Bellossom|spa|1\n|-boost|p2a: Bellossom|spd|1\n|-boost|p2a: Bellossom|spe|1\n|move|p1a: Keldeo|Substitute|p1a: Keldeo\n|-fail|p1a: Keldeo|move: Substitute\n|\n|-heal|p2a: Bellossom|225/263|[from] item: Leftovers\n|-heal|p1a: Keldeo|241/273|[from] item: Leftovers\n|upkeep\n|turn|29\n|\n|t:|1782760047\n|move|p2a: Bellossom|Moonblast|p1a: Keldeo\n|-resisted|p1a: Keldeo\n|-end|p1a: Keldeo|Substitute\n|move|p1a: Keldeo|Secret Sword|p2a: Bellossom\n|-damage|p2a: Bellossom|0 fnt\n|faint|p2a: Bellossom\n|\n|-heal|p1a: Keldeo|258/273|[from] item: Leftovers\n|upkeep\n|-message|GreatDG forfeited.\n|\n|win|unovagangster\n|raw|unovagangster's rating: 1770 &rarr; <strong>1787</strong><br />(+17 for winning)\n|raw|GreatDG's rating: 1723 &rarr; <strong>1706</strong><br />(-17 for losing)\n|l|\u203dGreatDG\n|player|p2|\n", "inputlog": ">version f8ac14003a5f27e1bdc8d8c59608a773c1cb96e5\n>start {\"formatid\":\"gen9randombattle\",\"seed\":\"sodium,928b67a05418dee7fadddbed8890ab5e\",\"rated\":\"Rated battle\"}\n>player p1 {\"name\":\"unovagangster\",\"avatar\":\"flannery\",\"rating\":1770,\"seed\":\"sodium,4e71cbfede990b7c56743287d355c84c\"}\n>player p2 {\"name\":\"GreatDG\",\"avatar\":\"riley\",\"rating\":1744,\"seed\":\"sodium,bf46522c3adcad68b9819a6ccac338d5\"}\n>p1 move knockoff\n>p2 switch 6\n>p1 switch 3\n>p2 move thunderwave\n>p1 move shadowsneak\n>p2 switch 5\n>p1 move painsplit\n>p2 move uturn\n>p2 switch 5\n>p1 move shadowsneak\n>p2 move roar\n>p1 move gigadrain\n>p2 move thunderwave\n>p1 move gigadrain\n>p2 switch 5\n>p1 switch 5\n>p2 move foulplay\n>p1 move painsplit\n>p2 move foulplay\n>p1 switch 6\n>p1 move uturn\n>p2 move uturn\n>p2 switch 5\n>p1 switch 4\n>p1 move bravebird\n>p2 move playrough\n>p2 switch 6\n>p1 switch 3\n>p2 move icebeam\n>p1 move machpunch\n>p2 move icebeam\n>p1 switch 4\n>p1 move doubleedge\n>p2 move icebeam\n>p2 switch 5\n>p1 move doubleedge\n>p2 move foulplay\n>p1 switch 3\n>p1 move bravebird\n>p2 move roost\n>p1 switch 5\n>p2 move roost\n>p1 switch 2\n>p2 move foulplay\n>p1 move substitute\n>p2 switch 2\n>p1 move calmmind\n>p2 move quiverdance\n>p1 move calmmind\n>p2 move quiverdance\n>p1 move calmmind\n>p2 move moonblast\n>p1 move calmmind terastallize\n>p2 move gigadrain\n>p1 move substitute\n>p2 move moonblast\n>p1 move calmmind\n>p2 move quiverdance\n>p1 move calmmind\n>p2 move gigadrain\n>p1 move surf\n>p2 move gigadrain\n>p1 move substitute\n>p2 move quiverdance\n>p1 move secretsword\n>p2 move moonblast\n>forcelose p2", "uploadtime": 1782760065, "views": 7, "formatid": "gen9randombattle", "rating": 1706, "private": 0, "password": null, "player_dets": [{"name": "unovagangster", "avatar": "flannery", "rating": 1770, "seed": "sodium,4e71cbfede990b7c56743287d355c84c"}, {"name": "GreatDG", "avatar": "riley", "rating": 1744, "seed": "sodium,bf46522c3adcad68b9819a6ccac338d5"}], "teams_full": [{"Gurdurr": {"name": "Gurdurr", "species": "Gurdurr", "speciesId": "gurdurr", "gender": "F", "shiny": false, "level": 85, "moves": ["knockoff", "machpunch", "drainpunch", "defog"], "ability": "Guts", "evs": {"hp": 85, "atk": 85, "def": 85, "spa": 85, "spd": 85, "spe": 85}, "ivs": {"hp": 31, "atk": 31, "def": 31, "spa": 31, "spd": 31, "spe": 31}, "item": "Eviolite", "teraType": "Steel", "role": "Bulky Attacker", "bvs": {"hp": 85, "atk": 105, "def": 85, "spa": 40, "spd": 50, "spe": 40}, "stats": {"hp": 283, "atk": 227, "def": 193, "spa": 117, "spd": 134, "spe": 117}, "types": ["Fighting"]}, "Keldeo": {"name": "Keldeo", "species": "Keldeo-Resolute", "speciesId": "keldeoresolute", "gender": "N", "shiny": false, "level": 79, "moves": ["calmmind", "substitute", "secretsword", "surf"], "ability": "Justified", "evs": {"hp": 85, "atk": 0, "def": 85, "spa": 85, "spd": 85, "spe": 85}, "ivs": {"hp": 31, "atk": 0, "def": 31, "spa": 31, "spd": 31, "spe": 31}, "item": "Leftovers", "teraType": "Steel", "role": "Bulky Setup", "bvs": {"hp": 91, "atk": 72, "def": 90, "spa": 129, "spd": 90, "spe": 108}, "stats": {"hp": 273, "atk": 118, "def": 188, "spa": 249, "spd": 188, "spe": 216}, "types": ["Water", "Fighting"]}, "Dusknoir": {"name": "Dusknoir", "species": "Dusknoir", "speciesId": "dusknoir", "gender": "F", "shiny": false, "level": 89, "moves": ["poltergeist", "shadowsneak", "painsplit", "leechlife"], "ability": "Frisk", "evs": {"hp": 85, "atk": 85, "def": 85, "spa": 85, "spd": 85, "spe": 85}, "ivs": {"hp": 31, "atk": 31, "def": 31, "spa": 31, "spd": 31, "spe": 31}, "item": "Life Orb", "teraType": "Ghost", "role": "Wallbreaker", "bvs": {"hp": 45, "atk": 100, "def": 135, "spa": 65, "spd": 135, "spe": 45}, "stats": {"hp": 225, "atk": 229, "def": 291, "spa": 166, "spd": 291, "spe": 131}, "types": ["Ghost"]}, "Staraptor": {"name": "Staraptor", "species": "Staraptor", "speciesId": "staraptor", "gender": "M", "shiny": false, "level": 79, "moves": ["uturn", "quickattack", "closecombat", "bravebird"], "ability": "Reckless", "evs": {"hp": 81, "atk": 85, "def": 85, "spa": 85, "spd": 85, "spe": 85}, "ivs": {"hp": 31, "atk": 31, "def": 31, "spa": 31, "spd": 31, "spe": 31}, "item": "Choice Band", "teraType": "Fighting", "role": "Fast Attacker", "bvs": {"hp": 85, "atk": 120, "def": 70, "spa": 50, "spd": 60, "spe": 100}, "stats": {"hp": 263, "atk": 235, "def": 156, "spa": 125, "spd": 140, "spe": 204}, "types": ["Normal", "Flying"]}, "Yanmega": {"name": "Yanmega", "species": "Yanmega", "speciesId": "yanmega", "gender": "M", "shiny": false, "level": 82, "moves": ["uturn", "gigadrain", "bugbuzz", "airslash"], "ability": "Tinted Lens", "evs": {"hp": 85, "atk": 85, "def": 85, "spa": 85, "spd": 85, "spe": 85}, "ivs": {"hp": 31, "atk": 31, "def": 31, "spa": 31, "spd": 31, "spe": 31}, "item": "Choice Specs", "teraType": "Bug", "role": "Wallbreaker", "bvs": {"hp": 86, "atk": 76, "def": 86, "spa": 116, "spd": 56, "spe": 95}, "stats": {"hp": 275, "atk": 172, "def": 188, "spa": 237, "spd": 139, "spe": 203}, "types": ["Bug", "Flying"]}, "Gumshoos": {"name": "Gumshoos", "species": "Gumshoos", "speciesId": "gumshoos", "gender": "F", "shiny": false, "level": 95, "moves": ["uturn", "knockoff", "doubleedge", "earthquake"], "ability": "Stakeout", "evs": {"hp": 85, "atk": 85, "def": 85, "spa": 85, "spd": 85, "spe": 85}, "ivs": {"hp": 31, "atk": 31, "def": 31, "spa": 31, "spd": 31, "spe": 31}, "item": "Choice Band", "teraType": "Ground", "role": "Fast Attacker", "bvs": {"hp": 88, "atk": 110, "def": 60, "spa": 55, "spd": 60, "spe": 45}, "stats": {"hp": 321, "atk": 263, "def": 168, "spa": 158, "spd": 168, "spe": 139}, "types": ["Normal"]}}, {"Iron Bundle": {"name": "Iron Bundle", "species": "Iron Bundle", "speciesId": "ironbundle", "gender": "N", "shiny": false, "level": 78, "moves": ["hydropump", "icebeam", "flipturn", "freezedry"], "ability": "Quark Drive", "evs": {"hp": 85, "atk": 85, "def": 85, "spa": 85, "spd": 85, "spe": 85}, "ivs": {"hp": 31, "atk": 31, "def": 31, "spa": 31, "spd": 31, "spe": 31}, "item": "Choice Specs", "teraType": "Water", "role": "Fast Attacker", "bvs": {"hp": 56, "atk": 80, "def": 114, "spa": 124, "spd": 60, "spe": 136}, "stats": {"hp": 215, "atk": 170, "def": 223, "spa": 239, "spd": 139, "spe": 257}, "types": ["Ice", "Water"]}, "Bellossom": {"name": "Bellossom", "species": "Bellossom", "speciesId": "bellossom", "gender": "F", "shiny": false, "level": 84, "moves": ["gigadrain", "moonblast", "strengthsap", "quiverdance"], "ability": "Chlorophyll", "evs": {"hp": 85, "atk": 0, "def": 85, "spa": 85, "spd": 85, "spe": 85}, "ivs": {"hp": 31, "atk": 0, "def": 31, "spa": 31, "spd": 31, "spe": 31}, "item": "Leftovers", "teraType": "Fairy", "role": "Bulky Setup", "bvs": {"hp": 75, "atk": 80, "def": 95, "spa": 90, "spd": 100, "spe": 50}, "stats": {"hp": 263, "atk": 139, "def": 208, "spa": 199, "spd": 216, "spe": 132}, "types": ["Grass"]}, "Electrode": {"name": "Electrode", "species": "Electrode-Hisui", "speciesId": "electrodehisui", "gender": "N", "shiny": false, "level": 87, "moves": ["gigadrain", "leechseed", "thunderbolt", "substitute"], "ability": "Soundproof", "evs": {"hp": 85, "atk": 0, "def": 85, "spa": 85, "spd": 85, "spe": 85}, "ivs": {"hp": 31, "atk": 0, "def": 31, "spa": 31, "spd": 31, "spe": 31}, "item": "Leftovers", "teraType": "Poison", "role": "Fast Support", "bvs": {"hp": 60, "atk": 50, "def": 70, "spa": 80, "spd": 80, "spe": 150}, "stats": {"hp": 246, "atk": 92, "def": 172, "spa": 189, "spd": 189, "spe": 311}, "types": ["Electric", "Grass"]}, "Revavroom": {"name": "Revavroom", "species": "Revavroom", "speciesId": "revavroom", "gender": "F", "shiny": false, "level": 79, "moves": ["ironhead", "gunkshot", "highhorsepower", "shiftgear"], "ability": "Filter", "evs": {"hp": 85, "atk": 85, "def": 85, "spa": 85, "spd": 85, "spe": 85}, "ivs": {"hp": 31, "atk": 31, "def": 31, "spa": 31, "spd": 31, "spe": 31}, "item": "Life Orb", "teraType": "Ground", "role": "Fast Attacker", "bvs": {"hp": 80, "atk": 119, "def": 90, "spa": 54, "spd": 67, "spe": 90}, "stats": {"hp": 256, "atk": 234, "def": 188, "spa": 131, "spd": 151, "spe": 188}, "types": ["Steel", "Poison"]}, "Mandibuzz": {"name": "Mandibuzz", "species": "Mandibuzz", "speciesId": "mandibuzz", "gender": "F", "shiny": false, "level": 85, "moves": ["roost", "uturn", "foulplay", "defog"], "ability": "Overcoat", "evs": {"hp": 85, "atk": 85, "def": 85, "spa": 85, "spd": 85, "spe": 85}, "ivs": {"hp": 31, "atk": 31, "def": 31, "spa": 31, "spd": 31, "spe": 31}, "item": "Heavy-Duty Boots", "teraType": "Steel", "role": "Bulky Support", "bvs": {"hp": 110, "atk": 65, "def": 105, "spa": 55, "spd": 95, "spe": 80}, "stats": {"hp": 326, "atk": 159, "def": 227, "spa": 142, "spd": 210, "spe": 185}, "types": ["Dark", "Flying"]}, "Granbull": {"name": "Granbull", "species": "Granbull", "speciesId": "granbull", "gender": "F", "shiny": false, "level": 88, "moves": ["earthquake", "thunderwave", "roar", "playrough"], "ability": "Intimidate", "evs": {"hp": 85, "atk": 85, "def": 85, "spa": 85, "spd": 85, "spe": 85}, "ivs": {"hp": 31, "atk": 31, "def": 31, "spa": 31, "spd": 31, "spe": 31}, "item": "Leftovers", "teraType": "Ground", "role": "Bulky Support", "bvs": {"hp": 90, "atk": 120, "def": 75, "spa": 60, "spd": 60, "spe": 45}, "stats": {"hp": 302, "atk": 261, "def": 182, "spa": 156, "spd": 156, "spe": 129}, "types": ["Fairy"]}}]}