{"id": "gen9randombattle-2641693135", "format": "[Gen 9] Random Battle", "players": ["APin23", "Steelix god"], "log": "|j|\u2606APin23\n|j|\u2606Steelix god\n|t:|1782830586\n|gametype|singles\n|player|p1|APin23|dawn-gen4pt|1152\n|player|p2|Steelix god|skyla|1202\n|gen|9\n|tier|[Gen 9] Random Battle\n|rated|\n|rule|Species Clause: Limit one of each Pok\u00e9mon\n|rule|HP Percentage Mod: HP is shown in percentages\n|rule|Sleep Clause Mod: Limit one foe put to sleep\n|rule|Illusion Level Mod: Illusion disguises the Pok\u00e9mon's true level\n|\n|t:|1782830586\n|teamsize|p1|6\n|teamsize|p2|6\n|start\n|switch|p1a: Ditto|Ditto, L87|225/225\n|switch|p2a: Toucannon|Toucannon, L88, F|284/284\n|-transform|p1a: Ditto|p2a: Toucannon|[from] ability: Imposter\n|turn|1\n|inactive|Battle timer is ON: inactive players will automatically lose when time's up. (requested by Steelix god)\n|\n|t:|1782830616\n|-singleturn|p1a: Ditto|move: Beak Blast\n|move|p2a: Toucannon|Boomburst|p1a: Ditto\n|-damage|p1a: Ditto|71/225\n|move|p1a: Ditto|Beak Blast|p2a: Toucannon\n|-damage|p2a: Toucannon|131/284\n|\n|upkeep\n|turn|2\n|inactive|APin23 has 120 seconds left.\n|\n|t:|1782830649\n|switch|p1a: Luxray|Luxray, L88, M|284/284\n|-ability|p1a: Luxray|Intimidate|boost\n|-unboost|p2a: Toucannon|atk|1\n|move|p2a: Toucannon|Boomburst|p1a: Luxray\n|-damage|p1a: Luxray|191/284\n|\n|upkeep\n|turn|3\n|\n|t:|1782830658\n|move|p1a: Luxray|Volt Switch|p2a: Toucannon\n|-supereffective|p2a: Toucannon\n|-damage|p2a: Toucannon|0 fnt\n|faint|p2a: Toucannon\n|\n|t:|1782830662\n|switch|p1a: Pikachu|Pikachu-Partner, L93, F|216/216|[from] Volt Switch\n|\n|upkeep\n|\n|t:|1782830674\n|switch|p2a: Garganacl|Garganacl, L80, F|291/291\n|turn|4\n|\n|t:|1782830680\n|move|p1a: Pikachu|Fake Out|p2a: Garganacl\n|-resisted|p2a: Garganacl\n|-damage|p2a: Garganacl|272/291\n|cant|p2a: Garganacl|flinch\n|\n|-heal|p2a: Garganacl|290/291|[from] item: Leftovers\n|upkeep\n|turn|5\n|inactive|APin23 has 120 seconds left.\n|\n|t:|1782830714\n|move|p1a: Pikachu|Volt Switch|p2a: Garganacl\n|-damage|p2a: Garganacl|166/291\n|inactive|APin23 has 120 seconds left.\n|\n|t:|1782830721\n|switch|p1a: Luxray|Luxray, L88, M|191/284|[from] Volt Switch\n|-ability|p1a: Luxray|Intimidate|boost\n|-unboost|p2a: Garganacl|atk|1\n|move|p2a: Garganacl|Earthquake|p1a: Luxray\n|-supereffective|p1a: Luxray\n|-damage|p1a: Luxray|93/284\n|\n|-heal|p2a: Garganacl|184/291|[from] item: Leftovers\n|upkeep\n|turn|6\n|\n|t:|1782830730\n|move|p1a: Luxray|Wild Charge|p2a: Garganacl\n|-damage|p2a: Garganacl|90/291\n|-damage|p1a: Luxray|69/284|[from] Recoil\n|move|p2a: Garganacl|Stealth Rock|p1a: Luxray\n|-sidestart|p1: APin23|move: Stealth Rock\n|\n|-heal|p2a: Garganacl|108/291|[from] item: Leftovers\n|upkeep\n|turn|7\n|\n|t:|1782830741\n|move|p1a: Luxray|Volt Switch|p2a: Garganacl\n|-damage|p2a: Garganacl|27/291\n|\n|t:|1782830743\n|switch|p1a: Basculin|Basculin-Blue-Striped, L86, F|261/261|[from] Volt Switch\n|-damage|p1a: Basculin|229/261|[from] Stealth Rock\n|move|p2a: Garganacl|Earthquake|p1a: Basculin\n|-damage|p1a: Basculin|179/261\n|\n|-heal|p2a: Garganacl|45/291|[from] item: Leftovers\n|upkeep\n|turn|8\n|\n|t:|1782830750\n|move|p1a: Basculin|Wave Crash|p2a: Garganacl\n|-supereffective|p2a: Garganacl\n|-damage|p2a: Garganacl|0 fnt\n|faint|p2a: Garganacl\n|-damage|p1a: Basculin|164/261|[from] Recoil\n|\n|upkeep\n|\n|t:|1782830755\n|switch|p2a: Meowscarada|Meowscarada, L78, F|247/247\n|turn|9\n|\n|t:|1782830769\n|switch|p1a: Luxray|Luxray, L88, M|69/284\n|-damage|p1a: Luxray|34/284|[from] Stealth Rock\n|-ability|p1a: Luxray|Intimidate|boost\n|-unboost|p2a: Meowscarada|atk|1\n|move|p2a: Meowscarada|Flower Trick|p1a: Luxray\n|-start|p2a: Meowscarada|typechange|Grass|[from] ability: Protean\n|-crit|p1a: Luxray\n|-damage|p1a: Luxray|0 fnt\n|faint|p1a: Luxray\n|\n|upkeep\n|\n|t:|1782830775\n|switch|p1a: Ditto|Ditto, L87|235/235\n|-damage|p1a: Ditto|206/235|[from] Stealth Rock\n|turn|10\n|\n|t:|1782830786\n|switch|p2a: Ceruledge|Ceruledge, L78, M|245/245\n|move|p1a: Ditto|Flamethrower|p2a: Ceruledge\n|-resisted|p2a: Ceruledge\n|-damage|p2a: Ceruledge|188/245\n|\n|upkeep\n|turn|11\n|\n|t:|1782830796\n|switch|p1a: Ting-Lu|Ting-Lu, L78|370/370\n|-damage|p1a: Ting-Lu|347/370|[from] Stealth Rock\n|-ability|p1a: Ting-Lu|Vessel of Ruin\n|move|p2a: Ceruledge|Close Combat|p1a: Ting-Lu\n|-supereffective|p1a: Ting-Lu\n|-damage|p1a: Ting-Lu|193/370\n|-unboost|p2a: Ceruledge|def|1\n|-unboost|p2a: Ceruledge|spd|1\n|\n|-heal|p1a: Ting-Lu|216/370|[from] item: Leftovers\n|upkeep\n|turn|12\n|\n|t:|1782830809\n|move|p2a: Ceruledge|Close Combat|p1a: Ting-Lu\n|-supereffective|p1a: Ting-Lu\n|-damage|p1a: Ting-Lu|56/370\n|-unboost|p2a: Ceruledge|def|1\n|-unboost|p2a: Ceruledge|spd|1\n|move|p1a: Ting-Lu|Throat Chop|p2a: Ceruledge\n|-supereffective|p2a: Ceruledge\n|-damage|p2a: Ceruledge|0 fnt\n|faint|p2a: Ceruledge\n|\n|-heal|p1a: Ting-Lu|79/370|[from] item: Leftovers\n|upkeep\n|\n|t:|1782830821\n|switch|p2a: Misdreavus|Misdreavus, L90, M|254/254\n|turn|13\n|\n|t:|1782830829\n|move|p2a: Misdreavus|Draining Kiss|p1a: Ting-Lu\n|-supereffective|p1a: Ting-Lu\n|-damage|p1a: Ting-Lu|19/370\n|move|p1a: Ting-Lu|Throat Chop|p2a: Misdreavus\n|-supereffective|p2a: Misdreavus\n|-damage|p2a: Misdreavus|110/254\n|-start|p2a: Misdreavus|Throat Chop|[silent]\n|\n|-heal|p1a: Ting-Lu|42/370|[from] item: Leftovers\n|upkeep\n|turn|14\n|\n|t:|1782830834\n|move|p2a: Misdreavus|Draining Kiss|p1a: Ting-Lu\n|-supereffective|p1a: Ting-Lu\n|-damage|p1a: Ting-Lu|0 fnt\n|-heal|p2a: Misdreavus|142/254|[from] drain|[of] p1a: Ting-Lu\n|faint|p1a: Ting-Lu\n|\n|-end|p2a: Misdreavus|Throat Chop|[silent]\n|upkeep\n|\n|t:|1782830848\n|switch|p1a: Ditto|Ditto, L87|71/225\n|-damage|p1a: Ditto|43/225|[from] Stealth Rock\n|-transform|p1a: Ditto|p2a: Misdreavus|[from] ability: Imposter\n|turn|15\n|\n|t:|1782830868\n|move|p1a: Ditto|Shadow Ball|p2a: Misdreavus\n|-supereffective|p2a: Misdreavus\n|-damage|p2a: Misdreavus|34/254\n|move|p2a: Misdreavus|Shadow Ball|p1a: Ditto\n|-supereffective|p1a: Ditto\n|-damage|p1a: Ditto|0 fnt\n|faint|p1a: Ditto\n|\n|upkeep\n|\n|t:|1782830876\n|switch|p1a: Basculin|Basculin-Blue-Striped, L86, F|164/261\n|-damage|p1a: Basculin|132/261|[from] Stealth Rock\n|turn|16\n|\n|t:|1782830881\n|move|p1a: Basculin|Flip Turn|p2a: Misdreavus\n|-damage|p2a: Misdreavus|0 fnt\n|faint|p2a: Misdreavus\n|\n|t:|1782830890\n|switch|p1a: Pikachu|Pikachu-Partner, L93, F|216/216|[from] Flip Turn\n|-damage|p1a: Pikachu|189/216|[from] Stealth Rock\n|\n|upkeep\n|\n|t:|1782830894\n|switch|p2a: Gumshoos|Gumshoos, L95, M|321/321\n|turn|17\n|\n|t:|1782830901\n|-terastallize|p2a: Gumshoos|Ground\n|move|p1a: Pikachu|Fake Out|p2a: Gumshoos\n|-damage|p2a: Gumshoos|270/321\n|cant|p2a: Gumshoos|flinch\n|\n|upkeep\n|turn|18\n|\n|t:|1782830906\n|-terastallize|p1a: Pikachu|Water\n|move|p1a: Pikachu|Surf|p2a: Gumshoos\n|-supereffective|p2a: Gumshoos\n|-damage|p2a: Gumshoos|0 fnt\n|faint|p2a: Gumshoos\n|\n|upkeep\n|\n|t:|1782830909\n|switch|p2a: Meowscarada|Meowscarada, L78, F|247/247\n|turn|19\n|\n|t:|1782830917\n|switch|p1a: Basculin|Basculin-Blue-Striped, L86, F|132/261\n|-damage|p1a: Basculin|100/261|[from] Stealth Rock\n|move|p2a: Meowscarada|Flower Trick|p1a: Basculin\n|-start|p2a: Meowscarada|typechange|Grass|[from] ability: Protean\n|-supereffective|p1a: Basculin\n|-crit|p1a: Basculin\n|-damage|p1a: Basculin|0 fnt\n|faint|p1a: Basculin\n|\n|upkeep\n|\n|t:|1782830924\n|switch|p1a: Pikachu|Pikachu-Partner, L93, F|206/235\n|-damage|p1a: Pikachu|177/235|[from] Stealth Rock\n|-start|p1a: Pikachu|typechange|Water|[silent]\n|turn|20\n|\n|t:|1782830935\n|move|p2a: Meowscarada|U-turn|p1a: Pikachu\n|-supereffective|p1a: Pikachu\n|-damage|p1a: Pikachu|59/235\n|replace|p1a: Zoroark|Zoroark, L83, F\n|-end|p1a: Zoroark|Illusion\n|-hint|Illusion Level Mod is active, so this Pok\u00e9mon's true level was hidden.\n|move|p1a: Zoroark|Flamethrower|p2a: Meowscarada\n|-supereffective|p2a: Meowscarada\n|-damage|p2a: Meowscarada|0 fnt\n|faint|p2a: Meowscarada\n|\n|win|APin23\n|raw|APin23's rating: 1152 &rarr; <strong>1181</strong><br />(+29 for winning)\n|raw|Steelix god's rating: 1202 &rarr; <strong>1173</strong><br />(-29 for losing)\n|l|\u2606Steelix god\n|player|p2|\n", "inputlog": ">version f8ac14003a5f27e1bdc8d8c59608a773c1cb96e5\n>start {\"formatid\":\"gen9randombattle\",\"seed\":\"sodium,34144dc9d667877b817a070d445b5332\",\"rated\":\"Rated battle\"}\n>player p1 {\"name\":\"APin23\",\"avatar\":\"dawn-gen4pt\",\"rating\":1152,\"seed\":\"sodium,48c2bc5e0ba8ea5d9b3182dff9e1fe6c\"}\n>player p2 {\"name\":\"Steelix god\",\"avatar\":\"skyla\",\"rating\":1202,\"seed\":\"sodium,d8964f3501a06104051126d560899fc8\"}\n>p1 move beakblast\n>p2 move boomburst\n>p1 switch 6\n>p2 move boomburst\n>p1 move voltswitch\n>p2 move knockoff\n>p1 switch 4\n>p2 switch 6\n>p1 move fakeout\n>p2 move earthquake\n>p1 move voltswitch\n>p2 move earthquake\n>p1 switch 4\n>p1 move wildcharge\n>p2 move stealthrock\n>p1 move voltswitch\n>p2 move earthquake\n>p1 switch 5\n>p1 move wavecrash\n>p2 move recover\n>p2 switch 5\n>p1 switch 5\n>p2 move flowertrick\n>p1 switch 2\n>p1 move flamethrower\n>p2 switch 2\n>p1 switch 3\n>p2 move closecombat\n>p1 move throatchop\n>p2 move closecombat\n>p2 switch 4\n>p1 move throatchop\n>p2 move drainingkiss\n>p1 move throatchop\n>p2 move drainingkiss\n>p1 switch 6\n>p1 move shadowball\n>p2 move shadowball\n>p1 switch 5\n>p1 move flipturn\n>p2 move drainingkiss\n>p1 switch 4\n>p2 switch 3\n>p1 move fakeout\n>p2 move earthquake terastallize\n>p1 move surf terastallize\n>p2 move earthquake\n>p2 switch 2\n>p1 switch 4\n>p2 move flowertrick\n>p1 switch 3\n>p1 move flamethrower\n>p2 move uturn", "uploadtime": 1782830948, "views": 3, "formatid": "gen9randombattle", "rating": 1173, "private": 0, "password": null, "player_dets": [{"name": "APin23", "avatar": "dawn-gen4pt", "rating": 1152, "seed": "sodium,48c2bc5e0ba8ea5d9b3182dff9e1fe6c"}, {"name": "Steelix god", "avatar": "skyla", "rating": 1202, "seed": "sodium,d8964f3501a06104051126d560899fc8"}], "teams_full": [{"Ditto": {"name": "Ditto", "species": "Ditto", "speciesId": "ditto", "gender": "N", "shiny": false, "level": 87, "moves": ["transform"], "ability": "Imposter", "evs": {"hp": 85, "atk": 85, "def": 85, "spa": 85, "spd": 85, "spe": 85}, "ivs": {"hp": 31, "atk": 31, "def": 31, "spa": 31, "spd": 31, "spe": 31}, "item": "Choice Scarf", "teraType": "Steel", "role": "Fast Support", "bvs": {"hp": 48, "atk": 48, "def": 48, "spa": 48, "spd": 48, "spe": 48}, "stats": {"hp": 225, "atk": 133, "def": 133, "spa": 133, "spd": 133, "spe": 133}, "types": ["Normal"]}, "Zoroark": {"name": "Zoroark", "species": "Zoroark", "speciesId": "zoroark", "gender": "F", "shiny": false, "level": 83, "moves": ["flamethrower", "trick", "sludgebomb", "darkpulse"], "ability": "Illusion", "evs": {"hp": 85, "atk": 0, "def": 85, "spa": 85, "spd": 85, "spe": 85}, "ivs": {"hp": 31, "atk": 0, "def": 31, "spa": 31, "spd": 31, "spe": 31}, "item": "Choice Specs", "teraType": "Poison", "role": "Wallbreaker", "bvs": {"hp": 60, "atk": 105, "def": 60, "spa": 120, "spd": 60, "spe": 105}, "stats": {"hp": 235, "atk": 179, "def": 147, "spa": 247, "spd": 147, "spe": 222}, "types": ["Dark"]}, "Ting-Lu": {"name": "Ting-Lu", "species": "Ting-Lu", "speciesId": "tinglu", "gender": "N", "shiny": false, "level": 78, "moves": ["spikes", "earthquake", "whirlwind", "throatchop"], "ability": "Vessel of Ruin", "evs": {"hp": 85, "atk": 85, "def": 85, "spa": 85, "spd": 85, "spe": 85}, "ivs": {"hp": 31, "atk": 31, "def": 31, "spa": 31, "spd": 31, "spe": 31}, "item": "Leftovers", "teraType": "Ghost", "role": "Bulky Support", "bvs": {"hp": 155, "atk": 110, "def": 125, "spa": 55, "spd": 80, "spe": 45}, "stats": {"hp": 370, "atk": 217, "def": 240, "spa": 131, "spd": 170, "spe": 115}, "types": ["Dark", "Ground"]}, "Pikachu": {"name": "Pikachu", "species": "Pikachu-Partner", "speciesId": "pikachu", "gender": "F", "shiny": false, "level": 93, "moves": ["voltswitch", "fakeout", "surf", "volttackle"], "ability": "Lightning Rod", "evs": {"hp": 85, "atk": 85, "def": 85, "spa": 85, "spd": 85, "spe": 85}, "ivs": {"hp": 31, "atk": 31, "def": 31, "spa": 31, "spd": 31, "spe": 31}, "item": "Light Ball", "teraType": "Water", "role": "Fast Attacker", "bvs": {"hp": 35, "atk": 55, "def": 40, "spa": 50, "spd": 50, "spe": 90}, "stats": {"hp": 216, "atk": 155, "def": 127, "spa": 146, "spd": 146, "spe": 220}, "types": ["Electric"]}, "Basculin": {"name": "Basculin", "species": "Basculin-Blue-Striped", "speciesId": "basculin", "gender": "F", "shiny": false, "level": 86, "moves": ["wavecrash", "aquajet", "doubleedge", "flipturn"], "ability": "Adaptability", "evs": {"hp": 85, "atk": 85, "def": 85, "spa": 85, "spd": 85, "spe": 85}, "ivs": {"hp": 31, "atk": 31, "def": 31, "spa": 31, "spd": 31, "spe": 31}, "item": "Choice Band", "teraType": "Water", "role": "Wallbreaker", "bvs": {"hp": 70, "atk": 92, "def": 65, "spa": 80, "spd": 55, "spe": 98}, "stats": {"hp": 261, "atk": 207, "def": 161, "spa": 187, "spd": 144, "spe": 218}, "types": ["Water"]}, "Luxray": {"name": "Luxray", "species": "Luxray", "speciesId": "luxray", "gender": "M", "shiny": false, "level": 88, "moves": ["playrough", "throatchop", "voltswitch", "wildcharge"], "ability": "Intimidate", "evs": {"hp": 85, "atk": 85, "def": 85, "spa": 85, "spd": 85, "spe": 85}, "ivs": {"hp": 31, "atk": 31, "def": 31, "spa": 31, "spd": 31, "spe": 31}, "item": "Assault Vest", "teraType": "Electric", "role": "AV Pivot", "bvs": {"hp": 80, "atk": 120, "def": 79, "spa": 95, "spd": 79, "spe": 70}, "stats": {"hp": 284, "atk": 261, "def": 189, "spa": 217, "spd": 189, "spe": 173}, "types": ["Electric"]}}, {"Toucannon": {"name": "Toucannon", "species": "Toucannon", "speciesId": "toucannon", "gender": "F", "shiny": false, "level": 88, "moves": ["knockoff", "roost", "beakblast", "boomburst"], "ability": "Keen Eye", "evs": {"hp": 85, "atk": 85, "def": 85, "spa": 85, "spd": 85, "spe": 85}, "ivs": {"hp": 31, "atk": 31, "def": 31, "spa": 31, "spd": 31, "spe": 31}, "item": "Heavy-Duty Boots", "teraType": "Steel", "role": "Bulky Support", "bvs": {"hp": 80, "atk": 120, "def": 75, "spa": 75, "spd": 75, "spe": 60}, "stats": {"hp": 284, "atk": 261, "def": 182, "spa": 182, "spd": 182, "spe": 156}, "types": ["Normal", "Flying"]}, "Ceruledge": {"name": "Ceruledge", "species": "Ceruledge", "speciesId": "ceruledge", "gender": "M", "shiny": false, "level": 78, "moves": ["closecombat", "poltergeist", "bitterblade", "swordsdance"], "ability": "Weak Armor", "evs": {"hp": 85, "atk": 85, "def": 85, "spa": 85, "spd": 85, "spe": 85}, "ivs": {"hp": 31, "atk": 31, "def": 31, "spa": 31, "spd": 31, "spe": 31}, "item": "Heavy-Duty Boots", "teraType": "Ghost", "role": "Setup Sweeper", "bvs": {"hp": 75, "atk": 125, "def": 80, "spa": 60, "spd": 100, "spe": 85}, "stats": {"hp": 245, "atk": 240, "def": 170, "spa": 139, "spd": 201, "spe": 178}, "types": ["Fire", "Ghost"]}, "Gumshoos": {"name": "Gumshoos", "species": "Gumshoos", "speciesId": "gumshoos", "gender": "M", "shiny": false, "level": 95, "moves": ["knockoff", "doubleedge", "uturn", "earthquake"], "ability": "Adaptability", "evs": {"hp": 85, "atk": 85, "def": 85, "spa": 85, "spd": 85, "spe": 85}, "ivs": {"hp": 31, "atk": 31, "def": 31, "spa": 31, "spd": 31, "spe": 31}, "item": "Choice Band", "teraType": "Ground", "role": "Fast Attacker", "bvs": {"hp": 88, "atk": 110, "def": 60, "spa": 55, "spd": 60, "spe": 45}, "stats": {"hp": 321, "atk": 263, "def": 168, "spa": 158, "spd": 168, "spe": 139}, "types": ["Normal"]}, "Misdreavus": {"name": "Misdreavus", "species": "Misdreavus", "speciesId": "misdreavus", "gender": "M", "shiny": false, "level": 90, "moves": ["shadowball", "drainingkiss", "willowisp", "calmmind"], "ability": "Levitate", "evs": {"hp": 85, "atk": 0, "def": 85, "spa": 85, "spd": 85, "spe": 85}, "ivs": {"hp": 31, "atk": 0, "def": 31, "spa": 31, "spd": 31, "spe": 31}, "item": "Eviolite", "teraType": "Fairy", "role": "Bulky Setup", "bvs": {"hp": 60, "atk": 60, "def": 60, "spa": 85, "spd": 85, "spe": 85}, "stats": {"hp": 254, "atk": 113, "def": 159, "spa": 204, "spd": 204, "spe": 204}, "types": ["Ghost"]}, "Meowscarada": {"name": "Meowscarada", "species": "Meowscarada", "speciesId": "meowscarada", "gender": "F", "shiny": false, "level": 78, "moves": ["uturn", "flowertrick", "toxicspikes", "knockoff"], "ability": "Protean", "evs": {"hp": 85, "atk": 85, "def": 85, "spa": 85, "spd": 85, "spe": 85}, "ivs": {"hp": 31, "atk": 31, "def": 31, "spa": 31, "spd": 31, "spe": 31}, "item": "Heavy-Duty Boots", "teraType": "Dark", "role": "Fast Support", "bvs": {"hp": 76, "atk": 110, "def": 70, "spa": 81, "spd": 70, "spe": 123}, "stats": {"hp": 247, "atk": 217, "def": 154, "spa": 171, "spd": 154, "spe": 237}, "types": ["Grass", "Dark"]}, "Garganacl": {"name": "Garganacl", "species": "Garganacl", "speciesId": "garganacl", "gender": "F", "shiny": false, "level": 80, "moves": ["recover", "stealthrock", "earthquake", "saltcure"], "ability": "Purifying Salt", "evs": {"hp": 85, "atk": 85, "def": 85, "spa": 85, "spd": 85, "spe": 85}, "ivs": {"hp": 31, "atk": 31, "def": 31, "spa": 31, "spd": 31, "spe": 31}, "item": "Leftovers", "teraType": "Dragon", "role": "Bulky Attacker", "bvs": {"hp": 100, "atk": 100, "def": 130, "spa": 45, "spd": 90, "spe": 35}, "stats": {"hp": 291, "atk": 206, "def": 254, "spa": 118, "spd": 190, "spe": 102}, "types": ["Rock"]}}]}