{"id": "gen9randombattle-2641705695", "format": "[Gen 9] Random Battle", "players": ["Fabilex", "Reulsen"], "log": "|j|\u2606Fabilex\n|j|\u2606Reulsen\n|t:|1782832113\n|gametype|singles\n|player|p1|Fabilex|169|2137\n|player|p2|Reulsen|red|2068\n|gen|9\n|tier|[Gen 9] Random Battle\n|rated|\n|rule|Species Clause: Limit one of each Pok\u00e9mon\n|rule|HP Percentage Mod: HP is shown in percentages\n|rule|Sleep Clause Mod: Limit one foe put to sleep\n|rule|Illusion Level Mod: Illusion disguises the Pok\u00e9mon's true level\n|\n|t:|1782832113\n|teamsize|p1|6\n|teamsize|p2|6\n|start\n|switch|p1a: Delibird|Delibird, M|252/252\n|switch|p2a: Masquerain|Masquerain, L87, F|264/264\n|-ability|p2a: Masquerain|Intimidate|boost\n|-unboost|p1a: Delibird|atk|1\n|turn|1\n|\n|t:|1782832132\n|switch|p2a: Girafarig|Girafarig, L89, M|269/269\n|move|p1a: Delibird|Brave Bird|p2a: Girafarig\n|-damage|p2a: Girafarig|179/269\n|-damage|p1a: Delibird|222/252|[from] Recoil\n|\n|upkeep\n|turn|2\n|inactive|Battle timer is ON: inactive players will automatically lose when time's up. (requested by Reulsen)\n|\n|t:|1782832161\n|move|p1a: Delibird|Spikes|p2a: Girafarig\n|-sidestart|p2: Reulsen|Spikes\n|move|p2a: Girafarig|Nasty Plot|p2a: Girafarig\n|-boost|p2a: Girafarig|spa|2\n|\n|upkeep\n|turn|3\n|\n|t:|1782832165\n|move|p1a: Delibird|Brave Bird|p2a: Girafarig\n|-damage|p2a: Girafarig|83/269\n|-damage|p1a: Delibird|190/252|[from] Recoil\n|move|p2a: Girafarig|Thunderbolt|p1a: Delibird\n|-supereffective|p1a: Delibird\n|-damage|p1a: Delibird|0 fnt\n|faint|p1a: Delibird\n|\n|upkeep\n|\n|t:|1782832174\n|switch|p1a: Indeedee|Indeedee, L84, M|238/238\n|-fieldstart|move: Psychic Terrain|[from] ability: Psychic Surge|[of] p1a: Indeedee\n|turn|4\n|\n|t:|1782832185\n|switch|p2a: Tyranitar|Tyranitar, L78, M|284/284\n|-damage|p2a: Tyranitar|249/284|[from] Spikes\n|-weather|Sandstorm|[from] ability: Sand Stream|[of] p2a: Tyranitar\n|move|p1a: Indeedee|Expanding Force|p2a: Tyranitar\n|-immune|p2a: Tyranitar\n|\n|-weather|Sandstorm|[upkeep]\n|-damage|p1a: Indeedee|224/238|[from] Sandstorm\n|-heal|p2a: Tyranitar|266/284|[from] item: Leftovers\n|upkeep\n|turn|5\n|\n|t:|1782832203\n|switch|p1a: Keldeo|Keldeo-Resolute, L79|273/273\n|move|p2a: Tyranitar|Knock Off|p1a: Keldeo\n|-resisted|p1a: Keldeo\n|-damage|p1a: Keldeo|210/273\n|-ability|p1a: Keldeo|Justified|boost\n|-boost|p1a: Keldeo|atk|1\n|-enditem|p1a: Keldeo|Life Orb|[from] move: Knock Off|[of] p2a: Tyranitar\n|\n|-weather|Sandstorm|[upkeep]\n|-damage|p1a: Keldeo|193/273|[from] Sandstorm\n|-heal|p2a: Tyranitar|283/284|[from] item: Leftovers\n|upkeep\n|turn|6\n|\n|t:|1782832213\n|switch|p2a: Masquerain|Masquerain, L87, F|264/264\n|-ability|p2a: Masquerain|Intimidate|boost\n|-unboost|p1a: Keldeo|atk|1\n|move|p1a: Keldeo|Hydro Pump|p2a: Masquerain|[miss]\n|-miss|p1a: Keldeo|p2a: Masquerain\n|\n|-weather|Sandstorm|[upkeep]\n|-damage|p1a: Keldeo|176/273|[from] Sandstorm\n|-damage|p2a: Masquerain|248/264|[from] Sandstorm\n|upkeep\n|turn|7\n|\n|t:|1782832224\n|switch|p1a: Lycanroc|Lycanroc, L86, M|269/269\n|move|p2a: Masquerain|Hurricane|p1a: Lycanroc\n|-resisted|p1a: Lycanroc\n|-damage|p1a: Lycanroc|215/269\n|\n|-weather|Sandstorm|[upkeep]\n|-damage|p2a: Masquerain|232/264|[from] Sandstorm\n|upkeep\n|turn|8\n|\n|t:|1782832239\n|switch|p2a: Toedscruel|Toedscruel, L87, F|281/281\n|-damage|p2a: Toedscruel|246/281|[from] Spikes\n|move|p1a: Lycanroc|Stone Edge|p2a: Toedscruel|[miss]\n|-miss|p1a: Lycanroc|p2a: Toedscruel\n|\n|-weather|none\n|-fieldend|move: Psychic Terrain\n|upkeep\n|turn|9\n|\n|t:|1782832251\n|switch|p1a: Ursaring|Ursaring, L84, F|288/288\n|move|p2a: Toedscruel|Knock Off|p1a: Ursaring\n|-damage|p1a: Ursaring|246/288\n|-enditem|p1a: Ursaring|Eviolite|[from] move: Knock Off|[of] p2a: Toedscruel\n|\n|upkeep\n|turn|10\n|\n|t:|1782832260\n|move|p2a: Toedscruel|Rapid Spin|p1a: Ursaring\n|-damage|p1a: Ursaring|213/288\n|-boost|p2a: Toedscruel|spe|1\n|-sideend|p2: Reulsen|Spikes|[from] move: Rapid Spin|[of] p2a: Toedscruel\n|move|p1a: Ursaring|Body Slam|p2a: Toedscruel\n|-damage|p2a: Toedscruel|117/281\n|\n|upkeep\n|turn|11\n|\n|t:|1782832277\n|move|p2a: Toedscruel|Giga Drain|p1a: Ursaring\n|-damage|p1a: Ursaring|137/288\n|-heal|p2a: Toedscruel|155/281|[from] drain|[of] p1a: Ursaring\n|move|p1a: Ursaring|Body Slam|p2a: Toedscruel\n|-damage|p2a: Toedscruel|19/281\n|\n|upkeep\n|turn|12\n|\n|t:|1782832295\n|move|p2a: Toedscruel|Earth Power|p1a: Ursaring\n|-damage|p1a: Ursaring|46/288\n|move|p1a: Ursaring|Body Slam|p2a: Toedscruel\n|-damage|p2a: Toedscruel|0 fnt\n|faint|p2a: Toedscruel\n|\n|upkeep\n|\n|t:|1782832309\n|switch|p2a: Girafarig|Girafarig, L89, M|83/269\n|turn|13\n|\n|t:|1782832319\n|switch|p1a: Indeedee|Indeedee, L84, M|224/238\n|-fieldstart|move: Psychic Terrain|[from] ability: Psychic Surge|[of] p1a: Indeedee\n|move|p2a: Girafarig|Hyper Voice|p1a: Indeedee\n|-damage|p1a: Indeedee|137/238\n|\n|upkeep\n|turn|14\n|\n|t:|1782832329\n|switch|p2a: Tyranitar|Tyranitar, L78, M|283/284\n|-weather|Sandstorm|[from] ability: Sand Stream|[of] p2a: Tyranitar\n|move|p1a: Indeedee|Hyper Voice|p2a: Tyranitar\n|-resisted|p2a: Tyranitar\n|-damage|p2a: Tyranitar|230/284\n|\n|-weather|Sandstorm|[upkeep]\n|-damage|p1a: Indeedee|123/238|[from] Sandstorm\n|-heal|p2a: Tyranitar|247/284|[from] item: Leftovers\n|upkeep\n|turn|15\n|\n|t:|1782832341\n|switch|p1a: Ursaring|Ursaring, L84, F|46/288\n|move|p2a: Tyranitar|Stealth Rock|p1a: Ursaring\n|-sidestart|p1: Fabilex|move: Stealth Rock\n|\n|-weather|Sandstorm|[upkeep]\n|-damage|p1a: Ursaring|28/288|[from] Sandstorm\n|-heal|p2a: Tyranitar|264/284|[from] item: Leftovers\n|upkeep\n|turn|16\n|\n|t:|1782832351\n|switch|p2a: Girafarig|Girafarig, L89, M|83/269\n|move|p1a: Ursaring|Body Slam|p2a: Girafarig\n|-damage|p2a: Girafarig|0 fnt\n|faint|p2a: Girafarig\n|\n|-weather|Sandstorm|[upkeep]\n|-damage|p1a: Ursaring|10/288|[from] Sandstorm\n|upkeep\n|\n|t:|1782832368\n|switch|p2a: Masquerain|Masquerain, L87, F|232/264\n|-ability|p2a: Masquerain|Intimidate|boost\n|-unboost|p1a: Ursaring|atk|1\n|turn|17\n|\n|t:|1782832374\n|move|p2a: Masquerain|Bug Buzz|p1a: Ursaring\n|-damage|p1a: Ursaring|0 fnt\n|faint|p1a: Ursaring\n|\n|-weather|Sandstorm|[upkeep]\n|-damage|p2a: Masquerain|216/264|[from] Sandstorm\n|-fieldend|move: Psychic Terrain\n|upkeep\n|\n|t:|1782832378\n|switch|p1a: Lycanroc|Lycanroc, L86, M|215/269\n|-damage|p1a: Lycanroc|182/269|[from] Stealth Rock\n|turn|18\n|\n|t:|1782832396\n|-terastallize|p2a: Masquerain|Water\n|move|p1a: Lycanroc|Swords Dance|p1a: Lycanroc\n|-boost|p1a: Lycanroc|atk|2\n|move|p2a: Masquerain|Hydro Pump|p1a: Lycanroc\n|-supereffective|p1a: Lycanroc\n|-damage|p1a: Lycanroc|0 fnt\n|faint|p1a: Lycanroc\n|\n|-weather|none\n|upkeep\n|\n|t:|1782832403\n|switch|p1a: Indeedee|Indeedee, L84, M|123/238\n|-damage|p1a: Indeedee|94/238|[from] Stealth Rock\n|-fieldstart|move: Psychic Terrain|[from] ability: Psychic Surge|[of] p1a: Indeedee\n|turn|19\n|\n|t:|1782832409\n|switch|p2a: Tyranitar|Tyranitar, L78, M|264/284\n|-weather|Sandstorm|[from] ability: Sand Stream|[of] p2a: Tyranitar\n|move|p1a: Indeedee|Dazzling Gleam|p2a: Tyranitar\n|-supereffective|p2a: Tyranitar\n|-damage|p2a: Tyranitar|154/284\n|\n|-weather|Sandstorm|[upkeep]\n|-damage|p1a: Indeedee|80/238|[from] Sandstorm\n|-heal|p2a: Tyranitar|171/284|[from] item: Leftovers\n|upkeep\n|turn|20\n|\n|t:|1782832427\n|move|p1a: Indeedee|Dazzling Gleam|p2a: Tyranitar\n|-supereffective|p2a: Tyranitar\n|-damage|p2a: Tyranitar|45/284\n|move|p2a: Tyranitar|Knock Off|p1a: Indeedee\n|-supereffective|p1a: Indeedee\n|-damage|p1a: Indeedee|0 fnt\n|-enditem|p1a: Indeedee|Choice Specs|[from] move: Knock Off|[of] p2a: Tyranitar\n|faint|p1a: Indeedee\n|\n|-weather|Sandstorm|[upkeep]\n|-heal|p2a: Tyranitar|62/284|[from] item: Leftovers\n|upkeep\n|\n|t:|1782832431\n|switch|p1a: Keldeo|Keldeo-Resolute, L79|176/273\n|-damage|p1a: Keldeo|159/273|[from] Stealth Rock\n|turn|21\n|\n|t:|1782832445\n|move|p1a: Keldeo|Secret Sword|p2a: Tyranitar\n|-supereffective|p2a: Tyranitar\n|-damage|p2a: Tyranitar|0 fnt\n|faint|p2a: Tyranitar\n|\n|-weather|Sandstorm|[upkeep]\n|-damage|p1a: Keldeo|142/273|[from] Sandstorm\n|upkeep\n|\n|t:|1782832455\n|switch|p2a: Flutter Mane|Flutter Mane, L74|203/203\n|turn|22\n|\n|t:|1782832459\n|move|p2a: Flutter Mane|Moonblast|p1a: Keldeo\n|-supereffective|p1a: Keldeo\n|-damage|p1a: Keldeo|0 fnt\n|faint|p1a: Keldeo\n|-damage|p2a: Flutter Mane|183/203|[from] item: Life Orb\n|\n|-weather|Sandstorm|[upkeep]\n|-damage|p2a: Flutter Mane|171/203|[from] Sandstorm\n|upkeep\n|\n|t:|1782832463\n|switch|p1a: Arceus|Arceus-Steel, L70|284/284\n|-damage|p1a: Arceus|267/284|[from] Stealth Rock\n|turn|23\n|\n|t:|1782832479\n|move|p2a: Flutter Mane|Mystical Fire|p1a: Arceus\n|-supereffective|p1a: Arceus\n|-damage|p1a: Arceus|137/284\n|-unboost|p1a: Arceus|spa|1\n|-damage|p2a: Flutter Mane|151/203|[from] item: Life Orb\n|move|p1a: Arceus|Calm Mind|p1a: Arceus\n|-boost|p1a: Arceus|spa|1\n|-boost|p1a: Arceus|spd|1\n|\n|-weather|none\n|-fieldend|move: Psychic Terrain\n|upkeep\n|turn|24\n|\n|t:|1782832488\n|move|p2a: Flutter Mane|Calm Mind|p2a: Flutter Mane\n|-boost|p2a: Flutter Mane|spa|1\n|-boost|p2a: Flutter Mane|spd|1\n|move|p1a: Arceus|Recover|p1a: Arceus\n|-heal|p1a: Arceus|279/284\n|\n|upkeep\n|turn|25\n|\n|t:|1782832494\n|move|p2a: Flutter Mane|Calm Mind|p2a: Flutter Mane\n|-boost|p2a: Flutter Mane|spa|1\n|-boost|p2a: Flutter Mane|spd|1\n|move|p1a: Arceus|Calm Mind|p1a: Arceus\n|-boost|p1a: Arceus|spa|1\n|-boost|p1a: Arceus|spd|1\n|\n|upkeep\n|turn|26\n|\n|t:|1782832498\n|move|p2a: Flutter Mane|Mystical Fire|p1a: Arceus\n|-supereffective|p1a: Arceus\n|-damage|p1a: Arceus|154/284\n|-unboost|p1a: Arceus|spa|1\n|-damage|p2a: Flutter Mane|131/203|[from] item: Life Orb\n|move|p1a: Arceus|Calm Mind|p1a: Arceus\n|-boost|p1a: Arceus|spa|1\n|-boost|p1a: Arceus|spd|1\n|\n|upkeep\n|turn|27\n|\n|t:|1782832505\n|move|p2a: Flutter Mane|Calm Mind|p2a: Flutter Mane\n|-boost|p2a: Flutter Mane|spa|1\n|-boost|p2a: Flutter Mane|spd|1\n|move|p1a: Arceus|Calm Mind|p1a: Arceus\n|-boost|p1a: Arceus|spa|1\n|-boost|p1a: Arceus|spd|1\n|\n|upkeep\n|turn|28\n|\n|t:|1782832509\n|move|p2a: Flutter Mane|Mystical Fire|p1a: Arceus\n|-supereffective|p1a: Arceus\n|-damage|p1a: Arceus|32/284\n|-unboost|p1a: Arceus|spa|1\n|-damage|p2a: Flutter Mane|111/203|[from] item: Life Orb\n|move|p1a: Arceus|Judgment|p2a: Flutter Mane\n|-supereffective|p2a: Flutter Mane\n|-damage|p2a: Flutter Mane|9/203\n|\n|upkeep\n|turn|29\n|\n|t:|1782832516\n|-terastallize|p1a: Arceus|Ghost\n|move|p2a: Flutter Mane|Mystical Fire|p1a: Arceus\n|-damage|p1a: Arceus|0 fnt\n|faint|p1a: Arceus\n|-damage|p2a: Flutter Mane|0 fnt|[from] item: Life Orb\n|faint|p2a: Flutter Mane\n|-end|p2a: Flutter Mane|Protosynthesis|[silent]\n|\n|win|Reulsen\n", "inputlog": ">version f8ac14003a5f27e1bdc8d8c59608a773c1cb96e5\n>start {\"formatid\":\"gen9randombattle\",\"seed\":\"sodium,8dca9429b62abe31e3ee0d0c9670498f\",\"rated\":\"Rated battle\"}\n>player p1 {\"name\":\"Fabilex\",\"avatar\":\"169\",\"rating\":2137,\"seed\":\"sodium,c2d6dc1056dfec573da7a9c62028f989\"}\n>player p2 {\"name\":\"Reulsen\",\"avatar\":\"red\",\"rating\":2068,\"seed\":\"sodium,0ef21c8e206314e38871968c72b4ef03\"}\n>p1 move bravebird\n>p2 switch 5\n>p1 move spikes\n>p2 move nastyplot\n>p1 move bravebird\n>p2 move thunderbolt\n>p1 switch 3\n>p1 move expandingforce\n>p2 switch 6\n>p1 switch 2\n>p2 move knockoff\n>p1 move hydropump\n>p2 switch 5\n>p1 switch 5\n>p2 move hurricane\n>p1 move stoneedge\n>p2 switch 3\n>p1 switch 4\n>p2 move knockoff\n>p1 move bodyslam\n>p2 move rapidspin\n>p1 move bodyslam\n>p2 move gigadrain\n>p1 move bodyslam\n>p2 move earthpower\n>p2 switch 6\n>p1 switch 2\n>p2 move hypervoice\n>p1 move hypervoice\n>p2 switch 5\n>p1 switch 2\n>p2 move stealthrock\n>p1 move bodyslam\n>p2 switch 5\n>p2 switch 3\n>p1 move bodyslam\n>p2 move bugbuzz\n>p1 switch 4\n>p1 move swordsdance\n>p2 move hydropump terastallize\n>p1 switch 2\n>p1 move dazzlinggleam\n>p2 switch 5\n>p1 move dazzlinggleam\n>p2 move knockoff\n>p1 switch 5\n>p1 move secretsword\n>p2 move stoneedge\n>p2 switch 4\n>p1 move hydropump\n>p2 move moonblast\n>p1 switch 6\n>p1 move calmmind\n>p2 move mysticalfire\n>p1 move recover\n>p2 move calmmind\n>p1 move calmmind\n>p2 move calmmind\n>p1 move calmmind\n>p2 move mysticalfire\n>p1 move calmmind\n>p2 move calmmind\n>p1 move judgment\n>p2 move mysticalfire\n>p1 move judgment terastallize\n>p2 move mysticalfire", "uploadtime": 1782832115, "views": 3, "formatid": "gen9randombattle", "rating": null, "private": 0, "password": null, "player_dets": [{"name": "Fabilex", "avatar": "169", "rating": 2137, "seed": "sodium,c2d6dc1056dfec573da7a9c62028f989"}, {"name": "Reulsen", "avatar": "red", "rating": 2068, "seed": "sodium,0ef21c8e206314e38871968c72b4ef03"}], "teams_full": [{"Delibird": {"name": "Delibird", "species": "Delibird", "speciesId": "delibird", "gender": "M", "shiny": false, "level": 100, "moves": ["spikes", "icespinner", "bravebird", "iceshard"], "ability": "Hustle", "evs": {"hp": 85, "atk": 85, "def": 85, "spa": 85, "spd": 85, "spe": 85}, "ivs": {"hp": 31, "atk": 31, "def": 31, "spa": 31, "spd": 31, "spe": 31}, "item": "Heavy-Duty Boots", "teraType": "Ice", "role": "Fast Attacker", "bvs": {"hp": 45, "atk": 55, "def": 45, "spa": 65, "spd": 45, "spe": 75}, "stats": {"hp": 252, "atk": 167, "def": 147, "spa": 187, "spd": 147, "spe": 207}, "types": ["Ice", "Flying"]}, "Keldeo": {"name": "Keldeo", "species": "Keldeo-Resolute", "speciesId": "keldeoresolute", "gender": "N", "shiny": false, "level": 79, "moves": ["secretsword", "calmmind", "hydropump", "vacuumwave"], "ability": "Justified", "evs": {"hp": 85, "atk": 0, "def": 85, "spa": 85, "spd": 85, "spe": 85}, "ivs": {"hp": 31, "atk": 0, "def": 31, "spa": 31, "spd": 31, "spe": 31}, "item": "Life Orb", "teraType": "Water", "role": "Fast Attacker", "bvs": {"hp": 91, "atk": 72, "def": 90, "spa": 129, "spd": 90, "spe": 108}, "stats": {"hp": 273, "atk": 118, "def": 188, "spa": 249, "spd": 188, "spe": 216}, "types": ["Water", "Fighting"]}, "Indeedee": {"name": "Indeedee", "species": "Indeedee", "speciesId": "indeedee", "gender": "M", "shiny": false, "level": 84, "moves": ["hypervoice", "expandingforce", "shadowball", "dazzlinggleam"], "ability": "Psychic Surge", "evs": {"hp": 85, "atk": 0, "def": 85, "spa": 85, "spd": 85, "spe": 85}, "ivs": {"hp": 31, "atk": 0, "def": 31, "spa": 31, "spd": 31, "spe": 31}, "item": "Choice Specs", "teraType": "Psychic", "role": "Fast Attacker", "bvs": {"hp": 60, "atk": 65, "def": 55, "spa": 105, "spd": 95, "spe": 95}, "stats": {"hp": 238, "atk": 114, "def": 141, "spa": 225, "spd": 208, "spe": 208}, "types": ["Psychic", "Normal"]}, "Ursaring": {"name": "Ursaring", "species": "Ursaring", "speciesId": "ursaring", "gender": "F", "shiny": false, "level": 84, "moves": ["rest", "earthquake", "sleeptalk", "bodyslam"], "ability": "Guts", "evs": {"hp": 85, "atk": 85, "def": 85, "spa": 85, "spd": 85, "spe": 85}, "ivs": {"hp": 31, "atk": 31, "def": 31, "spa": 31, "spd": 31, "spe": 31}, "item": "Eviolite", "teraType": "Ground", "role": "Bulky Attacker", "bvs": {"hp": 90, "atk": 130, "def": 75, "spa": 75, "spd": 75, "spe": 55}, "stats": {"hp": 288, "atk": 267, "def": 174, "spa": 174, "spd": 174, "spe": 141}, "types": ["Normal"]}, "Lycanroc": {"name": "Lycanroc", "species": "Lycanroc", "speciesId": "lycanroc", "gender": "M", "shiny": false, "level": 86, "moves": ["closecombat", "stoneedge", "swordsdance", "crunch"], "ability": "Sand Rush", "evs": {"hp": 85, "atk": 85, "def": 85, "spa": 85, "spd": 85, "spe": 85}, "ivs": {"hp": 31, "atk": 31, "def": 31, "spa": 31, "spd": 31, "spe": 31}, "item": "Life Orb", "teraType": "Fighting", "role": "Fast Attacker", "bvs": {"hp": 75, "atk": 115, "def": 65, "spa": 55, "spd": 65, "spe": 112}, "stats": {"hp": 269, "atk": 247, "def": 161, "spa": 144, "spd": 161, "spe": 242}, "types": ["Rock"]}, "Arceus": {"name": "Arceus", "species": "Arceus-Steel", "speciesId": "arceussteel", "gender": "N", "shiny": false, "level": 70, "moves": ["calmmind", "recover", "judgment", "earthpower"], "ability": "Multitype", "evs": {"hp": 85, "atk": 0, "def": 85, "spa": 85, "spd": 85, "spe": 85}, "ivs": {"hp": 31, "atk": 0, "def": 31, "spa": 31, "spd": 31, "spe": 31}, "item": "Iron Plate", "teraType": "Ghost", "role": "Bulky Setup", "bvs": {"hp": 120, "atk": 120, "def": 120, "spa": 120, "spd": 120, "spe": 120}, "stats": {"hp": 284, "atk": 173, "def": 209, "spa": 209, "spd": 209, "spe": 209}, "types": ["Steel"]}}, {"Masquerain": {"name": "Masquerain", "species": "Masquerain", "speciesId": "masquerain", "gender": "F", "shiny": false, "level": 87, "moves": ["bugbuzz", "stickyweb", "hydropump", "hurricane"], "ability": "Intimidate", "evs": {"hp": 85, "atk": 0, "def": 85, "spa": 85, "spd": 85, "spe": 85}, "ivs": {"hp": 31, "atk": 0, "def": 31, "spa": 31, "spd": 31, "spe": 31}, "item": "Heavy-Duty Boots", "teraType": "Water", "role": "Fast Support", "bvs": {"hp": 70, "atk": 60, "def": 62, "spa": 100, "spd": 82, "spe": 80}, "stats": {"hp": 264, "atk": 109, "def": 158, "spa": 224, "spd": 192, "spe": 189}, "types": ["Bug", "Flying"]}, "Rampardos": {"name": "Rampardos", "species": "Rampardos", "speciesId": "rampardos", "gender": "M", "shiny": false, "level": 90, "moves": ["firepunch", "earthquake", "rockslide", "headsmash"], "ability": "Sheer Force", "evs": {"hp": 85, "atk": 85, "def": 85, "spa": 85, "spd": 85, "spe": 85}, "ivs": {"hp": 31, "atk": 31, "def": 31, "spa": 31, "spd": 31, "spe": 31}, "item": "Choice Scarf", "teraType": "Fire", "role": "Fast Attacker", "bvs": {"hp": 97, "atk": 165, "def": 60, "spa": 65, "spd": 50, "spe": 58}, "stats": {"hp": 321, "atk": 348, "def": 159, "spa": 168, "spd": 141, "spe": 156}, "types": ["Rock"]}, "Toedscruel": {"name": "Toedscruel", "species": "Toedscruel", "speciesId": "toedscruel", "gender": "F", "shiny": false, "level": 87, "moves": ["knockoff", "earthpower", "gigadrain", "rapidspin"], "ability": "Mycelium Might", "evs": {"hp": 85, "atk": 85, "def": 85, "spa": 85, "spd": 85, "spe": 85}, "ivs": {"hp": 31, "atk": 31, "def": 31, "spa": 31, "spd": 31, "spe": 31}, "item": "Assault Vest", "teraType": "Water", "role": "Bulky Support", "bvs": {"hp": 80, "atk": 70, "def": 65, "spa": 80, "spd": 120, "spe": 100}, "stats": {"hp": 281, "atk": 172, "def": 163, "spa": 189, "spd": 259, "spe": 224}, "types": ["Ground", "Grass"]}, "Flutter Mane": {"name": "Flutter Mane", "species": "Flutter Mane", "speciesId": "fluttermane", "gender": "N", "shiny": false, "level": 74, "moves": ["shadowball", "moonblast", "mysticalfire", "calmmind"], "ability": "Protosynthesis", "evs": {"hp": 85, "atk": 0, "def": 85, "spa": 85, "spd": 85, "spe": 85}, "ivs": {"hp": 31, "atk": 0, "def": 31, "spa": 31, "spd": 31, "spe": 31}, "item": "Life Orb", "teraType": "Fairy", "role": "Setup Sweeper", "bvs": {"hp": 55, "atk": 55, "def": 55, "spa": 135, "spd": 135, "spe": 135}, "stats": {"hp": 203, "atk": 86, "def": 124, "spa": 243, "spd": 243, "spe": 243}, "types": ["Ghost", "Fairy"]}, "Girafarig": {"name": "Girafarig", "species": "Girafarig", "speciesId": "girafarig", "gender": "M", "shiny": false, "level": 89, "moves": ["psyshock", "nastyplot", "thunderbolt", "hypervoice"], "ability": "Sap Sipper", "evs": {"hp": 85, "atk": 0, "def": 85, "spa": 85, "spd": 85, "spe": 85}, "ivs": {"hp": 31, "atk": 0, "def": 31, "spa": 31, "spd": 31, "spe": 31}, "item": "Eviolite", "teraType": "Normal", "role": "Fast Bulky Setup", "bvs": {"hp": 70, "atk": 80, "def": 65, "spa": 90, "spd": 65, "spe": 85}, "stats": {"hp": 269, "atk": 147, "def": 166, "spa": 211, "spd": 166, "spe": 202}, "types": ["Normal", "Psychic"]}, "Tyranitar": {"name": "Tyranitar", "species": "Tyranitar", "speciesId": "tyranitar", "gender": "M", "shiny": false, "level": 78, "moves": ["icebeam", "knockoff", "stoneedge", "stealthrock"], "ability": "Sand Stream", "evs": {"hp": 85, "atk": 85, "def": 85, "spa": 85, "spd": 85, "spe": 85}, "ivs": {"hp": 31, "atk": 31, "def": 31, "spa": 31, "spd": 31, "spe": 31}, "item": "Leftovers", "teraType": "Ghost", "role": "Bulky Support", "bvs": {"hp": 100, "atk": 134, "def": 110, "spa": 95, "spd": 100, "spe": 61}, "stats": {"hp": 284, "atk": 254, "def": 217, "spa": 193, "spd": 201, "spe": 140}, "types": ["Rock", "Dark"]}}]}