{"id": "gen9randombattle-2641730765", "format": "[Gen 9] Random Battle", "players": ["RandomBattleBum", "Consider IT"], "log": "|j|\u2606RandomBattleBum\n|j|\u2606Consider IT\n|t:|1782835146\n|gametype|singles\n|player|p1|RandomBattleBum|swimmer-gen4dp|1366\n|player|p2|Consider IT|2|1399\n|gen|9\n|tier|[Gen 9] Random Battle\n|rated|\n|rule|Species Clause: Limit one of each Pok\u00e9mon\n|rule|HP Percentage Mod: HP is shown in percentages\n|rule|Sleep Clause Mod: Limit one foe put to sleep\n|rule|Illusion Level Mod: Illusion disguises the Pok\u00e9mon's true level\n|\n|t:|1782835146\n|teamsize|p1|6\n|teamsize|p2|6\n|start\n|switch|p1a: Iron Bundle|Iron Bundle, L78|215/215\n|switch|p2a: Klawf|Klawf, L90, M|272/272\n|turn|1\n|\n|t:|1782835181\n|move|p1a: Iron Bundle|Flip Turn|p2a: Klawf\n|-supereffective|p2a: Klawf\n|-damage|p2a: Klawf|194/272\n|\n|t:|1782835192\n|-end|p1a: Iron Bundle|Quark Drive|[silent]\n|switch|p1a: Annihilape|Annihilape, L76, F|292/292|[from] Flip Turn\n|move|p2a: Klawf|Stone Edge|p1a: Annihilape\n|-resisted|p1a: Annihilape\n|-damage|p1a: Annihilape|214/292\n|\n|-heal|p1a: Annihilape|232/292|[from] item: Leftovers\n|upkeep\n|turn|2\n|\n|t:|1782835204\n|move|p2a: Klawf|Knock Off|p1a: Annihilape\n|-damage|p1a: Annihilape|130/292\n|-enditem|p1a: Annihilape|Leftovers|[from] move: Knock Off|[of] p2a: Klawf\n|move|p1a: Annihilape|Bulk Up|p1a: Annihilape\n|-boost|p1a: Annihilape|atk|1\n|-boost|p1a: Annihilape|def|1\n|\n|upkeep\n|turn|3\n|\n|t:|1782835223\n|move|p2a: Klawf|Crabhammer|p1a: Annihilape\n|-crit|p1a: Annihilape\n|-damage|p1a: Annihilape|0 fnt\n|faint|p1a: Annihilape\n|\n|upkeep\n|c|\u2606Consider IT|Crit\n|c|\u2606Consider IT|Mattered\n|\n|t:|1782835240\n|switch|p1a: Iron Bundle|Iron Bundle, L78|215/215\n|turn|4\n|\n|t:|1782835244\n|move|p1a: Iron Bundle|Hydro Pump|p2a: Klawf\n|-supereffective|p2a: Klawf\n|-damage|p2a: Klawf|0 fnt\n|faint|p2a: Klawf\n|\n|upkeep\n|\n|t:|1782835248\n|switch|p2a: Bellibolt|Bellibolt, L84, F|320/320\n|turn|5\n|inactive|Battle timer is ON: inactive players will automatically lose when time's up. (requested by RandomBattleBum)\n|\n|t:|1782835303\n|move|p1a: Iron Bundle|Hydro Pump|p2a: Bellibolt\n|-damage|p2a: Bellibolt|139/320\n|-start|p2a: Bellibolt|Charge|Hydro Pump|[from] ability: Electromorphosis\n|move|p2a: Bellibolt|Toxic|p1a: Iron Bundle\n|-status|p1a: Iron Bundle|tox\n|\n|-heal|p2a: Bellibolt|159/320|[from] item: Leftovers\n|-damage|p1a: Iron Bundle|202/215 tox|[from] psn\n|upkeep\n|turn|6\n|\n|t:|1782835311\n|move|p1a: Iron Bundle|Hydro Pump|p2a: Bellibolt\n|-damage|p2a: Bellibolt|0 fnt\n|faint|p2a: Bellibolt\n|\n|-damage|p1a: Iron Bundle|176/215 tox|[from] psn\n|upkeep\n|\n|t:|1782835324\n|switch|p2a: Porygon2|Porygon2, L81|270/270\n|-ability|p2a: Porygon2|Download|boost\n|-boost|p2a: Porygon2|spa|1\n|turn|7\n|\n|t:|1782835329\n|move|p1a: Iron Bundle|Hydro Pump|p2a: Porygon2\n|-damage|p2a: Porygon2|152/270\n|move|p2a: Porygon2|Tera Blast|p1a: Iron Bundle\n|-damage|p1a: Iron Bundle|11/215 tox\n|\n|-damage|p1a: Iron Bundle|0 fnt|[from] psn\n|faint|p1a: Iron Bundle\n|-end|p1a: Iron Bundle|Quark Drive|[silent]\n|upkeep\n|\n|t:|1782835345\n|switch|p1a: Skuntank|Skuntank, L84, M|310/310\n|turn|8\n|\n|t:|1782835357\n|move|p1a: Skuntank|Toxic Spikes|p2a: Porygon2\n|-sidestart|p2: Consider IT|move: Toxic Spikes\n|move|p2a: Porygon2|Thunder Wave|p1a: Skuntank\n|-status|p1a: Skuntank|par\n|\n|upkeep\n|turn|9\n|\n|t:|1782835364\n|move|p2a: Porygon2|Recover|p2a: Porygon2\n|-heal|p2a: Porygon2|270/270\n|move|p1a: Skuntank|Toxic Spikes|p2a: Porygon2\n|-sidestart|p2: Consider IT|move: Toxic Spikes\n|\n|upkeep\n|turn|10\n|\n|t:|1782835375\n|move|p2a: Porygon2|Tera Blast|p1a: Skuntank\n|-damage|p1a: Skuntank|144/310 par\n|move|p1a: Skuntank|Knock Off|p2a: Porygon2\n|-damage|p2a: Porygon2|183/270\n|-enditem|p2a: Porygon2|Eviolite|[from] move: Knock Off|[of] p1a: Skuntank\n|-damage|p1a: Skuntank|113/310 par|[from] item: Life Orb\n|\n|upkeep\n|turn|11\n|\n|t:|1782835391\n|move|p1a: Skuntank|Sucker Punch|p2a: Porygon2\n|-damage|p2a: Porygon2|86/270\n|-damage|p1a: Skuntank|82/310 par|[from] item: Life Orb\n|move|p2a: Porygon2|Tera Blast|p1a: Skuntank\n|-damage|p1a: Skuntank|0 fnt\n|faint|p1a: Skuntank\n|\n|upkeep\n|inactive|RandomBattleBum has 120 seconds left.\n|\n|t:|1782835412\n|switch|p1a: Kilowattrel|Kilowattrel, L83, M|252/252\n|turn|12\n|\n|t:|1782835420\n|move|p1a: Kilowattrel|Discharge|p2a: Porygon2\n|-damage|p2a: Porygon2|7/270\n|move|p2a: Porygon2|Recover|p2a: Porygon2\n|-heal|p2a: Porygon2|142/270\n|\n|upkeep\n|turn|13\n|\n|t:|1782835435\n|move|p1a: Kilowattrel|Hurricane|p2a: Porygon2\n|-damage|p2a: Porygon2|24/270\n|move|p2a: Porygon2|Recover|p2a: Porygon2\n|-heal|p2a: Porygon2|159/270\n|\n|upkeep\n|turn|14\n|\n|t:|1782835444\n|move|p1a: Kilowattrel|Discharge|p2a: Porygon2\n|-damage|p2a: Porygon2|71/270\n|-status|p2a: Porygon2|par\n|move|p2a: Porygon2|Recover|p2a: Porygon2\n|-heal|p2a: Porygon2|206/270 par\n|\n|upkeep\n|turn|15\n|\n|t:|1782835462\n|move|p1a: Kilowattrel|Discharge|p2a: Porygon2\n|-damage|p2a: Porygon2|119/270 par\n|move|p2a: Porygon2|Recover|p2a: Porygon2\n|-heal|p2a: Porygon2|254/270 par\n|\n|upkeep\n|turn|16\n|\n|t:|1782835477\n|move|p1a: Kilowattrel|Discharge|p2a: Porygon2\n|-damage|p2a: Porygon2|164/270 par\n|move|p2a: Porygon2|Tera Blast|p1a: Kilowattrel\n|-damage|p1a: Kilowattrel|98/252\n|\n|upkeep\n|turn|17\n|\n|t:|1782835488\n|move|p1a: Kilowattrel|Roost|p1a: Kilowattrel\n|-heal|p1a: Kilowattrel|224/252\n|-singleturn|p1a: Kilowattrel|move: Roost\n|move|p2a: Porygon2|Recover|p2a: Porygon2\n|-heal|p2a: Porygon2|270/270 par\n|\n|upkeep\n|turn|18\n|inactive|RandomBattleBum has 120 seconds left.\n|\n|t:|1782835506\n|move|p1a: Kilowattrel|Hurricane|p2a: Porygon2\n|-damage|p2a: Porygon2|161/270 par\n|move|p2a: Porygon2|Tera Blast|p1a: Kilowattrel\n|-damage|p1a: Kilowattrel|62/252\n|\n|upkeep\n|turn|19\n|\n|t:|1782835512\n|move|p1a: Kilowattrel|Roost|p1a: Kilowattrel\n|-heal|p1a: Kilowattrel|188/252\n|-singleturn|p1a: Kilowattrel|move: Roost\n|move|p2a: Porygon2|Tera Blast|p1a: Kilowattrel\n|-damage|p1a: Kilowattrel|19/252\n|\n|upkeep\n|turn|20\n|\n|t:|1782835526\n|move|p1a: Kilowattrel|U-turn|p2a: Porygon2\n|-damage|p2a: Porygon2|118/270 par\n|\n|t:|1782835530\n|switch|p1a: Oinkologne|Oinkologne-F, L92, F|361/361|[from] U-turn\n|move|p2a: Porygon2|Recover|p2a: Porygon2\n|-heal|p2a: Porygon2|253/270 par\n|\n|upkeep\n|turn|21\n|inactive|RandomBattleBum has 120 seconds left.\n|\n|t:|1782835562\n|move|p1a: Oinkologne|Curse|p1a: Oinkologne\n|-unboost|p1a: Oinkologne|spe|1\n|-boost|p1a: Oinkologne|atk|1\n|-boost|p1a: Oinkologne|def|1\n|move|p2a: Porygon2|Thunder Wave|p1a: Oinkologne\n|-status|p1a: Oinkologne|par\n|\n|upkeep\n|turn|22\n|\n|t:|1782835569\n|move|p2a: Porygon2|Tera Blast|p1a: Oinkologne\n|-damage|p1a: Oinkologne|252/361 par\n|move|p1a: Oinkologne|Curse|p1a: Oinkologne\n|-unboost|p1a: Oinkologne|spe|1\n|-boost|p1a: Oinkologne|atk|1\n|-boost|p1a: Oinkologne|def|1\n|\n|-heal|p1a: Oinkologne|274/361 par|[from] item: Leftovers\n|upkeep\n|turn|23\n|inactive|RandomBattleBum has 120 seconds left.\n|\n|t:|1782835584\n|move|p2a: Porygon2|Tera Blast|p1a: Oinkologne\n|-damage|p1a: Oinkologne|154/361 par\n|move|p1a: Oinkologne|Curse|p1a: Oinkologne\n|-unboost|p1a: Oinkologne|spe|1\n|-boost|p1a: Oinkologne|atk|1\n|-boost|p1a: Oinkologne|def|1\n|\n|-heal|p1a: Oinkologne|176/361 par|[from] item: Leftovers\n|upkeep\n|turn|24\n|inactive|RandomBattleBum has 120 seconds left.\n|\n|t:|1782835595\n|-terastallize|p2a: Porygon2|Fairy\n|move|p2a: Porygon2|Tera Blast|p1a: Oinkologne|[anim] Tera Blast Fairy\n|-damage|p1a: Oinkologne|64/361 par\n|cant|p1a: Oinkologne|par\n|\n|-heal|p1a: Oinkologne|86/361 par|[from] item: Leftovers\n|upkeep\n|turn|25\n|\n|t:|1782835602\n|move|p2a: Porygon2|Tera Blast|p1a: Oinkologne|[anim] Tera Blast Fairy\n|-damage|p1a: Oinkologne|0 fnt\n|faint|p1a: Oinkologne\n|\n|upkeep\n|\n|t:|1782835608\n|switch|p1a: Cinderace|Cinderace, L77, M|250/250\n|turn|26\n|inactive|RandomBattleBum has 120 seconds left.\n|\n|t:|1782835627\n|move|p1a: Cinderace|Pyro Ball|p2a: Porygon2\n|-damage|p2a: Porygon2|133/270 par\n|move|p2a: Porygon2|Thunder Wave|p1a: Cinderace\n|-status|p1a: Cinderace|par\n|\n|upkeep\n|turn|27\n|\n|t:|1782835638\n|move|p1a: Cinderace|Pyro Ball|p2a: Porygon2\n|-damage|p2a: Porygon2|13/270 par\n|move|p2a: Porygon2|Tera Blast|p1a: Cinderace|[anim] Tera Blast Fairy\n|-resisted|p1a: Cinderace\n|-damage|p1a: Cinderace|176/250 par\n|\n|upkeep\n|turn|28\n|inactive|RandomBattleBum has 120 seconds left.\n|c|\u2606RandomBattleBum|15 turns being paralyzed and u still never failed ur moves how bruh\n|\n|t:|1782835666\n|move|p1a: Cinderace|Pyro Ball|p2a: Porygon2|[miss]\n|-miss|p1a: Cinderace|p2a: Porygon2\n|move|p2a: Porygon2|Shadow Ball|p1a: Cinderace\n|-crit|p1a: Cinderace\n|-damage|p1a: Cinderace|10/250 par\n|\n|upkeep\n|turn|29\n|c|\u2606Consider IT|I have no clue\n|c|\u2606Consider IT|I didn\u2019t want to say anything legit looked up download to see if it had anything to do with it\n|c|\u2606Consider IT|And the Miss\n|\n|t:|1782835696\n|cant|p1a: Cinderace|par\n|move|p2a: Porygon2|Shadow Ball|p1a: Cinderace\n|-damage|p1a: Cinderace|0 fnt\n|faint|p1a: Cinderace\n|\n|upkeep\n|c|\u2606Consider IT|Omg\n|\n|t:|1782835702\n|switch|p1a: Kilowattrel|Kilowattrel, L83, M|19/252\n|turn|30\n|inactive|RandomBattleBum has 120 seconds left.\n|\n|t:|1782835709\n|move|p1a: Kilowattrel|Discharge|p2a: Porygon2\n|-damage|p2a: Porygon2|0 fnt\n|faint|p2a: Porygon2\n|\n|upkeep\n|\n|t:|1782835717\n|switch|p2a: Rayquaza|Rayquaza, L72|270/270\n|-ability|p2a: Rayquaza|Air Lock\n|turn|31\n|\n|t:|1782835722\n|move|p1a: Kilowattrel|Roost|p1a: Kilowattrel\n|-heal|p1a: Kilowattrel|145/252\n|-singleturn|p1a: Kilowattrel|move: Roost\n|move|p2a: Rayquaza|Scale Shot|p1a: Kilowattrel\n|-damage|p1a: Kilowattrel|106/252\n|-crit|p1a: Kilowattrel\n|-damage|p1a: Kilowattrel|51/252\n|-damage|p1a: Kilowattrel|14/252\n|-damage|p1a: Kilowattrel|0 fnt\n|faint|p1a: Kilowattrel\n|-hitcount|p1: Kilowattrel|4\n|\n|win|Consider IT\n|raw|RandomBattleBum's rating: 1366 &rarr; <strong>1349</strong><br />(-17 for losing)\n|raw|Consider IT's rating: 1419 &rarr; <strong>1436</strong><br />(+17 for winning)\n|c|\u2606Consider IT|Gg tho wp\n|c|\u2606RandomBattleBum|gg\n|l|\u2606RandomBattleBum\n|player|p1|\n", "inputlog": ">version f8ac14003a5f27e1bdc8d8c59608a773c1cb96e5\n>start {\"formatid\":\"gen9randombattle\",\"seed\":\"sodium,885df2053ed6e4895fcb3f07e0fd13a0\",\"rated\":\"Rated battle\"}\n>player p1 {\"name\":\"RandomBattleBum\",\"avatar\":\"swimmer-gen4dp\",\"rating\":1366,\"seed\":\"sodium,a02cb6c3bd2f36edd3f778fdbb5737c0\"}\n>player p2 {\"name\":\"Consider IT\",\"avatar\":\"2\",\"rating\":1399,\"seed\":\"sodium,9ac5aea095cf2f67dace48f7d1d5d54d\"}\n>p1 move flipturn\n>p2 move stoneedge\n>p1 switch 6\n>p1 move bulkup\n>p2 move knockoff\n>p1 move drainpunch\n>p2 move crabhammer\n>chat \u2606Consider IT|Crit\n>chat \u2606Consider IT|Mattered\n>p1 switch 6\n>p1 move hydropump\n>p2 move stoneedge\n>p2 switch 5\n>p1 move hydropump\n>p2 move toxic\n>p1 move hydropump\n>p2 move slackoff\n>p2 switch 2\n>p1 move hydropump\n>p2 move terablast\n>p1 switch 4\n>p1 move toxicspikes\n>p2 move thunderwave\n>p1 move toxicspikes\n>p2 move recover\n>p1 move knockoff\n>p2 move terablast\n>p1 move suckerpunch\n>p2 move terablast\n>p1 switch 2\n>p1 move discharge\n>p2 move recover\n>p1 move hurricane\n>p2 move recover\n>p1 move discharge\n>p2 move recover\n>p1 move discharge\n>p2 move recover\n>p1 move discharge\n>p2 move terablast\n>p1 move roost\n>p2 move recover\n>p1 move hurricane\n>p2 move terablast\n>p1 move roost\n>p2 move terablast\n>p1 move uturn\n>p2 move recover\n>p1 switch 5\n>p1 move curse\n>p2 move thunderwave\n>p1 move curse\n>p2 move terablast\n>p1 move curse\n>p2 move terablast\n>p1 move rest\n>p2 move terablast terastallize\n>p1 move rest\n>p2 move terablast\n>p1 switch 3\n>p1 move pyroball\n>p2 move thunderwave\n>p1 move pyroball\n>p2 move terablast\n>chat \u2606RandomBattleBum|15 turns being paralyzed and u still never failed ur moves how bruh\n>p1 move pyroball\n>p2 move shadowball\n>chat \u2606Consider IT|I have no clue\n>chat \u2606Consider IT| I didn\u2019t want to say anything legit looked up download to see if it had anything to do with it\n>chat \u2606Consider IT|And the Miss\n>p1 move uturn\n>p2 move shadowball\n>chat \u2606Consider IT|Omg\n>p1 switch 5\n>p1 move discharge\n>p2 move shadowball\n>p2 switch 4\n>p1 move roost\n>p2 move scaleshot", "uploadtime": 1782835778, "views": 8, "formatid": "gen9randombattle", "rating": 1349, "private": 0, "password": null, "player_dets": [{"name": "RandomBattleBum", "avatar": "swimmer-gen4dp", "rating": 1366, "seed": "sodium,a02cb6c3bd2f36edd3f778fdbb5737c0"}, {"name": "Consider IT", "avatar": "2", "rating": 1399, "seed": "sodium,9ac5aea095cf2f67dace48f7d1d5d54d"}], "teams_full": [{"Iron Bundle": {"name": "Iron Bundle", "species": "Iron Bundle", "speciesId": "ironbundle", "gender": "N", "shiny": false, "level": 78, "moves": ["icebeam", "freezedry", "hydropump", "flipturn"], "ability": "Quark Drive", "evs": {"hp": 85, "atk": 85, "def": 85, "spa": 85, "spd": 85, "spe": 85}, "ivs": {"hp": 31, "atk": 31, "def": 31, "spa": 31, "spd": 31, "spe": 31}, "item": "Choice Specs", "teraType": "Water", "role": "Fast Attacker", "bvs": {"hp": 56, "atk": 80, "def": 114, "spa": 124, "spd": 60, "spe": 136}, "stats": {"hp": 215, "atk": 170, "def": 223, "spa": 239, "spd": 139, "spe": 257}, "types": ["Ice", "Water"]}, "Kilowattrel": {"name": "Kilowattrel", "species": "Kilowattrel", "speciesId": "kilowattrel", "gender": "M", "shiny": false, "level": 83, "moves": ["uturn", "discharge", "roost", "hurricane"], "ability": "Volt Absorb", "evs": {"hp": 85, "atk": 85, "def": 85, "spa": 85, "spd": 85, "spe": 85}, "ivs": {"hp": 31, "atk": 31, "def": 31, "spa": 31, "spd": 31, "spe": 31}, "item": "Heavy-Duty Boots", "teraType": "Water", "role": "Bulky Attacker", "bvs": {"hp": 70, "atk": 70, "def": 60, "spa": 105, "spd": 60, "spe": 125}, "stats": {"hp": 252, "atk": 164, "def": 147, "spa": 222, "spd": 147, "spe": 255}, "types": ["Electric", "Flying"]}, "Cinderace": {"name": "Cinderace", "species": "Cinderace", "speciesId": "cinderace", "gender": "M", "shiny": false, "level": 77, "moves": ["courtchange", "uturn", "pyroball", "willowisp"], "ability": "Libero", "evs": {"hp": 85, "atk": 85, "def": 85, "spa": 85, "spd": 85, "spe": 85}, "ivs": {"hp": 31, "atk": 31, "def": 31, "spa": 31, "spd": 31, "spe": 31}, "item": "Heavy-Duty Boots", "teraType": "Grass", "role": "Fast Support", "bvs": {"hp": 80, "atk": 116, "def": 75, "spa": 65, "spd": 75, "spe": 119}, "stats": {"hp": 250, "atk": 223, "def": 160, "spa": 145, "spd": 160, "spe": 228}, "types": ["Fire"]}, "Skuntank": {"name": "Skuntank", "species": "Skuntank", "speciesId": "skuntank", "gender": "M", "shiny": false, "level": 84, "moves": ["gunkshot", "knockoff", "suckerpunch", "toxicspikes"], "ability": "Aftermath", "evs": {"hp": 85, "atk": 85, "def": 85, "spa": 85, "spd": 85, "spe": 85}, "ivs": {"hp": 31, "atk": 31, "def": 31, "spa": 31, "spd": 31, "spe": 31}, "item": "Life Orb", "teraType": "Dark", "role": "Fast Support", "bvs": {"hp": 103, "atk": 93, "def": 67, "spa": 71, "spd": 61, "spe": 84}, "stats": {"hp": 310, "atk": 204, "def": 161, "spa": 167, "spd": 151, "spe": 189}, "types": ["Poison", "Dark"]}, "Oinkologne": {"name": "Oinkologne", "species": "Oinkologne-F", "speciesId": "oinkolognef", "gender": "F", "shiny": false, "level": 92, "moves": ["bodyslam", "curse", "sleeptalk", "rest"], "ability": "Aroma Veil", "evs": {"hp": 85, "atk": 85, "def": 85, "spa": 85, "spd": 85, "spe": 85}, "ivs": {"hp": 31, "atk": 31, "def": 31, "spa": 31, "spd": 31, "spe": 31}, "item": "Leftovers", "teraType": "Fairy", "role": "Bulky Support", "bvs": {"hp": 115, "atk": 90, "def": 70, "spa": 59, "spd": 90, "spe": 65}, "stats": {"hp": 361, "atk": 218, "def": 181, "spa": 161, "spd": 218, "spe": 172}, "types": ["Normal"]}, "Annihilape": {"name": "Annihilape", "species": "Annihilape", "speciesId": "annihilape", "gender": "F", "shiny": false, "level": 76, "moves": ["taunt", "bulkup", "ragefist", "drainpunch"], "ability": "Defiant", "evs": {"hp": 85, "atk": 85, "def": 85, "spa": 85, "spd": 85, "spe": 85}, "ivs": {"hp": 31, "atk": 31, "def": 31, "spa": 31, "spd": 31, "spe": 31}, "item": "Leftovers", "teraType": "Ghost", "role": "Bulky Setup", "bvs": {"hp": 110, "atk": 115, "def": 80, "spa": 50, "spd": 90, "spe": 90}, "stats": {"hp": 292, "atk": 219, "def": 166, "spa": 120, "spd": 181, "spe": 181}, "types": ["Fighting", "Ghost"]}}, {"Klawf": {"name": "Klawf", "species": "Klawf", "speciesId": "klawf", "gender": "M", "shiny": false, "level": 90, "moves": ["knockoff", "swordsdance", "crabhammer", "stoneedge"], "ability": "Anger Shell", "evs": {"hp": 85, "atk": 85, "def": 85, "spa": 85, "spd": 85, "spe": 85}, "ivs": {"hp": 31, "atk": 31, "def": 31, "spa": 31, "spd": 31, "spe": 31}, "item": "Scope Lens", "teraType": "Water", "role": "Setup Sweeper", "bvs": {"hp": 70, "atk": 100, "def": 115, "spa": 35, "spd": 55, "spe": 75}, "stats": {"hp": 272, "atk": 231, "def": 258, "spa": 114, "spd": 150, "spe": 186}, "types": ["Rock"]}, "Porygon2": {"name": "Porygon2", "species": "Porygon2", "speciesId": "porygon2", "gender": "N", "shiny": false, "level": 81, "moves": ["terablast", "shadowball", "recover", "thunderwave"], "ability": "Download", "evs": {"hp": 85, "atk": 85, "def": 85, "spa": 85, "spd": 85, "spe": 85}, "ivs": {"hp": 31, "atk": 31, "def": 31, "spa": 31, "spd": 31, "spe": 31}, "item": "Eviolite", "teraType": "Fairy", "role": "Tera Blast user", "bvs": {"hp": 85, "atk": 80, "def": 90, "spa": 105, "spd": 95, "spe": 60}, "stats": {"hp": 270, "atk": 176, "def": 192, "spa": 217, "spd": 201, "spe": 144}, "types": ["Normal"]}, "Wo-Chien": {"name": "Wo-Chien", "species": "Wo-Chien", "speciesId": "wochien", "gender": "N", "shiny": false, "level": 83, "moves": ["gigadrain", "stunspore", "knockoff", "ruination"], "ability": "Tablets of Ruin", "evs": {"hp": 85, "atk": 85, "def": 85, "spa": 85, "spd": 85, "spe": 85}, "ivs": {"hp": 31, "atk": 31, "def": 31, "spa": 31, "spd": 31, "spe": 31}, "item": "Leftovers", "teraType": "Poison", "role": "Bulky Support", "bvs": {"hp": 85, "atk": 85, "def": 100, "spa": 95, "spd": 135, "spe": 70}, "stats": {"hp": 277, "atk": 189, "def": 214, "spa": 205, "spd": 272, "spe": 164}, "types": ["Dark", "Grass"]}, "Rayquaza": {"name": "Rayquaza", "species": "Rayquaza", "speciesId": "rayquaza", "gender": "N", "shiny": false, "level": 72, "moves": ["scaleshot", "dragonascent", "swordsdance", "earthquake"], "ability": "Air Lock", "evs": {"hp": 85, "atk": 85, "def": 85, "spa": 85, "spd": 85, "spe": 85}, "ivs": {"hp": 31, "atk": 31, "def": 31, "spa": 31, "spd": 31, "spe": 31}, "item": "Loaded Dice", "teraType": "Flying", "role": "Fast Bulky Setup", "bvs": {"hp": 105, "atk": 150, "def": 90, "spa": 150, "spd": 90, "spe": 95}, "stats": {"hp": 270, "atk": 258, "def": 172, "spa": 258, "spd": 172, "spe": 179}, "types": ["Dragon", "Flying"]}, "Bellibolt": {"name": "Bellibolt", "species": "Bellibolt", "speciesId": "bellibolt", "gender": "F", "shiny": false, "level": 84, "moves": ["muddywater", "slackoff", "thunderbolt", "toxic"], "ability": "Electromorphosis", "evs": {"hp": 85, "atk": 0, "def": 85, "spa": 85, "spd": 85, "spe": 85}, "ivs": {"hp": 31, "atk": 0, "def": 31, "spa": 31, "spd": 31, "spe": 31}, "item": "Leftovers", "teraType": "Electric", "role": "Bulky Attacker", "bvs": {"hp": 109, "atk": 64, "def": 91, "spa": 103, "spd": 83, "spe": 45}, "stats": {"hp": 320, "atk": 112, "def": 201, "spa": 221, "spd": 188, "spe": 124}, "types": ["Electric"]}, "Delphox": {"name": "Delphox", "species": "Delphox", "speciesId": "delphox", "gender": "M", "shiny": false, "level": 84, "moves": ["focusblast", "fireblast", "grassknot", "psyshock"], "ability": "Blaze", "evs": {"hp": 85, "atk": 0, "def": 85, "spa": 85, "spd": 85, "spe": 85}, "ivs": {"hp": 31, "atk": 0, "def": 31, "spa": 31, "spd": 31, "spe": 31}, "item": "Choice Scarf", "teraType": "Fire", "role": "Fast Attacker", "bvs": {"hp": 75, "atk": 69, "def": 72, "spa": 114, "spd": 100, "spe": 104}, "stats": {"hp": 263, "atk": 120, "def": 169, "spa": 240, "spd": 216, "spe": 223}, "types": ["Fire", "Psychic"]}}]}