{"id": "gen9randombattle-2641486474", "format": "[Gen 9] Random Battle", "players": ["testbotcif", "glebo12345"], "log": "|j|\u2606testbotcif\n|j|\u2606glebo12345\n|t:|1782792683\n|gametype|singles\n|player|p1|testbotcif|266|1183\n|player|p2|glebo12345|guitarist|1200\n|gen|9\n|tier|[Gen 9] Random Battle\n|rated|\n|rule|Species Clause: Limit one of each Pok\u00e9mon\n|rule|HP Percentage Mod: HP is shown in percentages\n|rule|Sleep Clause Mod: Limit one foe put to sleep\n|rule|Illusion Level Mod: Illusion disguises the Pok\u00e9mon's true level\n|\n|t:|1782792683\n|teamsize|p1|6\n|teamsize|p2|6\n|start\n|switch|p1a: Sinistcha|Sinistcha-Masterpiece, L83|254/254\n|switch|p2a: Sandy Shocks|Sandy Shocks, L80|267/267\n|turn|1\n|inactive|Battle timer is ON: inactive players will automatically lose when time's up. (requested by testbotcif)\n|c|\u2606testbotcif|rlhf\n|\n|t:|1782792702\n|-end|p2a: Sandy Shocks|Protosynthesis|[silent]\n|switch|p2a: Venomoth|Venomoth, L84, F|255/255\n|move|p1a: Sinistcha|Calm Mind|p1a: Sinistcha\n|-boost|p1a: Sinistcha|spa|1\n|-boost|p1a: Sinistcha|spd|1\n|\n|upkeep\n|turn|2\n|\n|t:|1782792705\n|-terastallize|p1a: Sinistcha|Steel\n|move|p2a: Venomoth|Quiver Dance|p2a: Venomoth\n|-boost|p2a: Venomoth|spa|1\n|-boost|p2a: Venomoth|spd|1\n|-boost|p2a: Venomoth|spe|1\n|move|p1a: Sinistcha|Calm Mind|p1a: Sinistcha\n|-boost|p1a: Sinistcha|spa|1\n|-boost|p1a: Sinistcha|spd|1\n|\n|upkeep\n|turn|3\n|\n|t:|1782792712\n|move|p2a: Venomoth|Sleep Powder|p1a: Sinistcha\n|-status|p1a: Sinistcha|slp|[from] move: Sleep Powder\n|cant|p1a: Sinistcha|slp\n|\n|upkeep\n|turn|4\n|\n|t:|1782792714\n|move|p2a: Venomoth|Quiver Dance|p2a: Venomoth\n|-boost|p2a: Venomoth|spa|1\n|-boost|p2a: Venomoth|spd|1\n|-boost|p2a: Venomoth|spe|1\n|cant|p1a: Sinistcha|slp\n|\n|upkeep\n|turn|5\n|\n|t:|1782792716\n|move|p2a: Venomoth|Quiver Dance|p2a: Venomoth\n|-boost|p2a: Venomoth|spa|1\n|-boost|p2a: Venomoth|spd|1\n|-boost|p2a: Venomoth|spe|1\n|cant|p1a: Sinistcha|slp\n|\n|upkeep\n|turn|6\n|\n|t:|1782792718\n|move|p2a: Venomoth|Quiver Dance|p2a: Venomoth\n|-boost|p2a: Venomoth|spa|1\n|-boost|p2a: Venomoth|spd|1\n|-boost|p2a: Venomoth|spe|1\n|-curestatus|p1a: Sinistcha|slp|[msg]\n|move|p1a: Sinistcha|Calm Mind|p1a: Sinistcha\n|-boost|p1a: Sinistcha|spa|1\n|-boost|p1a: Sinistcha|spd|1\n|\n|upkeep\n|turn|7\n|\n|t:|1782792719\n|move|p2a: Venomoth|Sleep Powder|p1a: Sinistcha|[miss]\n|-miss|p2a: Venomoth|p1a: Sinistcha\n|move|p1a: Sinistcha|Shadow Ball|p2a: Venomoth\n|-damage|p2a: Venomoth|158/255\n|\n|upkeep\n|turn|8\n|\n|t:|1782792721\n|move|p2a: Venomoth|Sleep Powder|p1a: Sinistcha\n|-status|p1a: Sinistcha|slp|[from] move: Sleep Powder\n|cant|p1a: Sinistcha|slp\n|\n|upkeep\n|turn|9\n|\n|t:|1782792723\n|move|p2a: Venomoth|Bug Buzz|p1a: Sinistcha\n|-resisted|p1a: Sinistcha\n|-damage|p1a: Sinistcha|144/254 slp\n|-unboost|p1a: Sinistcha|spd|1\n|-curestatus|p1a: Sinistcha|slp|[msg]\n|move|p1a: Sinistcha|Shadow Ball|p2a: Venomoth\n|-damage|p2a: Venomoth|58/255\n|-unboost|p2a: Venomoth|spd|1\n|\n|-heal|p1a: Sinistcha|159/254|[from] item: Leftovers\n|upkeep\n|turn|10\n|\n|t:|1782792727\n|move|p2a: Venomoth|Sleep Powder|p1a: Sinistcha\n|-status|p1a: Sinistcha|slp|[from] move: Sleep Powder\n|cant|p1a: Sinistcha|slp\n|\n|-heal|p1a: Sinistcha|174/254 slp|[from] item: Leftovers\n|upkeep\n|turn|11\n|\n|t:|1782792729\n|move|p2a: Venomoth|Bug Buzz|p1a: Sinistcha\n|-resisted|p1a: Sinistcha\n|-damage|p1a: Sinistcha|38/254 slp\n|-curestatus|p1a: Sinistcha|slp|[msg]\n|move|p1a: Sinistcha|Shadow Ball|p2a: Venomoth\n|-damage|p2a: Venomoth|0 fnt\n|faint|p2a: Venomoth\n|\n|-heal|p1a: Sinistcha|53/254|[from] item: Leftovers\n|upkeep\n|\n|t:|1782792741\n|switch|p2a: Sceptile|Sceptile, L87, F|264/264\n|turn|12\n|\n|t:|1782792744\n|move|p2a: Sceptile|Earthquake|p1a: Sinistcha\n|-supereffective|p1a: Sinistcha\n|-damage|p1a: Sinistcha|0 fnt\n|faint|p1a: Sinistcha\n|-damage|p2a: Sceptile|238/264|[from] item: Life Orb\n|\n|upkeep\n|\n|t:|1782792744\n|switch|p1a: Araquanid|Araquanid, L82, M|246/246\n|turn|13\n|\n|t:|1782792754\n|move|p2a: Sceptile|Shed Tail|p2a: Sceptile\n|-start|p2a: Sceptile|Substitute|[from] move: Shed Tail\n|-damage|p2a: Sceptile|106/264\n|\n|t:|1782792758\n|switch|p2a: Decidueye|Decidueye-Hisui, L87, F|295/295|[from] Shed Tail\n|move|p1a: Araquanid|Leech Life|p2a: Decidueye\n|-end|p2a: Decidueye|Substitute\n|\n|upkeep\n|turn|14\n|\n|t:|1782792761\n|move|p2a: Decidueye|Swords Dance|p2a: Decidueye\n|-boost|p2a: Decidueye|atk|2\n|move|p1a: Araquanid|Leech Life|p2a: Decidueye\n|-damage|p2a: Decidueye|228/295\n|\n|-heal|p2a: Decidueye|246/295|[from] item: Leftovers\n|upkeep\n|turn|15\n|\n|t:|1782792772\n|move|p2a: Decidueye|Leaf Blade|p1a: Araquanid\n|-damage|p1a: Araquanid|41/246\n|move|p1a: Araquanid|Liquidation|p2a: Decidueye\n|-resisted|p2a: Decidueye\n|-damage|p2a: Decidueye|174/295\n|\n|-heal|p2a: Decidueye|192/295|[from] item: Leftovers\n|upkeep\n|turn|16\n|\n|t:|1782792775\n|move|p2a: Decidueye|Leaf Blade|p1a: Araquanid\n|-damage|p1a: Araquanid|0 fnt\n|faint|p1a: Araquanid\n|\n|-heal|p2a: Decidueye|210/295|[from] item: Leftovers\n|upkeep\n|\n|t:|1782792775\n|switch|p1a: Hitmonchan|Hitmonchan, L87, M|229/229\n|turn|17\n|\n|t:|1782792779\n|move|p1a: Hitmonchan|Swords Dance|p1a: Hitmonchan\n|-boost|p1a: Hitmonchan|atk|2\n|move|p2a: Decidueye|Leaf Blade|p1a: Hitmonchan\n|-damage|p1a: Hitmonchan|0 fnt\n|faint|p1a: Hitmonchan\n|\n|-heal|p2a: Decidueye|228/295|[from] item: Leftovers\n|upkeep\n|\n|t:|1782792779\n|switch|p1a: Copperajah|Copperajah, L86, M|350/350\n|turn|18\n|\n|t:|1782792781\n|move|p2a: Decidueye|Triple Arrows|p1a: Copperajah\n|-supereffective|p1a: Copperajah\n|-damage|p1a: Copperajah|0 fnt\n|faint|p1a: Copperajah\n|\n|-heal|p2a: Decidueye|246/295|[from] item: Leftovers\n|upkeep\n|\n|t:|1782792782\n|switch|p1a: Empoleon|Empoleon, L84, F|235/235\n|turn|19\n|\n|t:|1782792785\n|move|p1a: Empoleon|Flamethrower|p2a: Decidueye\n|-supereffective|p2a: Decidueye\n|-damage|p2a: Decidueye|26/295\n|move|p2a: Decidueye|Triple Arrows|p1a: Empoleon\n|-supereffective|p1a: Empoleon\n|-damage|p1a: Empoleon|0 fnt\n|replace|p1a: Zoroark|Zoroark, L83, F\n|-end|p1a: Zoroark|Illusion\n|-hint|Illusion Level Mod is active, so this Pok\u00e9mon's true level was hidden.\n|faint|p1a: Zoroark\n|\n|-heal|p2a: Decidueye|44/295|[from] item: Leftovers\n|upkeep\n|\n|t:|1782792785\n|switch|p1a: Empoleon|Empoleon, L84, F|278/278\n|turn|20\n|\n|t:|1782792793\n|move|p2a: Decidueye|Triple Arrows|p1a: Empoleon\n|-supereffective|p1a: Empoleon\n|-damage|p1a: Empoleon|0 fnt\n|faint|p1a: Empoleon\n|\n|win|glebo12345\n|raw|testbotcif's rating: 1183 &rarr; <strong>1159</strong><br />(-24 for losing)\n|raw|glebo12345's rating: 1200 &rarr; <strong>1224</strong><br />(+24 for winning)\n", "inputlog": ">version f8ac14003a5f27e1bdc8d8c59608a773c1cb96e5\n>start {\"formatid\":\"gen9randombattle\",\"seed\":\"sodium,6ae8babf8d6e8b5280240e291358bd2f\",\"rated\":\"Rated battle\"}\n>player p1 {\"name\":\"testbotcif\",\"avatar\":\"266\",\"rating\":1183,\"seed\":\"sodium,96e22a4bcab34017d7e6f32acd27ce8f\"}\n>player p2 {\"name\":\"glebo12345\",\"avatar\":\"guitarist\",\"rating\":1200,\"seed\":\"sodium,72c7314883ac2cf418e93c5db2e473de\"}\n>chat \u2606testbotcif|rlhf\n>p1 move calmmind\n>p2 switch 4\n>p1 move calmmind terastallize\n>p2 move quiverdance\n>p1 move shadowball\n>p2 move sleeppowder\n>p1 move calmmind\n>p2 move quiverdance\n>p1 move calmmind\n>p2 move quiverdance\n>p1 move calmmind\n>p2 move quiverdance\n>p1 move shadowball\n>p2 move sleeppowder\n>p1 move shadowball\n>p2 move sleeppowder\n>p1 move shadowball\n>p2 move bugbuzz\n>p1 move shadowball\n>p2 move sleeppowder\n>p1 move shadowball\n>p2 move bugbuzz\n>p2 switch 5\n>p1 move shadowball\n>p2 move earthquake\n>p1 switch 5\n>p1 move leechlife\n>p2 move shedtail\n>p2 switch 2\n>p1 move leechlife\n>p2 move swordsdance\n>p1 move liquidation\n>p2 move leafblade\n>p1 move leechlife\n>p2 move leafblade\n>p1 switch 4\n>p1 move swordsdance\n>p2 move leafblade\n>p1 switch 3\n>p1 move playrough\n>p2 move triplearrows\n>p1 switch 2\n>p1 move flamethrower\n>p2 move triplearrows\n>p1 switch 6\n>p1 move roost\n>p2 move triplearrows", "uploadtime": 1782792793, "views": 4, "formatid": "gen9randombattle", "rating": 1159, "private": 0, "password": null, "player_dets": [{"name": "testbotcif", "avatar": "266", "rating": 1183, "seed": "sodium,96e22a4bcab34017d7e6f32acd27ce8f"}, {"name": "glebo12345", "avatar": "guitarist", "rating": 1200, "seed": "sodium,72c7314883ac2cf418e93c5db2e473de"}], "teams_full": [{"Sinistcha": {"name": "Sinistcha", "species": "Sinistcha-Masterpiece", "speciesId": "sinistcha", "gender": "N", "shiny": false, "level": 83, "moves": ["shadowball", "matchagotcha", "calmmind", "strengthsap"], "ability": "Heatproof", "evs": {"hp": 85, "atk": 0, "def": 85, "spa": 85, "spd": 85, "spe": 85}, "ivs": {"hp": 31, "atk": 0, "def": 31, "spa": 31, "spd": 31, "spe": 31}, "item": "Leftovers", "teraType": "Steel", "role": "Bulky Setup", "bvs": {"hp": 71, "atk": 60, "def": 106, "spa": 121, "spd": 80, "spe": 70}, "stats": {"hp": 254, "atk": 104, "def": 224, "spa": 249, "spd": 180, "spe": 164}, "types": ["Grass", "Ghost"]}, "Zoroark": {"name": "Zoroark", "species": "Zoroark", "speciesId": "zoroark", "gender": "F", "shiny": false, "level": 83, "moves": ["darkpulse", "trick", "sludgebomb", "flamethrower"], "ability": "Illusion", "evs": {"hp": 85, "atk": 0, "def": 85, "spa": 85, "spd": 85, "spe": 85}, "ivs": {"hp": 31, "atk": 0, "def": 31, "spa": 31, "spd": 31, "spe": 31}, "item": "Choice Specs", "teraType": "Poison", "role": "Wallbreaker", "bvs": {"hp": 60, "atk": 105, "def": 60, "spa": 120, "spd": 60, "spe": 105}, "stats": {"hp": 235, "atk": 179, "def": 147, "spa": 247, "spd": 147, "spe": 222}, "types": ["Dark"]}, "Copperajah": {"name": "Copperajah", "species": "Copperajah", "speciesId": "copperajah", "gender": "M", "shiny": false, "level": 86, "moves": ["playrough", "ironhead", "stealthrock", "rockslide"], "ability": "Sheer Force", "evs": {"hp": 85, "atk": 85, "def": 85, "spa": 85, "spd": 85, "spe": 85}, "ivs": {"hp": 31, "atk": 31, "def": 31, "spa": 31, "spd": 31, "spe": 31}, "item": "Life Orb", "teraType": "Fairy", "role": "Wallbreaker", "bvs": {"hp": 122, "atk": 130, "def": 69, "spa": 80, "spd": 69, "spe": 30}, "stats": {"hp": 350, "atk": 273, "def": 168, "spa": 187, "spd": 168, "spe": 101}, "types": ["Steel"]}, "Hitmonchan": {"name": "Hitmonchan", "species": "Hitmonchan", "speciesId": "hitmonchan", "gender": "M", "shiny": false, "level": 87, "moves": ["swordsdance", "knockoff", "rapidspin", "drainpunch"], "ability": "Iron Fist", "evs": {"hp": 85, "atk": 85, "def": 85, "spa": 85, "spd": 85, "spe": 85}, "ivs": {"hp": 31, "atk": 31, "def": 31, "spa": 31, "spd": 31, "spe": 31}, "item": "Leftovers", "teraType": "Fighting", "role": "Setup Sweeper", "bvs": {"hp": 50, "atk": 105, "def": 79, "spa": 35, "spd": 110, "spe": 76}, "stats": {"hp": 229, "atk": 232, "def": 187, "spa": 111, "spd": 241, "spe": 182}, "types": ["Fighting"]}, "Araquanid": {"name": "Araquanid", "species": "Araquanid", "speciesId": "araquanid", "gender": "M", "shiny": false, "level": 82, "moves": ["hydropump", "leechlife", "stickyweb", "liquidation"], "ability": "Water Bubble", "evs": {"hp": 85, "atk": 85, "def": 85, "spa": 85, "spd": 85, "spe": 85}, "ivs": {"hp": 31, "atk": 31, "def": 31, "spa": 31, "spd": 31, "spe": 31}, "item": "Heavy-Duty Boots", "teraType": "Steel", "role": "Bulky Attacker", "bvs": {"hp": 68, "atk": 70, "def": 92, "spa": 50, "spd": 132, "spe": 42}, "stats": {"hp": 246, "atk": 162, "def": 198, "spa": 129, "spd": 264, "spe": 116}, "types": ["Water", "Bug"]}, "Empoleon": {"name": "Empoleon", "species": "Empoleon", "speciesId": "empoleon", "gender": "F", "shiny": false, "level": 84, "moves": ["surf", "roost", "icebeam", "roar"], "ability": "Competitive", "evs": {"hp": 85, "atk": 0, "def": 85, "spa": 85, "spd": 85, "spe": 85}, "ivs": {"hp": 31, "atk": 0, "def": 31, "spa": 31, "spd": 31, "spe": 31}, "item": "Leftovers", "teraType": "Flying", "role": "Bulky Support", "bvs": {"hp": 84, "atk": 86, "def": 88, "spa": 111, "spd": 101, "spe": 60}, "stats": {"hp": 278, "atk": 149, "def": 196, "spa": 235, "spd": 218, "spe": 149}, "types": ["Water", "Steel"]}}, {"Sandy Shocks": {"name": "Sandy Shocks", "species": "Sandy Shocks", "speciesId": "sandyshocks", "gender": "N", "shiny": false, "level": 80, "moves": ["thunderwave", "thunderbolt", "spikes", "earthpower"], "ability": "Protosynthesis", "evs": {"hp": 85, "atk": 0, "def": 85, "spa": 85, "spd": 85, "spe": 85}, "ivs": {"hp": 31, "atk": 0, "def": 31, "spa": 31, "spd": 31, "spe": 31}, "item": "Leftovers", "teraType": "Electric", "role": "Fast Support", "bvs": {"hp": 85, "atk": 81, "def": 97, "spa": 121, "spd": 85, "spe": 101}, "stats": {"hp": 267, "atk": 134, "def": 201, "spa": 240, "spd": 182, "spe": 208}, "types": ["Electric", "Ground"]}, "Decidueye": {"name": "Decidueye", "species": "Decidueye-Hisui", "speciesId": "decidueyehisui", "gender": "F", "shiny": false, "level": 87, "moves": ["triplearrows", "roost", "leafblade", "swordsdance"], "ability": "Scrappy", "evs": {"hp": 85, "atk": 85, "def": 85, "spa": 85, "spd": 85, "spe": 85}, "ivs": {"hp": 31, "atk": 31, "def": 31, "spa": 31, "spd": 31, "spe": 31}, "item": "Leftovers", "teraType": "Water", "role": "Bulky Attacker", "bvs": {"hp": 88, "atk": 112, "def": 80, "spa": 95, "spd": 95, "spe": 60}, "stats": {"hp": 295, "atk": 245, "def": 189, "spa": 215, "spd": 215, "spe": 154}, "types": ["Grass", "Fighting"]}, "Tyranitar": {"name": "Tyranitar", "species": "Tyranitar", "speciesId": "tyranitar", "gender": "M", "shiny": false, "level": 78, "moves": ["stoneedge", "earthquake", "knockoff", "icebeam"], "ability": "Sand Stream", "evs": {"hp": 85, "atk": 85, "def": 85, "spa": 85, "spd": 85, "spe": 85}, "ivs": {"hp": 31, "atk": 31, "def": 31, "spa": 31, "spd": 31, "spe": 31}, "item": "Assault Vest", "teraType": "Rock", "role": "Bulky Support", "bvs": {"hp": 100, "atk": 134, "def": 110, "spa": 95, "spd": 100, "spe": 61}, "stats": {"hp": 284, "atk": 254, "def": 217, "spa": 193, "spd": 201, "spe": 140}, "types": ["Rock", "Dark"]}, "Venomoth": {"name": "Venomoth", "species": "Venomoth", "speciesId": "venomoth", "gender": "F", "shiny": false, "level": 84, "moves": ["sleeppowder", "quiverdance", "bugbuzz", "sludgewave"], "ability": "Tinted Lens", "evs": {"hp": 85, "atk": 0, "def": 85, "spa": 85, "spd": 85, "spe": 85}, "ivs": {"hp": 31, "atk": 0, "def": 31, "spa": 31, "spd": 31, "spe": 31}, "item": "Heavy-Duty Boots", "teraType": "Bug", "role": "Setup Sweeper", "bvs": {"hp": 70, "atk": 65, "def": 60, "spa": 90, "spd": 75, "spe": 90}, "stats": {"hp": 255, "atk": 114, "def": 149, "spa": 199, "spd": 174, "spe": 199}, "types": ["Bug", "Poison"]}, "Sceptile": {"name": "Sceptile", "species": "Sceptile", "speciesId": "sceptile", "gender": "F", "shiny": false, "level": 87, "moves": ["earthquake", "shedtail", "focusblast", "gigadrain"], "ability": "Overgrow", "evs": {"hp": 85, "atk": 85, "def": 85, "spa": 85, "spd": 85, "spe": 85}, "ivs": {"hp": 31, "atk": 31, "def": 31, "spa": 31, "spd": 31, "spe": 31}, "item": "Life Orb", "teraType": "Grass", "role": "Fast Attacker", "bvs": {"hp": 70, "atk": 85, "def": 65, "spa": 105, "spd": 85, "spe": 120}, "stats": {"hp": 264, "atk": 198, "def": 163, "spa": 232, "spd": 198, "spe": 259}, "types": ["Grass"]}, "Cramorant": {"name": "Cramorant", "species": "Cramorant", "speciesId": "cramorant", "gender": "M", "shiny": false, "level": 86, "moves": ["defog", "surf", "roost", "bravebird"], "ability": "Gulp Missile", "evs": {"hp": 85, "atk": 85, "def": 85, "spa": 85, "spd": 85, "spe": 85}, "ivs": {"hp": 31, "atk": 31, "def": 31, "spa": 31, "spd": 31, "spe": 31}, "item": "Heavy-Duty Boots", "teraType": "Ground", "role": "Bulky Support", "bvs": {"hp": 70, "atk": 85, "def": 55, "spa": 85, "spd": 95, "spe": 85}, "stats": {"hp": 261, "atk": 195, "def": 144, "spa": 195, "spd": 213, "spe": 195}, "types": ["Flying", "Water"]}}]}