{"id": "gen9randombattle-2641426619", "format": "[Gen 9] Random Battle", "players": ["kroolkong", "The great gazoo"], "log": "|j|\u2606kroolkong\n|j|\u2606The great gazoo\n|t:|1782783049\n|gametype|singles\n|player|p1|kroolkong|dawn|2057\n|player|p2|The great gazoo|170|1998\n|gen|9\n|tier|[Gen 9] Random Battle\n|rated|\n|rule|Species Clause: Limit one of each Pok\u00e9mon\n|rule|HP Percentage Mod: HP is shown in percentages\n|rule|Sleep Clause Mod: Limit one foe put to sleep\n|rule|Illusion Level Mod: Illusion disguises the Pok\u00e9mon's true level\n|\n|t:|1782783049\n|teamsize|p1|6\n|teamsize|p2|6\n|start\n|switch|p1a: Malamar|Malamar, L82, F|275/275\n|switch|p2a: Entei|Entei, L78|307/307\n|turn|1\n|inactive|Battle timer is ON: inactive players will automatically lose when time's up. (requested by kroolkong)\n|c|\u2606kroolkong|Glgl\n|inactive|The great gazoo has 120 seconds left.\n|\n|t:|1782783106\n|move|p2a: Entei|Sacred Fire|p1a: Malamar\n|-damage|p1a: Malamar|116/275\n|move|p1a: Malamar|Superpower|p2a: Entei\n|-damage|p2a: Entei|216/307\n|-boost|p1a: Malamar|atk|1\n|-boost|p1a: Malamar|def|1\n|\n|-heal|p1a: Malamar|133/275|[from] item: Leftovers\n|upkeep\n|turn|2\n|\n|t:|1782783126\n|move|p2a: Entei|Sacred Fire|p1a: Malamar\n|-damage|p1a: Malamar|24/275\n|-status|p1a: Malamar|brn\n|move|p1a: Malamar|Rest|p1a: Malamar\n|-status|p1a: Malamar|slp|[from] move: Rest\n|-heal|p1a: Malamar|275/275 slp|[silent]\n|\n|upkeep\n|turn|3\n|\n|t:|1782783139\n|switch|p2a: Primarina|Primarina, L83, F|268/268\n|cant|p1a: Malamar|slp\n|move|p1a: Malamar|Sleep Talk|p1a: Malamar\n|move|p1a: Malamar|Knock Off|p2a: Primarina|[from] move: Sleep Talk\n|-resisted|p2a: Primarina\n|-damage|p2a: Primarina|187/268\n|-enditem|p2a: Primarina|Leftovers|[from] move: Knock Off|[of] p1a: Malamar\n|\n|upkeep\n|turn|4\n|\n|t:|1782783152\n|switch|p1a: Bellibolt|Bellibolt, L84, M|320/320\n|move|p2a: Primarina|Draining Kiss|p1a: Bellibolt\n|-damage|p1a: Bellibolt|257/320\n|-heal|p2a: Primarina|234/268|[from] drain|[of] p1a: Bellibolt\n|-start|p1a: Bellibolt|Charge|Draining Kiss|[from] ability: Electromorphosis\n|\n|-heal|p1a: Bellibolt|277/320|[from] item: Leftovers\n|upkeep\n|turn|5\n|\n|t:|1782783160\n|switch|p2a: Spiritomb|Spiritomb, L89, F|234/234\n|move|p1a: Bellibolt|Toxic|p2a: Spiritomb\n|-status|p2a: Spiritomb|tox\n|\n|-heal|p1a: Bellibolt|297/320|[from] item: Leftovers\n|-damage|p2a: Spiritomb|220/234 tox|[from] psn\n|upkeep\n|turn|6\n|\n|t:|1782783170\n|switch|p1a: Scizor|Scizor, L79, F|240/240\n|move|p2a: Spiritomb|Poltergeist|p1a: Scizor\n|-activate|p1a: Scizor|move: Poltergeist|Life Orb\n|-damage|p1a: Scizor|117/240\n|\n|-heal|p2a: Spiritomb|234/234 tox|[from] item: Leftovers\n|-damage|p2a: Spiritomb|206/234 tox|[from] psn\n|upkeep\n|turn|7\n|\n|t:|1782783178\n|move|p1a: Scizor|Bug Bite|p2a: Spiritomb\n|-damage|p2a: Spiritomb|93/234 tox\n|-damage|p1a: Scizor|93/240|[from] item: Life Orb\n|move|p2a: Spiritomb|Foul Play|p1a: Scizor\n|-damage|p1a: Scizor|0 fnt\n|faint|p1a: Scizor\n|\n|-heal|p2a: Spiritomb|107/234 tox|[from] item: Leftovers\n|-damage|p2a: Spiritomb|65/234 tox|[from] psn\n|upkeep\n|\n|t:|1782783206\n|switch|p1a: Comfey|Comfey, L85, M|225/225\n|turn|8\n|inactive|The great gazoo has 120 seconds left.\n|\n|t:|1782783248\n|move|p1a: Comfey|Draining Kiss|p2a: Spiritomb\n|-supereffective|p2a: Spiritomb\n|-damage|p2a: Spiritomb|0 fnt\n|faint|p2a: Spiritomb\n|\n|upkeep\n|\n|t:|1782783252\n|switch|p2a: Solgaleo|Solgaleo, L74|325/325\n|turn|9\n|inactive|The great gazoo has 120 seconds left.\n|\n|t:|1782783276\n|-terastallize|p1a: Comfey|Ground\n|move|p1a: Comfey|Calm Mind|p1a: Comfey\n|-boost|p1a: Comfey|spa|1\n|-boost|p1a: Comfey|spd|1\n|move|p2a: Solgaleo|Knock Off|p1a: Comfey\n|-damage|p1a: Comfey|153/225\n|-enditem|p1a: Comfey|Leftovers|[from] move: Knock Off|[of] p2a: Solgaleo\n|\n|upkeep\n|turn|10\n|inactive|The great gazoo has 120 seconds left.\n|\n|t:|1782783309\n|move|p1a: Comfey|Tera Blast|p2a: Solgaleo|[anim] Tera Blast Ground\n|-supereffective|p2a: Solgaleo\n|-damage|p2a: Solgaleo|89/325\n|-enditem|p2a: Solgaleo|Weakness Policy\n|-boost|p2a: Solgaleo|atk|2|[from] item: Weakness Policy\n|-boost|p2a: Solgaleo|spa|2|[from] item: Weakness Policy\n|move|p2a: Solgaleo|Flame Charge|p1a: Comfey\n|-damage|p1a: Comfey|77/225\n|-boost|p2a: Solgaleo|spe|1\n|\n|upkeep\n|turn|11\n|inactive|kroolkong has 120 seconds left.\n|\n|t:|1782783338\n|move|p1a: Comfey|Giga Drain|p2a: Solgaleo\n|-resisted|p2a: Solgaleo\n|-damage|p2a: Solgaleo|45/325\n|-heal|p1a: Comfey|99/225|[from] drain|[of] p2a: Solgaleo\n|move|p2a: Solgaleo|Sunsteel Strike|p1a: Comfey\n|-damage|p1a: Comfey|0 fnt\n|faint|p1a: Comfey\n|\n|upkeep\n|\n|t:|1782783364\n|switch|p1a: Lilligant|Lilligant-Hisui, L79, F|240/240\n|turn|12\n|\n|t:|1782783374\n|move|p2a: Solgaleo|Psychic|p1a: Lilligant\n|-supereffective|p1a: Lilligant\n|-damage|p1a: Lilligant|0 fnt\n|faint|p1a: Lilligant\n|\n|upkeep\n|\n|t:|1782783386\n|switch|p1a: Bellibolt|Bellibolt, L84, M|297/320\n|turn|13\n|\n|t:|1782783397\n|-terastallize|p2a: Solgaleo|Dark\n|move|p2a: Solgaleo|Knock Off|p1a: Bellibolt\n|-damage|p1a: Bellibolt|78/320\n|-start|p1a: Bellibolt|Charge|Knock Off|[from] ability: Electromorphosis\n|-enditem|p1a: Bellibolt|Leftovers|[from] move: Knock Off|[of] p2a: Solgaleo\n|move|p1a: Bellibolt|Muddy Water|p2a: Solgaleo\n|-damage|p2a: Solgaleo|0 fnt\n|faint|p2a: Solgaleo\n|\n|upkeep\n|\n|t:|1782783412\n|switch|p2a: Primarina|Primarina, L83, F|234/268\n|turn|14\n|\n|t:|1782783422\n|move|p2a: Primarina|Moonblast|p1a: Bellibolt\n|-damage|p1a: Bellibolt|0 fnt\n|faint|p1a: Bellibolt\n|\n|upkeep\n|\n|t:|1782783425\n|switch|p1a: Goodra|Goodra, L85, F|292/292\n|turn|15\n|inactive|kroolkong has 120 seconds left.\n|\n|t:|1782783436\n|switch|p2a: Lumineon|Lumineon, L93, F|279/279\n|move|p1a: Goodra|Earthquake|p2a: Lumineon\n|-damage|p2a: Lumineon|201/279\n|\n|upkeep\n|turn|16\n|\n|t:|1782783442\n|move|p2a: Lumineon|Ice Beam|p1a: Goodra\n|-supereffective|p1a: Goodra\n|-damage|p1a: Goodra|238/292\n|move|p1a: Goodra|Earthquake|p2a: Lumineon\n|-damage|p2a: Lumineon|120/279\n|\n|upkeep\n|turn|17\n|inactive|The great gazoo has 120 seconds left.\n|\n|t:|1782783448\n|switch|p1a: Malamar|Malamar, L82, F|275/275 slp\n|move|p2a: Lumineon|Ice Beam|p1a: Malamar\n|-damage|p1a: Malamar|201/275 slp\n|\n|-heal|p1a: Malamar|218/275 slp|[from] item: Leftovers\n|upkeep\n|turn|18\n|\n|t:|1782783454\n|move|p2a: Lumineon|U-turn|p1a: Malamar\n|-supereffective|p1a: Malamar\n|-damage|p1a: Malamar|34/275 slp\n|\n|t:|1782783459\n|switch|p2a: Misdreavus|Misdreavus, L90, M|254/254|[from] U-turn\n|cant|p1a: Malamar|slp\n|move|p1a: Malamar|Sleep Talk|p1a: Malamar\n|move|p1a: Malamar|Superpower|p2a: Misdreavus|[from] move: Sleep Talk\n|-immune|p2a: Misdreavus\n|\n|-heal|p1a: Malamar|51/275 slp|[from] item: Leftovers\n|upkeep\n|turn|19\n|c|\u2606kroolkong|Ggwp\n|\n|t:|1782783465\n|move|p2a: Misdreavus|Draining Kiss|p1a: Malamar\n|-supereffective|p1a: Malamar\n|-damage|p1a: Malamar|0 fnt\n|faint|p1a: Malamar\n|\n|upkeep\n|\n|t:|1782783467\n|switch|p1a: Goodra|Goodra, L85, F|238/292\n|turn|20\n|\n|t:|1782783474\n|move|p2a: Misdreavus|Calm Mind|p2a: Misdreavus\n|-boost|p2a: Misdreavus|spa|1\n|-boost|p2a: Misdreavus|spd|1\n|move|p1a: Goodra|Draco Meteor|p2a: Misdreavus\n|-damage|p2a: Misdreavus|184/254\n|-unboost|p1a: Goodra|spa|2\n|\n|upkeep\n|turn|21\n|\n|t:|1782783479\n|move|p2a: Misdreavus|Draining Kiss|p1a: Goodra\n|-supereffective|p1a: Goodra\n|-damage|p1a: Goodra|190/292\n|-heal|p2a: Misdreavus|220/254|[from] drain|[of] p1a: Goodra\n|move|p1a: Goodra|Draco Meteor|p2a: Misdreavus\n|-damage|p2a: Misdreavus|187/254\n|-unboost|p1a: Goodra|spa|2\n|\n|upkeep\n|turn|22\n|\n|t:|1782783486\n|move|p2a: Misdreavus|Draining Kiss|p1a: Goodra\n|-supereffective|p1a: Goodra\n|-damage|p1a: Goodra|142/292\n|-heal|p2a: Misdreavus|223/254|[from] drain|[of] p1a: Goodra\n|move|p1a: Goodra|Draco Meteor|p2a: Misdreavus\n|-damage|p2a: Misdreavus|199/254\n|-unboost|p1a: Goodra|spa|2\n|\n|upkeep\n|turn|23\n|\n|t:|1782783492\n|move|p2a: Misdreavus|Draining Kiss|p1a: Goodra\n|-supereffective|p1a: Goodra\n|-damage|p1a: Goodra|94/292\n|-heal|p2a: Misdreavus|235/254|[from] drain|[of] p1a: Goodra\n|move|p1a: Goodra|Earthquake|p2a: Misdreavus\n|-immune|p2a: Misdreavus|[from] ability: Levitate\n|\n|upkeep\n|turn|24\n|\n|t:|1782783493\n|move|p2a: Misdreavus|Draining Kiss|p1a: Goodra\n|-supereffective|p1a: Goodra\n|-damage|p1a: Goodra|42/292\n|-heal|p2a: Misdreavus|254/254|[from] drain|[of] p1a: Goodra\n|move|p1a: Goodra|Earthquake|p2a: Misdreavus\n|-immune|p2a: Misdreavus|[from] ability: Levitate\n|\n|upkeep\n|turn|25\n|\n|t:|1782783495\n|move|p2a: Misdreavus|Draining Kiss|p1a: Goodra\n|-supereffective|p1a: Goodra\n|-damage|p1a: Goodra|0 fnt\n|faint|p1a: Goodra\n|\n|win|The great gazoo\n", "inputlog": ">version f8ac14003a5f27e1bdc8d8c59608a773c1cb96e5\n>start {\"formatid\":\"gen9randombattle\",\"seed\":\"sodium,2d937f150504a2db2527943fef4df41e\",\"rated\":\"Rated battle\"}\n>player p1 {\"name\":\"kroolkong\",\"avatar\":\"dawn\",\"rating\":2057,\"seed\":\"sodium,a97813527e3094ff7d7f9d304ab495bb\"}\n>player p2 {\"name\":\"The great gazoo\",\"avatar\":\"170\",\"rating\":1998,\"seed\":\"sodium,bdd92317c217acc5553075f88c0458b6\"}\n>chat \u2606kroolkong|Glgl\n>p1 move superpower\n>p2 move sacredfire\n>p1 move rest\n>p2 move sacredfire\n>p1 move sleeptalk\n>p2 switch 3\n>p1 switch 4\n>p2 move drainingkiss\n>p1 move toxic\n>p2 switch 6\n>p1 switch 5\n>p2 move poltergeist\n>p1 move bugbite\n>p2 move foulplay\n>p1 switch 6\n>p1 move drainingkiss\n>p2 move toxic\n>p2 switch 2\n>p1 move calmmind terastallize\n>p2 move knockoff\n>p1 move terablast\n>p2 move flamecharge\n>p1 move gigadrain\n>p2 move sunsteelstrike\n>p1 switch 3\n>p1 move closecombat\n>p2 move psychic\n>p1 switch 5\n>p1 move muddywater\n>p2 move knockoff terastallize\n>p2 switch 6\n>p1 move slackoff\n>p2 move moonblast\n>p1 switch 2\n>p1 move earthquake\n>p2 switch 4\n>p1 move earthquake\n>p2 move icebeam\n>p1 switch 4\n>p2 move icebeam\n>p1 move sleeptalk\n>p2 move uturn\n>p2 switch 5\n>chat \u2606kroolkong|Ggwp\n>p1 move knockoff\n>p2 move drainingkiss\n>p1 switch 4\n>p1 move dracometeor\n>p2 move calmmind\n>p1 move dracometeor\n>p2 move drainingkiss\n>p1 move dracometeor\n>p2 move drainingkiss\n>p1 move earthquake\n>p2 move drainingkiss\n>p1 move earthquake\n>p2 move drainingkiss\n>p1 move earthquake\n>p2 move drainingkiss", "uploadtime": 1782783051, "views": 5, "formatid": "gen9randombattle", "rating": null, "private": 0, "password": null, "player_dets": [{"name": "kroolkong", "avatar": "dawn", "rating": 2057, "seed": "sodium,a97813527e3094ff7d7f9d304ab495bb"}, {"name": "The great gazoo", "avatar": "170", "rating": 1998, "seed": "sodium,bdd92317c217acc5553075f88c0458b6"}], "teams_full": [{"Malamar": {"name": "Malamar", "species": "Malamar", "speciesId": "malamar", "gender": "F", "shiny": false, "level": 82, "moves": ["superpower", "sleeptalk", "rest", "knockoff"], "ability": "Contrary", "evs": {"hp": 85, "atk": 85, "def": 85, "spa": 85, "spd": 85, "spe": 85}, "ivs": {"hp": 31, "atk": 31, "def": 31, "spa": 31, "spd": 31, "spe": 31}, "item": "Leftovers", "teraType": "Fighting", "role": "Bulky Setup", "bvs": {"hp": 86, "atk": 92, "def": 88, "spa": 68, "spd": 75, "spe": 73}, "stats": {"hp": 275, "atk": 198, "def": 191, "spa": 159, "spd": 170, "spe": 167}, "types": ["Dark", "Psychic"]}, "Goodra": {"name": "Goodra", "species": "Goodra", "speciesId": "goodra", "gender": "F", "shiny": false, "level": 85, "moves": ["scald", "earthquake", "dracometeor", "fireblast"], "ability": "Sap Sipper", "evs": {"hp": 85, "atk": 85, "def": 85, "spa": 85, "spd": 85, "spe": 85}, "ivs": {"hp": 31, "atk": 31, "def": 31, "spa": 31, "spd": 31, "spe": 31}, "item": "Assault Vest", "teraType": "Fire", "role": "AV Pivot", "bvs": {"hp": 90, "atk": 100, "def": 70, "spa": 110, "spd": 150, "spe": 80}, "stats": {"hp": 292, "atk": 219, "def": 168, "spa": 236, "spd": 304, "spe": 185}, "types": ["Dragon"]}, "Lilligant": {"name": "Lilligant", "species": "Lilligant-Hisui", "speciesId": "lilliganthisui", "gender": "F", "shiny": false, "level": 79, "moves": ["leafblade", "icespinner", "victorydance", "closecombat"], "ability": "Hustle", "evs": {"hp": 85, "atk": 85, "def": 85, "spa": 85, "spd": 85, "spe": 85}, "ivs": {"hp": 31, "atk": 31, "def": 31, "spa": 31, "spd": 31, "spe": 31}, "item": "Wide Lens", "teraType": "Fighting", "role": "Setup Sweeper", "bvs": {"hp": 70, "atk": 105, "def": 75, "spa": 50, "spd": 75, "spe": 105}, "stats": {"hp": 240, "atk": 211, "def": 164, "spa": 125, "spd": 164, "spe": 211}, "types": ["Grass", "Fighting"]}, "Bellibolt": {"name": "Bellibolt", "species": "Bellibolt", "speciesId": "bellibolt", "gender": "M", "shiny": false, "level": 84, "moves": ["muddywater", "thunderbolt", "slackoff", "toxic"], "ability": "Electromorphosis", "evs": {"hp": 85, "atk": 0, "def": 85, "spa": 85, "spd": 85, "spe": 85}, "ivs": {"hp": 31, "atk": 0, "def": 31, "spa": 31, "spd": 31, "spe": 31}, "item": "Leftovers", "teraType": "Water", "role": "Bulky Attacker", "bvs": {"hp": 109, "atk": 64, "def": 91, "spa": 103, "spd": 83, "spe": 45}, "stats": {"hp": 320, "atk": 112, "def": 201, "spa": 221, "spd": 188, "spe": 124}, "types": ["Electric"]}, "Scizor": {"name": "Scizor", "species": "Scizor", "speciesId": "scizor", "gender": "F", "shiny": false, "level": 79, "moves": ["closecombat", "bulletpunch", "bugbite", "swordsdance"], "ability": "Technician", "evs": {"hp": 85, "atk": 85, "def": 85, "spa": 85, "spd": 85, "spe": 85}, "ivs": {"hp": 31, "atk": 31, "def": 31, "spa": 31, "spd": 31, "spe": 31}, "item": "Life Orb", "teraType": "Steel", "role": "Setup Sweeper", "bvs": {"hp": 70, "atk": 130, "def": 100, "spa": 55, "spd": 80, "spe": 65}, "stats": {"hp": 240, "atk": 251, "def": 204, "spa": 132, "spd": 172, "spe": 148}, "types": ["Bug", "Steel"]}, "Comfey": {"name": "Comfey", "species": "Comfey", "speciesId": "comfey", "gender": "M", "shiny": false, "level": 85, "moves": ["gigadrain", "calmmind", "terablast", "drainingkiss"], "ability": "Triage", "evs": {"hp": 85, "atk": 0, "def": 85, "spa": 85, "spd": 85, "spe": 85}, "ivs": {"hp": 31, "atk": 0, "def": 31, "spa": 31, "spd": 31, "spe": 31}, "item": "Leftovers", "teraType": "Ground", "role": "Tera Blast user", "bvs": {"hp": 51, "atk": 52, "def": 90, "spa": 82, "spd": 110, "spe": 100}, "stats": {"hp": 225, "atk": 93, "def": 202, "spa": 188, "spd": 236, "spe": 219}, "types": ["Fairy"]}}, {"Entei": {"name": "Entei", "species": "Entei", "speciesId": "entei", "gender": "N", "shiny": false, "level": 78, "moves": ["sacredfire", "extremespeed", "stoneedge", "flareblitz"], "ability": "Inner Focus", "evs": {"hp": 85, "atk": 85, "def": 85, "spa": 85, "spd": 85, "spe": 85}, "ivs": {"hp": 31, "atk": 31, "def": 31, "spa": 31, "spd": 31, "spe": 31}, "item": "Choice Band", "teraType": "Normal", "role": "Fast Attacker", "bvs": {"hp": 115, "atk": 115, "def": 85, "spa": 90, "spd": 75, "spe": 100}, "stats": {"hp": 307, "atk": 224, "def": 178, "spa": 185, "spd": 162, "spe": 201}, "types": ["Fire"]}, "Solgaleo": {"name": "Solgaleo", "species": "Solgaleo", "speciesId": "solgaleo", "gender": "N", "shiny": false, "level": 74, "moves": ["sunsteelstrike", "knockoff", "psychic", "flamecharge"], "ability": "Full Metal Body", "evs": {"hp": 85, "atk": 85, "def": 85, "spa": 85, "spd": 85, "spe": 85}, "ivs": {"hp": 31, "atk": 31, "def": 31, "spa": 31, "spd": 31, "spe": 31}, "item": "Weakness Policy", "teraType": "Dark", "role": "Bulky Setup", "bvs": {"hp": 137, "atk": 137, "def": 107, "spa": 113, "spd": 89, "spe": 97}, "stats": {"hp": 325, "atk": 246, "def": 201, "spa": 210, "spd": 175, "spe": 187}, "types": ["Psychic", "Steel"]}, "Primarina": {"name": "Primarina", "species": "Primarina", "speciesId": "primarina", "gender": "F", "shiny": false, "level": 83, "moves": ["psychicnoise", "calmmind", "moonblast", "drainingkiss"], "ability": "Liquid Voice", "evs": {"hp": 85, "atk": 0, "def": 85, "spa": 85, "spd": 85, "spe": 85}, "ivs": {"hp": 31, "atk": 0, "def": 31, "spa": 31, "spd": 31, "spe": 31}, "item": "Leftovers", "teraType": "Poison", "role": "Bulky Setup", "bvs": {"hp": 80, "atk": 74, "def": 74, "spa": 126, "spd": 116, "spe": 60}, "stats": {"hp": 268, "atk": 127, "def": 171, "spa": 257, "spd": 240, "spe": 147}, "types": ["Water", "Fairy"]}, "Lumineon": {"name": "Lumineon", "species": "Lumineon", "speciesId": "lumineon", "gender": "F", "shiny": false, "level": 93, "moves": ["encore", "icebeam", "uturn", "hydropump"], "ability": "Storm Drain", "evs": {"hp": 85, "atk": 85, "def": 85, "spa": 85, "spd": 85, "spe": 85}, "ivs": {"hp": 31, "atk": 31, "def": 31, "spa": 31, "spd": 31, "spe": 31}, "item": "Heavy-Duty Boots", "teraType": "Ground", "role": "Fast Support", "bvs": {"hp": 69, "atk": 69, "def": 76, "spa": 69, "spd": 86, "spe": 91}, "stats": {"hp": 279, "atk": 181, "def": 194, "spa": 181, "spd": 213, "spe": 222}, "types": ["Water"]}, "Misdreavus": {"name": "Misdreavus", "species": "Misdreavus", "speciesId": "misdreavus", "gender": "M", "shiny": false, "level": 90, "moves": ["drainingkiss", "willowisp", "shadowball", "calmmind"], "ability": "Levitate", "evs": {"hp": 85, "atk": 0, "def": 85, "spa": 85, "spd": 85, "spe": 85}, "ivs": {"hp": 31, "atk": 0, "def": 31, "spa": 31, "spd": 31, "spe": 31}, "item": "Eviolite", "teraType": "Fairy", "role": "Bulky Setup", "bvs": {"hp": 60, "atk": 60, "def": 60, "spa": 85, "spd": 85, "spe": 85}, "stats": {"hp": 254, "atk": 113, "def": 159, "spa": 204, "spd": 204, "spe": 204}, "types": ["Ghost"]}, "Spiritomb": {"name": "Spiritomb", "species": "Spiritomb", "speciesId": "spiritomb", "gender": "F", "shiny": false, "level": 89, "moves": ["toxic", "shadowsneak", "foulplay", "poltergeist"], "ability": "Infiltrator", "evs": {"hp": 85, "atk": 85, "def": 85, "spa": 85, "spd": 85, "spe": 85}, "ivs": {"hp": 31, "atk": 31, "def": 31, "spa": 31, "spd": 31, "spe": 31}, "item": "Leftovers", "teraType": "Steel", "role": "Bulky Support", "bvs": {"hp": 50, "atk": 92, "def": 108, "spa": 92, "spd": 108, "spe": 35}, "stats": {"hp": 234, "atk": 215, "def": 243, "spa": 215, "spd": 243, "spe": 113}, "types": ["Ghost", "Dark"]}}]}