{"id": "gen9randombattle-2641619479", "format": "[Gen 9] Random Battle", "players": ["JoJo321", "Yp97"], "log": "|badge|p2|bronze|gen9randombattle|100-9\n|html|<div class=\"broadcast-red\"><strong>This battle is required to be public due to one or more player having a season medal.</strong><br />During the public phase, you can discuss the state of the ladder <a href=\"/seasondiscussion\">in a special chatroom.</a></div>\n|uhtml|medal-msg|<div class=\"broadcast-blue\">Curious what those medals under the avatar are? PS now has Ladder Seasons! For more information, check out the <a href=\"https://www.smogon.com/forums/threads/3740067/\">thread on Smogon.</a></div>\n|raw|<div class=\"broadcast-blue\"><strong>This battle is required to be public due to a player having a name starting with 'medal'.</div>\n|j|\u2606JoJo321\n|j|\u2606Yp97\n|t:|1782819948\n|gametype|singles\n|player|p1|JoJo321|wattson|2284\n|player|p2|Yp97|steven|2297\n|gen|9\n|tier|[Gen 9] Random Battle\n|rated|\n|rule|Species Clause: Limit one of each Pok\u00e9mon\n|rule|HP Percentage Mod: HP is shown in percentages\n|rule|Sleep Clause Mod: Limit one foe put to sleep\n|rule|Illusion Level Mod: Illusion disguises the Pok\u00e9mon's true level\n|\n|t:|1782819948\n|teamsize|p1|6\n|teamsize|p2|6\n|start\n|switch|p1a: Girafarig|Girafarig, L89, M|269/269\n|switch|p2a: Toucannon|Toucannon, L88, M|284/284\n|turn|1\n|\n|t:|1782819954\n|switch|p2a: Minun|Minun, L95, M|268/268\n|move|p1a: Girafarig|Nasty Plot|p1a: Girafarig\n|-boost|p1a: Girafarig|spa|2\n|\n|upkeep\n|turn|2\n|inactive|Battle timer is ON: inactive players will automatically lose when time's up. (requested by Yp97)\n|\n|t:|1782819961\n|switch|p1a: Palossand|Palossand, L89, M|296/296\n|move|p2a: Minun|Encore||[still]\n|-fail|p2a: Minun\n|\n|upkeep\n|turn|3\n|\n|t:|1782819970\n|switch|p2a: Beartic|Beartic, L91, M|321/321\n|move|p1a: Palossand|Earth Power|p2a: Beartic\n|-damage|p2a: Beartic|207/321\n|\n|upkeep\n|turn|4\n|\n|t:|1782819975\n|switch|p1a: Basculegion|Basculegion-F, L83, F|335/335\n|move|p2a: Beartic|Snowscape|p2a: Beartic\n|-weather|Snowscape\n|\n|-weather|Snowscape|[upkeep]\n|upkeep\n|turn|5\n|\n|t:|1782819982\n|move|p2a: Beartic|Swords Dance|p2a: Beartic\n|-boost|p2a: Beartic|atk|2\n|move|p1a: Basculegion|Shadow Ball|p2a: Beartic\n|-damage|p2a: Beartic|43/321\n|\n|-weather|Snowscape|[upkeep]\n|upkeep\n|turn|6\n|\n|t:|1782819985\n|move|p2a: Beartic|Icicle Crash|p1a: Basculegion\n|-resisted|p1a: Basculegion\n|-damage|p1a: Basculegion|155/335\n|cant|p1a: Basculegion|flinch\n|\n|-weather|Snowscape|[upkeep]\n|upkeep\n|turn|7\n|\n|t:|1782819991\n|switch|p1a: Stonjourner|Stonjourner, L91, M|330/330\n|move|p2a: Beartic|Icicle Crash|p1a: Stonjourner\n|-damage|p1a: Stonjourner|152/330\n|\n|-weather|Snowscape|[upkeep]\n|upkeep\n|turn|8\n|\n|t:|1782820000\n|switch|p1a: Girafarig|Girafarig, L89, M|269/269\n|move|p2a: Beartic|Icicle Crash|p1a: Girafarig\n|-damage|p1a: Girafarig|67/269\n|\n|-weather|none\n|upkeep\n|turn|9\n|\n|t:|1782820006\n|switch|p2a: Toucannon|Toucannon, L88, M|284/284\n|move|p1a: Girafarig|Psyshock|p2a: Toucannon\n|-damage|p2a: Toucannon|190/284\n|\n|upkeep\n|turn|10\n|\n|t:|1782820012\n|-singleturn|p2a: Toucannon|move: Beak Blast\n|move|p1a: Girafarig|Psyshock|p2a: Toucannon\n|-damage|p2a: Toucannon|100/284\n|move|p2a: Toucannon|Beak Blast|p1a: Girafarig\n|-damage|p1a: Girafarig|0 fnt\n|faint|p1a: Girafarig\n|\n|upkeep\n|\n|t:|1782820019\n|switch|p1a: Stonjourner|Stonjourner, L91, M|152/330\n|turn|11\n|\n|t:|1782820023\n|move|p1a: Stonjourner|Stone Edge|p2a: Toucannon\n|-supereffective|p2a: Toucannon\n|-damage|p2a: Toucannon|0 fnt\n|faint|p2a: Toucannon\n|-damage|p1a: Stonjourner|119/330|[from] item: Life Orb\n|\n|upkeep\n|\n|t:|1782820028\n|switch|p2a: Spectrier|Spectrier, L75|274/274\n|turn|12\n|\n|t:|1782820033\n|switch|p1a: Roaring Moon|Roaring Moon, L72|270/270\n|-enditem|p1a: Roaring Moon|Booster Energy\n|-activate|p1a: Roaring Moon|ability: Protosynthesis|[fromitem]\n|-start|p1a: Roaring Moon|protosynthesisatk\n|move|p2a: Spectrier|Substitute|p2a: Spectrier\n|-start|p2a: Spectrier|Substitute\n|-damage|p2a: Spectrier|206/274\n|\n|-heal|p2a: Spectrier|223/274|[from] item: Leftovers\n|upkeep\n|turn|13\n|\n|t:|1782820041\n|-terastallize|p1a: Roaring Moon|Flying\n|move|p2a: Spectrier|Nasty Plot|p2a: Spectrier\n|-boost|p2a: Spectrier|spa|2\n|move|p1a: Roaring Moon|Dragon Dance|p1a: Roaring Moon\n|-boost|p1a: Roaring Moon|atk|1\n|-boost|p1a: Roaring Moon|spe|1\n|\n|-heal|p2a: Spectrier|240/274|[from] item: Leftovers\n|upkeep\n|turn|14\n|\n|t:|1782820047\n|move|p1a: Roaring Moon|Knock Off|p2a: Spectrier\n|-supereffective|p2a: Spectrier\n|-end|p2a: Spectrier|Substitute\n|move|p2a: Spectrier|Shadow Ball|p1a: Roaring Moon\n|-damage|p1a: Roaring Moon|83/270\n|\n|-heal|p2a: Spectrier|257/274|[from] item: Leftovers\n|upkeep\n|turn|15\n|\n|t:|1782820051\n|-terastallize|p2a: Spectrier|Fighting\n|move|p1a: Roaring Moon|Acrobatics|p2a: Spectrier\n|-supereffective|p2a: Spectrier\n|-damage|p2a: Spectrier|0 fnt\n|faint|p2a: Spectrier\n|\n|upkeep\n|\n|t:|1782820057\n|switch|p2a: Oricorio|Oricorio, L84, F|263/263\n|turn|16\n|\n|t:|1782820062\n|move|p1a: Roaring Moon|Acrobatics|p2a: Oricorio\n|-damage|p2a: Oricorio|0 fnt\n|faint|p2a: Oricorio\n|\n|upkeep\n|\n|t:|1782820068\n|switch|p2a: Dragapult|Dragapult, L77, M|262/262\n|turn|17\n|\n|t:|1782820073\n|move|p1a: Roaring Moon|Knock Off|p2a: Dragapult\n|-supereffective|p2a: Dragapult\n|-damage|p2a: Dragapult|0 fnt\n|-enditem|p2a: Dragapult|Choice Specs|[from] move: Knock Off|[of] p1a: Roaring Moon\n|faint|p2a: Dragapult\n|\n|upkeep\n|\n|t:|1782820077\n|switch|p2a: Minun|Minun, L95, M|268/268\n|turn|18\n|\n|t:|1782820082\n|switch|p2a: Beartic|Beartic, L91, M|43/321\n|move|p1a: Roaring Moon|Outrage|p2a: Beartic\n|-damage|p2a: Beartic|0 fnt\n|faint|p2a: Beartic\n|\n|upkeep\n|\n|t:|1782820086\n|switch|p2a: Minun|Minun, L95, M|268/268\n|turn|19\n|\n|t:|1782820088\n|move|p1a: Roaring Moon|Outrage|p2a: Minun|[from] lockedmove\n|-damage|p2a: Minun|0 fnt\n|faint|p2a: Minun\n|\n|win|JoJo321\n", "inputlog": ">version f8ac14003a5f27e1bdc8d8c59608a773c1cb96e5\n>start {\"formatid\":\"gen9randombattle\",\"seed\":\"sodium,6468e4d1cfe8cba4302f69fc2cc1a47f\",\"rated\":\"Rated battle\"}\n>player p1 {\"name\":\"JoJo321\",\"avatar\":\"wattson\",\"rating\":2284,\"seed\":\"sodium,abbf18567c00a632d82d97409e8b4987\"}\n>player p2 {\"name\":\"Yp97\",\"avatar\":\"steven\",\"rating\":2297,\"seed\":\"sodium,964180bf8398b8811cc680782fdb7dd7\"}\n>p1 move nastyplot\n>p2 switch 6\n>p1 switch 2\n>p2 move encore\n>p1 move earthpower\n>p2 switch 3\n>p1 switch 6\n>p2 move snowscape\n>p1 move shadowball\n>p2 move swordsdance\n>p1 move shadowball\n>p2 move iciclecrash\n>p1 switch 5\n>p2 move iciclecrash\n>p1 switch 2\n>p2 move iciclecrash\n>p1 move psyshock\n>p2 switch 6\n>p1 move psyshock\n>p2 move beakblast\n>p1 switch 2\n>p1 move stoneedge\n>p2 move bulletseed\n>p2 switch 5\n>p1 switch 3\n>p2 move substitute\n>p1 move dragondance terastallize\n>p2 move nastyplot\n>p1 move knockoff\n>p2 move shadowball\n>p1 move acrobatics\n>p2 move shadowball terastallize\n>p2 switch 2\n>p1 move acrobatics\n>p2 move revelationdance\n>p2 switch 4\n>p1 move knockoff\n>p2 move shadowball\n>p2 switch 3\n>p1 move outrage\n>p2 switch 6\n>p2 switch 6\n>p1 move outrage\n>p2 move thunderbolt", "uploadtime": 1782819950, "views": 3, "formatid": "gen9randombattle", "rating": null, "private": 0, "password": null, "player_dets": [{"name": "JoJo321", "avatar": "wattson", "rating": 2284, "seed": "sodium,abbf18567c00a632d82d97409e8b4987"}, {"name": "Yp97", "avatar": "steven", "rating": 2297, "seed": "sodium,964180bf8398b8811cc680782fdb7dd7"}], "teams_full": [{"Girafarig": {"name": "Girafarig", "species": "Girafarig", "speciesId": "girafarig", "gender": "M", "shiny": false, "level": 89, "moves": ["shadowball", "psyshock", "dazzlinggleam", "nastyplot"], "ability": "Sap Sipper", "evs": {"hp": 85, "atk": 0, "def": 85, "spa": 85, "spd": 85, "spe": 85}, "ivs": {"hp": 31, "atk": 0, "def": 31, "spa": 31, "spd": 31, "spe": 31}, "item": "Eviolite", "teraType": "Fairy", "role": "Bulky Setup", "bvs": {"hp": 70, "atk": 80, "def": 65, "spa": 90, "spd": 65, "spe": 85}, "stats": {"hp": 269, "atk": 147, "def": 166, "spa": 211, "spd": 166, "spe": 202}, "types": ["Normal", "Psychic"]}, "Palossand": {"name": "Palossand", "species": "Palossand", "speciesId": "palossand", "gender": "M", "shiny": false, "level": 89, "moves": ["shoreup", "earthpower", "sludgebomb", "shadowball"], "ability": "Water Compaction", "evs": {"hp": 85, "atk": 0, "def": 85, "spa": 85, "spd": 85, "spe": 85}, "ivs": {"hp": 31, "atk": 0, "def": 31, "spa": 31, "spd": 31, "spe": 31}, "item": "Leftovers", "teraType": "Poison", "role": "Bulky Support", "bvs": {"hp": 85, "atk": 75, "def": 110, "spa": 100, "spd": 75, "spe": 35}, "stats": {"hp": 296, "atk": 138, "def": 247, "spa": 229, "spd": 184, "spe": 113}, "types": ["Ghost", "Ground"]}, "Roaring Moon": {"name": "Roaring Moon", "species": "Roaring Moon", "speciesId": "roaringmoon", "gender": "N", "shiny": false, "level": 72, "moves": ["dragondance", "acrobatics", "knockoff", "outrage"], "ability": "Protosynthesis", "evs": {"hp": 85, "atk": 85, "def": 85, "spa": 85, "spd": 85, "spe": 85}, "ivs": {"hp": 31, "atk": 31, "def": 31, "spa": 31, "spd": 31, "spe": 31}, "item": "Booster Energy", "teraType": "Flying", "role": "Fast Bulky Setup", "bvs": {"hp": 105, "atk": 139, "def": 71, "spa": 55, "spd": 101, "spe": 119}, "stats": {"hp": 270, "atk": 242, "def": 144, "spa": 121, "spd": 187, "spe": 213}, "types": ["Dragon", "Dark"]}, "Dipplin": {"name": "Dipplin", "species": "Dipplin", "speciesId": "dipplin", "gender": "F", "shiny": false, "level": 88, "moves": ["dragonpulse", "gigadrain", "dragontail", "recover"], "ability": "Sticky Hold", "evs": {"hp": 85, "atk": 85, "def": 85, "spa": 85, "spd": 85, "spe": 85}, "ivs": {"hp": 31, "atk": 31, "def": 31, "spa": 31, "spd": 31, "spe": 31}, "item": "Eviolite", "teraType": "Steel", "role": "Bulky Attacker", "bvs": {"hp": 80, "atk": 80, "def": 110, "spa": 95, "spd": 80, "spe": 40}, "stats": {"hp": 284, "atk": 191, "def": 244, "spa": 217, "spd": 191, "spe": 121}, "types": ["Grass", "Dragon"]}, "Stonjourner": {"name": "Stonjourner", "species": "Stonjourner", "speciesId": "stonjourner", "gender": "M", "shiny": false, "level": 91, "moves": ["stoneedge", "earthquake", "heatcrash", "rockpolish"], "ability": "Power Spot", "evs": {"hp": 85, "atk": 85, "def": 85, "spa": 85, "spd": 85, "spe": 85}, "ivs": {"hp": 31, "atk": 31, "def": 31, "spa": 31, "spd": 31, "spe": 31}, "item": "Life Orb", "teraType": "Ground", "role": "Fast Attacker", "bvs": {"hp": 100, "atk": 125, "def": 135, "spa": 20, "spd": 20, "spe": 70}, "stats": {"hp": 330, "atk": 279, "def": 298, "spa": 88, "spd": 88, "spe": 179}, "types": ["Rock"]}, "Basculegion": {"name": "Basculegion", "species": "Basculegion-F", "speciesId": "basculegionf", "gender": "F", "shiny": false, "level": 83, "moves": ["hydropump", "flipturn", "icebeam", "shadowball"], "ability": "Adaptability", "evs": {"hp": 85, "atk": 85, "def": 85, "spa": 85, "spd": 85, "spe": 85}, "ivs": {"hp": 31, "atk": 31, "def": 31, "spa": 31, "spd": 31, "spe": 31}, "item": "Choice Specs", "teraType": "Water", "role": "Wallbreaker", "bvs": {"hp": 120, "atk": 92, "def": 65, "spa": 100, "spd": 75, "spe": 78}, "stats": {"hp": 335, "atk": 200, "def": 156, "spa": 214, "spd": 172, "spe": 177}, "types": ["Water", "Ghost"]}}, {"Toucannon": {"name": "Toucannon", "species": "Toucannon", "speciesId": "toucannon", "gender": "M", "shiny": false, "level": 88, "moves": ["bulletseed", "roost", "beakblast", "boomburst"], "ability": "Skill Link", "evs": {"hp": 85, "atk": 85, "def": 85, "spa": 85, "spd": 85, "spe": 85}, "ivs": {"hp": 31, "atk": 31, "def": 31, "spa": 31, "spd": 31, "spe": 31}, "item": "Heavy-Duty Boots", "teraType": "Steel", "role": "Bulky Support", "bvs": {"hp": 80, "atk": 120, "def": 75, "spa": 75, "spd": 75, "spe": 60}, "stats": {"hp": 284, "atk": 261, "def": 182, "spa": 182, "spd": 182, "spe": 156}, "types": ["Normal", "Flying"]}, "Oricorio": {"name": "Oricorio", "species": "Oricorio", "speciesId": "oricorio", "gender": "F", "shiny": false, "level": 84, "moves": ["quiverdance", "roost", "revelationdance", "hurricane"], "ability": "Dancer", "evs": {"hp": 85, "atk": 0, "def": 85, "spa": 85, "spd": 85, "spe": 85}, "ivs": {"hp": 31, "atk": 0, "def": 31, "spa": 31, "spd": 31, "spe": 31}, "item": "Heavy-Duty Boots", "teraType": "Ground", "role": "Setup Sweeper", "bvs": {"hp": 75, "atk": 70, "def": 70, "spa": 98, "spd": 70, "spe": 93}, "stats": {"hp": 263, "atk": 122, "def": 166, "spa": 213, "spd": 166, "spe": 204}, "types": ["Fire", "Flying"]}, "Beartic": {"name": "Beartic", "species": "Beartic", "speciesId": "beartic", "gender": "M", "shiny": false, "level": 91, "moves": ["snowscape", "closecombat", "swordsdance", "iciclecrash"], "ability": "Slush Rush", "evs": {"hp": 85, "atk": 85, "def": 85, "spa": 85, "spd": 85, "spe": 85}, "ivs": {"hp": 31, "atk": 31, "def": 31, "spa": 31, "spd": 31, "spe": 31}, "item": "Heavy-Duty Boots", "teraType": "Fighting", "role": "Wallbreaker", "bvs": {"hp": 95, "atk": 130, "def": 80, "spa": 70, "spd": 80, "spe": 50}, "stats": {"hp": 321, "atk": 288, "def": 197, "spa": 179, "spd": 197, "spe": 143}, "types": ["Ice"]}, "Dragapult": {"name": "Dragapult", "species": "Dragapult", "speciesId": "dragapult", "gender": "M", "shiny": false, "level": 77, "moves": ["shadowball", "fireblast", "dracometeor", "uturn"], "ability": "Infiltrator", "evs": {"hp": 85, "atk": 85, "def": 85, "spa": 85, "spd": 85, "spe": 85}, "ivs": {"hp": 31, "atk": 31, "def": 31, "spa": 31, "spd": 31, "spe": 31}, "item": "Choice Specs", "teraType": "Dragon", "role": "Fast Attacker", "bvs": {"hp": 88, "atk": 120, "def": 75, "spa": 100, "spd": 75, "spe": 142}, "stats": {"hp": 262, "atk": 229, "def": 160, "spa": 199, "spd": 160, "spe": 263}, "types": ["Dragon", "Ghost"]}, "Spectrier": {"name": "Spectrier", "species": "Spectrier", "speciesId": "spectrier", "gender": "N", "shiny": false, "level": 75, "moves": ["terablast", "nastyplot", "shadowball", "substitute"], "ability": "Grim Neigh", "evs": {"hp": 85, "atk": 0, "def": 85, "spa": 85, "spd": 85, "spe": 85}, "ivs": {"hp": 31, "atk": 0, "def": 31, "spa": 31, "spd": 31, "spe": 31}, "item": "Leftovers", "teraType": "Fighting", "role": "Tera Blast user", "bvs": {"hp": 100, "atk": 65, "def": 60, "spa": 145, "spd": 80, "spe": 130}, "stats": {"hp": 274, "atk": 102, "def": 134, "spa": 261, "spd": 164, "spe": 239}, "types": ["Ghost"]}, "Minun": {"name": "Minun", "species": "Minun", "speciesId": "minun", "gender": "M", "shiny": false, "level": 95, "moves": ["nastyplot", "encore", "grassknot", "thunderbolt"], "ability": "Volt Absorb", "evs": {"hp": 85, "atk": 0, "def": 85, "spa": 85, "spd": 85, "spe": 85}, "ivs": {"hp": 31, "atk": 0, "def": 31, "spa": 31, "spd": 31, "spe": 31}, "item": "Life Orb", "teraType": "Grass", "role": "Setup Sweeper", "bvs": {"hp": 60, "atk": 40, "def": 50, "spa": 75, "spd": 85, "spe": 95}, "stats": {"hp": 268, "atk": 81, "def": 149, "spa": 196, "spd": 215, "spe": 234}, "types": ["Electric"]}}]}