{"id": "gen9randombattle-2641710022", "format": "[Gen 9] Random Battle", "players": ["eaglecarson214", "smokyaim"], "log": "|badge|p2|bronze|gen9randombattle|100-9\n|html|<div class=\"broadcast-red\"><strong>This battle is required to be public due to one or more player having a season medal.</strong><br />During the public phase, you can discuss the state of the ladder <a href=\"/seasondiscussion\">in a special chatroom.</a></div>\n|uhtml|medal-msg|<div class=\"broadcast-blue\">Curious what those medals under the avatar are? PS now has Ladder Seasons! For more information, check out the <a href=\"https://www.smogon.com/forums/threads/3740067/\">thread on Smogon.</a></div>\n|j|\u2606eaglecarson214\n|j|\u2606smokyaim\n|t:|1782832641\n|gametype|singles\n|player|p1|eaglecarson214|clown|2247\n|player|p2|smokyaim|1|2317\n|gen|9\n|tier|[Gen 9] Random Battle\n|rated|\n|rule|Species Clause: Limit one of each Pok\u00e9mon\n|rule|HP Percentage Mod: HP is shown in percentages\n|rule|Sleep Clause Mod: Limit one foe put to sleep\n|rule|Illusion Level Mod: Illusion disguises the Pok\u00e9mon's true level\n|\n|t:|1782832641\n|teamsize|p1|6\n|teamsize|p2|6\n|start\n|switch|p1a: Exeggutor|Exeggutor, L89, M|312/312\n|switch|p2a: Shaymin|Shaymin-Sky, L73|266/266\n|turn|1\n|\n|t:|1782832663\n|move|p2a: Shaymin|Air Slash|p1a: Exeggutor\n|-supereffective|p1a: Exeggutor\n|-damage|p1a: Exeggutor|148/312\n|-enditem|p1a: Exeggutor|Sitrus Berry|[eat]\n|-heal|p1a: Exeggutor|226/312|[from] item: Sitrus Berry\n|cant|p1a: Exeggutor|flinch\n|\n|upkeep\n|turn|2\n|\n|t:|1782832673\n|switch|p1a: Barraskewda|Barraskewda, L81, F|231/231\n|move|p2a: Shaymin|Substitute|p2a: Shaymin\n|-start|p2a: Shaymin|Substitute\n|-damage|p2a: Shaymin|200/266\n|\n|-heal|p2a: Shaymin|216/266|[from] item: Leftovers\n|upkeep\n|turn|3\n|\n|t:|1782832679\n|move|p1a: Barraskewda|Flip Turn|p2a: Shaymin\n|-resisted|p2a: Shaymin\n|-end|p2a: Shaymin|Substitute\n|\n|t:|1782832686\n|switch|p1a: Munkidori|Munkidori, L79, M|269/269|[from] Flip Turn\n|move|p2a: Shaymin|Air Slash|p1a: Munkidori\n|-damage|p1a: Munkidori|194/269\n|\n|-heal|p2a: Shaymin|232/266|[from] item: Leftovers\n|upkeep\n|turn|4\n|inactive|Battle timer is ON: inactive players will automatically lose when time's up. (requested by eaglecarson214)\n|\n|t:|1782832696\n|switch|p2a: Beartic|Beartic, L91, F|321/321\n|move|p1a: Munkidori|Sludge Wave|p2a: Beartic\n|-damage|p2a: Beartic|165/321\n|\n|upkeep\n|turn|5\n|\n|t:|1782832704\n|move|p1a: Munkidori|Sludge Wave|p2a: Beartic\n|-damage|p2a: Beartic|0 fnt\n|faint|p2a: Beartic\n|\n|upkeep\n|\n|t:|1782832720\n|switch|p2a: Scyther|Scyther, L82, M|249/249\n|turn|6\n|\n|t:|1782832747\n|switch|p1a: Tauros|Tauros, L82, M|257/257\n|move|p2a: Scyther|Dual Wingbeat|p1a: Tauros|[miss]\n|-miss|p2a: Scyther|p1a: Tauros\n|\n|upkeep\n|turn|7\n|\n|t:|1782832754\n|move|p1a: Tauros|Body Slam|p2a: Scyther\n|-damage|p2a: Scyther|77/249\n|move|p2a: Scyther|Close Combat|p1a: Tauros\n|-supereffective|p1a: Tauros\n|-damage|p1a: Tauros|85/257\n|-unboost|p2a: Scyther|def|1\n|-unboost|p2a: Scyther|spd|1\n|\n|upkeep\n|turn|8\n|\n|t:|1782832780\n|move|p1a: Tauros|Body Slam|p2a: Scyther\n|-damage|p2a: Scyther|0 fnt\n|faint|p2a: Scyther\n|\n|upkeep\n|\n|t:|1782832783\n|switch|p2a: Kyogre|Kyogre, L71|259/259\n|-weather|RainDance|[from] ability: Drizzle|[of] p2a: Kyogre\n|turn|9\n|\n|t:|1782832791\n|switch|p1a: Exeggutor|Exeggutor, L89, M|226/312\n|move|p2a: Kyogre|Water Spout|p1a: Exeggutor\n|-resisted|p1a: Exeggutor\n|-damage|p1a: Exeggutor|98/312\n|\n|-weather|RainDance|[upkeep]\n|upkeep\n|turn|10\n|\n|t:|1782832798\n|move|p2a: Kyogre|Water Spout|p1a: Exeggutor\n|-resisted|p1a: Exeggutor\n|-damage|p1a: Exeggutor|0 fnt\n|faint|p1a: Exeggutor\n|\n|-weather|RainDance|[upkeep]\n|upkeep\n|\n|t:|1782832800\n|switch|p1a: Barraskewda|Barraskewda, L81, F|231/231\n|turn|11\n|\n|t:|1782832812\n|move|p1a: Barraskewda|Poison Jab|p2a: Kyogre\n|-damage|p2a: Kyogre|153/259\n|move|p2a: Kyogre|Water Spout|p1a: Barraskewda\n|-resisted|p1a: Barraskewda\n|-damage|p1a: Barraskewda|121/231\n|\n|-weather|RainDance|[upkeep]\n|upkeep\n|turn|12\n|\n|t:|1782832825\n|move|p1a: Barraskewda|Poison Jab|p2a: Kyogre\n|-damage|p2a: Kyogre|35/259\n|move|p2a: Kyogre|Water Spout|p1a: Barraskewda\n|-resisted|p1a: Barraskewda\n|-damage|p1a: Barraskewda|97/231\n|\n|-weather|RainDance|[upkeep]\n|upkeep\n|turn|13\n|\n|t:|1782832830\n|move|p1a: Barraskewda|Poison Jab|p2a: Kyogre\n|-damage|p2a: Kyogre|0 fnt\n|faint|p2a: Kyogre\n|\n|-weather|none\n|upkeep\n|\n|t:|1782832833\n|switch|p2a: Haxorus|Haxorus, L77, F|244/244\n|-ability|p2a: Haxorus|Mold Breaker\n|turn|14\n|\n|t:|1782832838\n|move|p1a: Barraskewda|Poison Jab|p2a: Haxorus\n|-damage|p2a: Haxorus|137/244\n|move|p2a: Haxorus|Swords Dance|p2a: Haxorus\n|-boost|p2a: Haxorus|atk|2\n|\n|upkeep\n|turn|15\n|\n|t:|1782832843\n|-terastallize|p2a: Haxorus|Steel\n|move|p1a: Barraskewda|Poison Jab|p2a: Haxorus\n|-immune|p2a: Haxorus\n|move|p2a: Haxorus|Swords Dance|p2a: Haxorus\n|-boost|p2a: Haxorus|atk|2\n|\n|upkeep\n|turn|16\n|\n|t:|1782832855\n|switch|p1a: Tauros|Tauros, L82, M|85/257\n|move|p2a: Haxorus|Scale Shot|p1a: Tauros\n|-damage|p1a: Tauros|1/257\n|-damage|p1a: Tauros|0 fnt\n|faint|p1a: Tauros\n|-hitcount|p1: Tauros|2\n|-unboost|p2a: Haxorus|def|1\n|-boost|p2a: Haxorus|spe|1\n|\n|upkeep\n|\n|t:|1782832861\n|switch|p1a: Regigigas|Regigigas, L84|322/322\n|-start|p1a: Regigigas|ability: Slow Start\n|turn|17\n|\n|t:|1782832868\n|switch|p1a: Volcarona|Volcarona, L77, F|257/257\n|move|p2a: Haxorus|Scale Shot|p1a: Volcarona\n|-damage|p1a: Volcarona|137/257\n|-damage|p1a: Volcarona|7/257\n|-damage|p1a: Volcarona|0 fnt\n|faint|p1a: Volcarona\n|-hitcount|p1: Volcarona|3\n|-unboost|p2a: Haxorus|def|1\n|-boost|p2a: Haxorus|spe|1\n|\n|upkeep\n|-message|eaglecarson214 forfeited.\n|\n|win|smokyaim\n", "inputlog": ">version f8ac14003a5f27e1bdc8d8c59608a773c1cb96e5\n>start {\"formatid\":\"gen9randombattle\",\"seed\":\"sodium,0e9d8d4cadd8a3c74fea17384dfe5d8f\",\"rated\":\"Rated battle\"}\n>player p1 {\"name\":\"eaglecarson214\",\"avatar\":\"clown\",\"rating\":2247,\"seed\":\"sodium,236e6c8963f22cc233ec3004b0803fe4\"}\n>player p2 {\"name\":\"smokyaim\",\"avatar\":\"1\",\"rating\":2317,\"seed\":\"sodium,1a3cfa2db5c6b0a342b70bfb476538ee\"}\n>p1 move psychic\n>p2 move airslash\n>p1 switch 6\n>p2 move substitute\n>p1 move flipturn\n>p2 move airslash\n>p1 switch 5\n>p1 move sludgewave\n>p2 switch 2\n>p1 move sludgewave\n>p2 move iciclecrash\n>p2 switch 3\n>p1 switch 2\n>p2 move dualwingbeat\n>p1 move bodyslam\n>p2 move closecombat\n>chat \u2606smokyaim|That tur denied allow you to keep a sac\n>p1 move bodyslam\n>p2 move uturn\n>p2 switch 5\n>p1 switch 6\n>p2 move waterspout\n>p1 move psychic\n>p2 move waterspout\n>p1 switch 5\n>p1 move poisonjab\n>p2 move waterspout\n>p1 move poisonjab\n>p2 move waterspout\n>p1 move poisonjab\n>p2 move waterspout\n>p2 switch 4\n>p1 move poisonjab\n>p2 move swordsdance\n>p1 move poisonjab\n>p2 move swordsdance terastallize\n>p1 switch 6\n>p2 move scaleshot\n>p1 switch 3\n>p1 switch 4\n>p2 move scaleshot\n>forcelose p1", "uploadtime": 1782832643, "views": 7, "formatid": "gen9randombattle", "rating": null, "private": 0, "password": null, "player_dets": [{"name": "eaglecarson214", "avatar": "clown", "rating": 2247, "seed": "sodium,236e6c8963f22cc233ec3004b0803fe4"}, {"name": "smokyaim", "avatar": "1", "rating": 2317, "seed": "sodium,1a3cfa2db5c6b0a342b70bfb476538ee"}], "teams_full": [{"Exeggutor": {"name": "Exeggutor", "species": "Exeggutor", "speciesId": "exeggutor", "gender": "M", "shiny": false, "level": 89, "moves": ["leechseed", "psychic", "substitute", "sleeppowder"], "ability": "Harvest", "evs": {"hp": 77, "atk": 0, "def": 85, "spa": 85, "spd": 85, "spe": 85}, "ivs": {"hp": 31, "atk": 0, "def": 31, "spa": 31, "spd": 31, "spe": 31}, "item": "Sitrus Berry", "teraType": "Steel", "role": "Bulky Support", "bvs": {"hp": 95, "atk": 95, "def": 85, "spa": 125, "spd": 75, "spe": 55}, "stats": {"hp": 312, "atk": 174, "def": 202, "spa": 273, "spd": 184, "spe": 149}, "types": ["Grass", "Psychic"]}, "Tauros": {"name": "Tauros", "species": "Tauros", "speciesId": "tauros", "gender": "M", "shiny": false, "level": 82, "moves": ["throatchop", "bodyslam", "closecombat", "earthquake"], "ability": "Sheer Force", "evs": {"hp": 85, "atk": 85, "def": 85, "spa": 85, "spd": 85, "spe": 85}, "ivs": {"hp": 31, "atk": 31, "def": 31, "spa": 31, "spd": 31, "spe": 31}, "item": "Life Orb", "teraType": "Ground", "role": "Fast Attacker", "bvs": {"hp": 75, "atk": 100, "def": 95, "spa": 40, "spd": 70, "spe": 110}, "stats": {"hp": 257, "atk": 211, "def": 203, "spa": 113, "spd": 162, "spe": 228}, "types": ["Normal"]}, "Regigigas": {"name": "Regigigas", "species": "Regigigas", "speciesId": "regigigas", "gender": "N", "shiny": false, "level": 84, "moves": ["knockoff", "sleeptalk", "rest", "bodyslam"], "ability": "Slow Start", "evs": {"hp": 85, "atk": 85, "def": 85, "spa": 85, "spd": 85, "spe": 85}, "ivs": {"hp": 31, "atk": 31, "def": 31, "spa": 31, "spd": 31, "spe": 31}, "item": "Leftovers", "teraType": "Ghost", "role": "Bulky Support", "bvs": {"hp": 110, "atk": 160, "def": 110, "spa": 80, "spd": 110, "spe": 100}, "stats": {"hp": 322, "atk": 317, "def": 233, "spa": 183, "spd": 233, "spe": 216}, "types": ["Normal"]}, "Volcarona": {"name": "Volcarona", "species": "Volcarona", "speciesId": "volcarona", "gender": "F", "shiny": false, "level": 77, "moves": ["bugbuzz", "quiverdance", "gigadrain", "fierydance"], "ability": "Swarm", "evs": {"hp": 85, "atk": 0, "def": 85, "spa": 85, "spd": 85, "spe": 85}, "ivs": {"hp": 31, "atk": 0, "def": 31, "spa": 31, "spd": 31, "spe": 31}, "item": "Heavy-Duty Boots", "teraType": "Fire", "role": "Fast Bulky Setup", "bvs": {"hp": 85, "atk": 60, "def": 65, "spa": 135, "spd": 105, "spe": 100}, "stats": {"hp": 257, "atk": 97, "def": 145, "spa": 252, "spd": 206, "spe": 199}, "types": ["Bug", "Fire"]}, "Munkidori": {"name": "Munkidori", "species": "Munkidori", "speciesId": "munkidori", "gender": "M", "shiny": false, "level": 79, "moves": ["focusblast", "sludgewave", "psyshock", "uturn"], "ability": "Toxic Chain", "evs": {"hp": 85, "atk": 85, "def": 85, "spa": 85, "spd": 85, "spe": 85}, "ivs": {"hp": 31, "atk": 31, "def": 31, "spa": 31, "spd": 31, "spe": 31}, "item": "Choice Specs", "teraType": "Fighting", "role": "Fast Attacker", "bvs": {"hp": 88, "atk": 75, "def": 66, "spa": 130, "spd": 90, "spe": 106}, "stats": {"hp": 269, "atk": 164, "def": 150, "spa": 251, "spd": 188, "spe": 213}, "types": ["Poison", "Psychic"]}, "Barraskewda": {"name": "Barraskewda", "species": "Barraskewda", "speciesId": "barraskewda", "gender": "F", "shiny": false, "level": 81, "moves": ["flipturn", "poisonjab", "closecombat", "waterfall"], "ability": "Swift Swim", "evs": {"hp": 85, "atk": 85, "def": 85, "spa": 85, "spd": 85, "spe": 85}, "ivs": {"hp": 31, "atk": 31, "def": 31, "spa": 31, "spd": 31, "spe": 31}, "item": "Choice Band", "teraType": "Water", "role": "Wallbreaker", "bvs": {"hp": 61, "atk": 123, "def": 60, "spa": 60, "spd": 50, "spe": 136}, "stats": {"hp": 231, "atk": 246, "def": 144, "spa": 144, "spd": 128, "spe": 267}, "types": ["Water"]}}, {"Shaymin": {"name": "Shaymin", "species": "Shaymin-Sky", "speciesId": "shayminsky", "gender": "N", "shiny": false, "level": 73, "moves": ["leechseed", "seedflare", "airslash", "substitute"], "ability": "Serene Grace", "evs": {"hp": 85, "atk": 0, "def": 85, "spa": 85, "spd": 85, "spe": 85}, "ivs": {"hp": 31, "atk": 0, "def": 31, "spa": 31, "spd": 31, "spe": 31}, "item": "Leftovers", "teraType": "Steel", "role": "Bulky Support", "bvs": {"hp": 100, "atk": 103, "def": 75, "spa": 120, "spd": 75, "spe": 127}, "stats": {"hp": 266, "atk": 155, "def": 152, "spa": 218, "spd": 152, "spe": 228}, "types": ["Grass", "Flying"]}, "Beartic": {"name": "Beartic", "species": "Beartic", "speciesId": "beartic", "gender": "F", "shiny": false, "level": 91, "moves": ["iciclecrash", "earthquake", "closecombat", "aquajet"], "ability": "Swift Swim", "evs": {"hp": 85, "atk": 85, "def": 85, "spa": 85, "spd": 85, "spe": 85}, "ivs": {"hp": 31, "atk": 31, "def": 31, "spa": 31, "spd": 31, "spe": 31}, "item": "Choice Band", "teraType": "Ground", "role": "Wallbreaker", "bvs": {"hp": 95, "atk": 130, "def": 80, "spa": 70, "spd": 80, "spe": 50}, "stats": {"hp": 321, "atk": 288, "def": 197, "spa": 179, "spd": 197, "spe": 143}, "types": ["Ice"]}, "Scyther": {"name": "Scyther", "species": "Scyther", "speciesId": "scyther", "gender": "M", "shiny": false, "level": 82, "moves": ["dualwingbeat", "closecombat", "defog", "uturn"], "ability": "Technician", "evs": {"hp": 85, "atk": 85, "def": 85, "spa": 85, "spd": 85, "spe": 85}, "ivs": {"hp": 31, "atk": 31, "def": 31, "spa": 31, "spd": 31, "spe": 31}, "item": "Heavy-Duty Boots", "teraType": "Fighting", "role": "Fast Support", "bvs": {"hp": 70, "atk": 110, "def": 80, "spa": 55, "spd": 80, "spe": 105}, "stats": {"hp": 249, "atk": 228, "def": 178, "spa": 137, "spd": 178, "spe": 219}, "types": ["Bug", "Flying"]}, "Haxorus": {"name": "Haxorus", "species": "Haxorus", "speciesId": "haxorus", "gender": "F", "shiny": false, "level": 77, "moves": ["scaleshot", "closecombat", "ironhead", "swordsdance"], "ability": "Mold Breaker", "evs": {"hp": 85, "atk": 85, "def": 85, "spa": 85, "spd": 85, "spe": 85}, "ivs": {"hp": 31, "atk": 31, "def": 31, "spa": 31, "spd": 31, "spe": 31}, "item": "Loaded Dice", "teraType": "Steel", "role": "Fast Bulky Setup", "bvs": {"hp": 76, "atk": 147, "def": 90, "spa": 60, "spd": 70, "spe": 97}, "stats": {"hp": 244, "atk": 271, "def": 183, "spa": 137, "spd": 152, "spe": 194}, "types": ["Dragon"]}, "Kyogre": {"name": "Kyogre", "species": "Kyogre", "speciesId": "kyogre", "gender": "N", "shiny": false, "level": 71, "moves": ["waterspout", "originpulse", "thunder", "icebeam"], "ability": "Drizzle", "evs": {"hp": 85, "atk": 0, "def": 85, "spa": 85, "spd": 85, "spe": 85}, "ivs": {"hp": 31, "atk": 0, "def": 31, "spa": 31, "spd": 31, "spe": 31}, "item": "Choice Scarf", "teraType": "Water", "role": "Fast Attacker", "bvs": {"hp": 100, "atk": 100, "def": 90, "spa": 150, "spd": 140, "spe": 90}, "stats": {"hp": 259, "atk": 147, "def": 169, "spa": 254, "spd": 240, "spe": 169}, "types": ["Water"]}, "Sylveon": {"name": "Sylveon", "species": "Sylveon", "speciesId": "sylveon", "gender": "F", "shiny": false, "level": 85, "moves": ["wish", "calmmind", "hypervoice", "protect"], "ability": "Pixilate", "evs": {"hp": 85, "atk": 0, "def": 85, "spa": 85, "spd": 85, "spe": 85}, "ivs": {"hp": 31, "atk": 0, "def": 31, "spa": 31, "spd": 31, "spe": 31}, "item": "Leftovers", "teraType": "Steel", "role": "Bulky Setup", "bvs": {"hp": 95, "atk": 65, "def": 65, "spa": 110, "spd": 130, "spe": 60}, "stats": {"hp": 300, "atk": 115, "def": 159, "spa": 236, "spd": 270, "spe": 151}, "types": ["Fairy"]}}]}