{"id": "gen9randombattle-2641188723", "format": "[Gen 9] Random Battle", "players": ["playboyqngai", "testbotcif"], "log": "|j|\u2606playboyqngai\n|j|\u2606testbotcif\n|t:|1782751393\n|gametype|singles\n|player|p1|playboyqngai|102|1156\n|player|p2|testbotcif|266|1140\n|gen|9\n|tier|[Gen 9] Random Battle\n|rated|\n|rule|Species Clause: Limit one of each Pok\u00e9mon\n|rule|HP Percentage Mod: HP is shown in percentages\n|rule|Sleep Clause Mod: Limit one foe put to sleep\n|rule|Illusion Level Mod: Illusion disguises the Pok\u00e9mon's true level\n|\n|t:|1782751393\n|teamsize|p1|6\n|teamsize|p2|6\n|start\n|switch|p1a: Plusle|Plusle, L95, M|268/268\n|switch|p2a: Minior|Minior-Indigo, L79|224/224\n|-formechange|p2a: Minior|Minior-Meteor||[from] ability: Shields Down\n|turn|1\n|c|\u2606testbotcif|rlhf\n|inactive|Battle timer is ON: inactive players will automatically lose when time's up. (requested by testbotcif)\n|\n|t:|1782751405\n|-terastallize|p2a: Minior|Water\n|move|p1a: Plusle|Thunderbolt|p2a: Minior\n|-supereffective|p2a: Minior\n|-damage|p2a: Minior|0 fnt\n|faint|p2a: Minior\n|-damage|p1a: Plusle|242/268|[from] item: Life Orb\n|\n|upkeep\n|\n|t:|1782751405\n|switch|p2a: Dialga|Dialga, L73|266/266\n|-ability|p2a: Dialga|Pressure\n|turn|2\n|\n|t:|1782751418\n|move|p1a: Plusle|Nasty Plot|p1a: Plusle\n|-boost|p1a: Plusle|spa|2\n|move|p2a: Dialga|Dragon Tail|p1a: Plusle\n|-damage|p1a: Plusle|157/268\n|drag|p1a: Cinderace|Cinderace, L77, M|249/249\n|\n|upkeep\n|turn|3\n|\n|t:|1782751428\n|move|p1a: Cinderace|U-turn|p2a: Dialga\n|-start|p1a: Cinderace|typechange|Bug|[from] ability: Libero\n|-resisted|p2a: Dialga\n|-damage|p2a: Dialga|221/266\n|\n|t:|1782751433\n|switch|p1a: Tinkaton|Tinkaton, L82, F|274/274|[from] U-turn\n|-ability|p1a: Tinkaton|Mold Breaker\n|move|p2a: Dialga|Draco Meteor|p1a: Tinkaton\n|-immune|p1a: Tinkaton\n|\n|upkeep\n|turn|4\n|\n|t:|1782751443\n|move|p1a: Tinkaton|Knock Off|p2a: Dialga\n|-damage|p2a: Dialga|173/266\n|-enditem|p2a: Dialga|Assault Vest|[from] move: Knock Off|[of] p1a: Tinkaton\n|move|p2a: Dialga|Fire Blast|p1a: Tinkaton\n|-supereffective|p1a: Tinkaton\n|-damage|p1a: Tinkaton|116/274\n|\n|-heal|p1a: Tinkaton|133/274|[from] item: Leftovers\n|upkeep\n|turn|5\n|\n|t:|1782751454\n|move|p1a: Tinkaton|Play Rough|p2a: Dialga\n|-damage|p2a: Dialga|103/266\n|move|p2a: Dialga|Heavy Slam|p1a: Tinkaton\n|-damage|p1a: Tinkaton|12/274\n|\n|-heal|p1a: Tinkaton|29/274|[from] item: Leftovers\n|upkeep\n|turn|6\n|\n|t:|1782751462\n|move|p1a: Tinkaton|Play Rough|p2a: Dialga\n|-damage|p2a: Dialga|33/266\n|move|p2a: Dialga|Heavy Slam|p1a: Tinkaton\n|-damage|p1a: Tinkaton|0 fnt\n|faint|p1a: Tinkaton\n|\n|upkeep\n|\n|t:|1782751471\n|switch|p1a: Cinderace|Cinderace, L77, M|249/249\n|turn|7\n|\n|t:|1782751473\n|move|p1a: Cinderace|U-turn|p2a: Dialga\n|-start|p1a: Cinderace|typechange|Bug|[from] ability: Libero\n|-resisted|p2a: Dialga\n|-damage|p2a: Dialga|0 fnt\n|faint|p2a: Dialga\n|\n|t:|1782751477\n|switch|p1a: Plusle|Plusle, L95, M|157/268|[from] U-turn\n|\n|upkeep\n|\n|t:|1782751478\n|switch|p2a: Sudowoodo|Sudowoodo, L94, F|284/284\n|turn|8\n|\n|t:|1782751505\n|move|p1a: Plusle|Grass Knot|p2a: Sudowoodo\n|-supereffective|p2a: Sudowoodo\n|-damage|p2a: Sudowoodo|151/284\n|-damage|p1a: Plusle|131/268|[from] item: Life Orb\n|move|p2a: Sudowoodo|Earthquake|p1a: Plusle\n|-supereffective|p1a: Plusle\n|-damage|p1a: Plusle|0 fnt\n|faint|p1a: Plusle\n|\n|-heal|p2a: Sudowoodo|168/284|[from] item: Leftovers\n|upkeep\n|inactive|playboyqngai has 120 seconds left.\n|\n|t:|1782751520\n|switch|p1a: Toedscruel|Toedscruel, L87, F|281/281\n|turn|9\n|\n|t:|1782751524\n|switch|p2a: Hawlucha|Hawlucha, L80, M|256/256\n|move|p1a: Toedscruel|Spore|p2a: Hawlucha\n|-status|p2a: Hawlucha|slp|[from] move: Spore\n|\n|upkeep\n|turn|10\n|\n|t:|1782751534\n|switch|p1a: Persian|Persian, L92, M|269/269\n|cant|p2a: Hawlucha|slp\n|\n|upkeep\n|turn|11\n|\n|t:|1782751547\n|move|p1a: Persian|Double-Edge|p2a: Hawlucha\n|-damage|p2a: Hawlucha|91/256 slp\n|-damage|p1a: Persian|215/269|[from] Recoil\n|-curestatus|p2a: Hawlucha|slp|[msg]\n|move|p2a: Hawlucha|Close Combat|p1a: Persian\n|-supereffective|p1a: Persian\n|-damage|p1a: Persian|0 fnt\n|-unboost|p2a: Hawlucha|def|1\n|-unboost|p2a: Hawlucha|spd|1\n|faint|p1a: Persian\n|-enditem|p2a: Hawlucha|White Herb\n|-clearnegativeboost|p2a: Hawlucha|[silent]\n|\n|upkeep\n|inactive|playboyqngai has 120 seconds left.\n|\n|t:|1782751576\n|switch|p1a: Cinderace|Cinderace, L77, M|249/249\n|turn|12\n|\n|t:|1782751584\n|switch|p2a: Sudowoodo|Sudowoodo, L94, F|168/284\n|move|p1a: Cinderace|Pyro Ball|p2a: Sudowoodo\n|-resisted|p2a: Sudowoodo\n|-damage|p2a: Sudowoodo|101/284\n|\n|-heal|p2a: Sudowoodo|118/284|[from] item: Leftovers\n|upkeep\n|turn|13\n|inactive|playboyqngai has 120 seconds left.\n|\n|t:|1782751592\n|switch|p1a: Toedscruel|Toedscruel, L87, F|281/281\n|move|p2a: Sudowoodo|Head Smash|p1a: Toedscruel\n|-resisted|p1a: Toedscruel\n|-crit|p1a: Toedscruel\n|-damage|p1a: Toedscruel|100/281\n|\n|-heal|p1a: Toedscruel|117/281|[from] item: Leftovers\n|-heal|p2a: Sudowoodo|135/284|[from] item: Leftovers\n|upkeep\n|turn|14\n|\n|t:|1782751600\n|switch|p2a: Hawlucha|Hawlucha, L80, M|91/256\n|move|p1a: Toedscruel|Leaf Storm|p2a: Hawlucha\n|-resisted|p2a: Hawlucha\n|-damage|p2a: Hawlucha|11/256\n|-unboost|p1a: Toedscruel|spa|2\n|\n|-heal|p1a: Toedscruel|134/281|[from] item: Leftovers\n|upkeep\n|turn|15\n|\n|t:|1782751609\n|move|p2a: Hawlucha|Brave Bird|p1a: Toedscruel\n|-supereffective|p1a: Toedscruel\n|-damage|p1a: Toedscruel|0 fnt\n|faint|p1a: Toedscruel\n|-damage|p2a: Hawlucha|0 fnt|[from] Recoil\n|faint|p2a: Hawlucha\n|\n|upkeep\n|\n|t:|1782751614\n|switch|p2a: Hitmonchan|Hitmonchan, L87, M|229/229\n|switch|p1a: Cinderace|Cinderace, L77, M|249/249\n|turn|16\n|\n|t:|1782751617\n|switch|p2a: Primarina|Primarina, L83, F|268/268\n|move|p1a: Cinderace|High Jump Kick|p2a: Primarina\n|-start|p1a: Cinderace|typechange|Fighting|[from] ability: Libero\n|-resisted|p2a: Primarina\n|-damage|p2a: Primarina|163/268\n|\n|-heal|p2a: Primarina|179/268|[from] item: Leftovers\n|upkeep\n|turn|17\n|\n|t:|1782751622\n|switch|p1a: Lokix|Lokix, L82, F|251/251\n|move|p2a: Primarina|Calm Mind|p2a: Primarina\n|-boost|p2a: Primarina|spa|1\n|-boost|p2a: Primarina|spd|1\n|\n|-heal|p2a: Primarina|195/268|[from] item: Leftovers\n|upkeep\n|turn|18\n|\n|t:|1782751631\n|move|p1a: Lokix|First Impression|p2a: Primarina\n|-resisted|p2a: Primarina\n|-damage|p2a: Primarina|57/268\n|move|p2a: Primarina|Draining Kiss|p1a: Lokix\n|-supereffective|p1a: Lokix\n|-damage|p1a: Lokix|0 fnt\n|-heal|p2a: Primarina|245/268|[from] drain|[of] p1a: Lokix\n|faint|p1a: Lokix\n|\n|-heal|p2a: Primarina|261/268|[from] item: Leftovers\n|upkeep\n|\n|t:|1782751637\n|switch|p1a: Cinderace|Cinderace, L77, M|249/249\n|turn|19\n|\n|t:|1782751640\n|move|p1a: Cinderace|Gunk Shot|p2a: Primarina\n|-start|p1a: Cinderace|typechange|Poison|[from] ability: Libero\n|-supereffective|p2a: Primarina\n|-damage|p2a: Primarina|0 fnt\n|faint|p2a: Primarina\n|\n|upkeep\n|\n|t:|1782751640\n|switch|p2a: Hitmonchan|Hitmonchan, L87, M|229/229\n|turn|20\n|\n|t:|1782751648\n|move|p1a: Cinderace|Gunk Shot|p2a: Hitmonchan\n|-damage|p2a: Hitmonchan|51/229\n|-status|p2a: Hitmonchan|psn\n|move|p2a: Hitmonchan|Drain Punch|p1a: Cinderace\n|-resisted|p1a: Cinderace\n|-damage|p1a: Cinderace|168/249\n|-heal|p2a: Hitmonchan|92/229 psn|[from] drain|[of] p1a: Cinderace\n|-damage|p2a: Hitmonchan|70/229 psn|[from] item: Life Orb\n|\n|-damage|p2a: Hitmonchan|42/229 psn|[from] psn\n|upkeep\n|turn|21\n|\n|t:|1782751655\n|move|p1a: Cinderace|Gunk Shot|p2a: Hitmonchan|[miss]\n|-miss|p1a: Cinderace|p2a: Hitmonchan\n|move|p2a: Hitmonchan|Drain Punch|p1a: Cinderace\n|-resisted|p1a: Cinderace\n|-damage|p1a: Cinderace|86/249\n|-heal|p2a: Hitmonchan|83/229 psn|[from] drain|[of] p1a: Cinderace\n|-damage|p2a: Hitmonchan|61/229 psn|[from] item: Life Orb\n|\n|-damage|p2a: Hitmonchan|33/229 psn|[from] psn\n|upkeep\n|turn|22\n|\n|t:|1782751658\n|move|p1a: Cinderace|Gunk Shot|p2a: Hitmonchan|[miss]\n|-miss|p1a: Cinderace|p2a: Hitmonchan\n|move|p2a: Hitmonchan|Drain Punch|p1a: Cinderace\n|-resisted|p1a: Cinderace\n|-damage|p1a: Cinderace|8/249\n|-heal|p2a: Hitmonchan|72/229 psn|[from] drain|[of] p1a: Cinderace\n|-damage|p2a: Hitmonchan|50/229 psn|[from] item: Life Orb\n|\n|-damage|p2a: Hitmonchan|22/229 psn|[from] psn\n|upkeep\n|turn|23\n|\n|t:|1782751662\n|move|p1a: Cinderace|Gunk Shot|p2a: Hitmonchan|[miss]\n|-miss|p1a: Cinderace|p2a: Hitmonchan\n|move|p2a: Hitmonchan|Drain Punch|p1a: Cinderace\n|-resisted|p1a: Cinderace\n|-damage|p1a: Cinderace|0 fnt\n|-heal|p2a: Hitmonchan|26/229 psn|[from] drain|[of] p1a: Cinderace\n|faint|p1a: Cinderace\n|-damage|p2a: Hitmonchan|4/229 psn|[from] item: Life Orb\n|\n|win|testbotcif\n|raw|playboyqngai's rating: 1156 &rarr; <strong>1130</strong><br />(-26 for losing)\n|raw|testbotcif's rating: 1140 &rarr; <strong>1166</strong><br />(+26 for winning)\n", "inputlog": ">version f8ac14003a5f27e1bdc8d8c59608a773c1cb96e5\n>start {\"formatid\":\"gen9randombattle\",\"seed\":\"sodium,784a4089cf6bdadf52cdb8d27e0ed831\",\"rated\":\"Rated battle\"}\n>player p1 {\"name\":\"playboyqngai\",\"avatar\":\"102\",\"rating\":1156,\"seed\":\"sodium,7963380af864e6676f8ecf8add5ef4f3\"}\n>player p2 {\"name\":\"testbotcif\",\"avatar\":\"266\",\"rating\":1140,\"seed\":\"sodium,0814fb2b4293372bf189bce12dfd60fe\"}\n>chat \u2606testbotcif|rlhf\n>p1 move thunderbolt\n>p2 move shellsmash terastallize\n>p2 switch 3\n>p1 move nastyplot\n>p2 move dragontail\n>p1 move uturn\n>p2 move dracometeor\n>p1 switch 4\n>p1 move knockoff\n>p2 move fireblast\n>p1 move playrough\n>p2 move heavyslam\n>p1 move playrough\n>p2 move heavyslam\n>p1 switch 4\n>p1 move uturn\n>p2 move dracometeor\n>p1 switch 3\n>p2 switch 2\n>p1 move grassknot\n>p2 move earthquake\n>p1 switch 6\n>p1 move spore\n>p2 switch 4\n>p1 switch 5\n>p2 move swordsdance\n>p1 move doubleedge\n>p2 move closecombat\n>p1 switch 3\n>p1 move pyroball\n>p2 switch 4\n>p1 switch 5\n>p2 move headsmash\n>p1 move leafstorm\n>p2 switch 4\n>p1 move rapidspin\n>p2 move bravebird\n>p1 switch 5\n>p2 switch 6\n>p1 move highjumpkick\n>p2 switch 5\n>p1 switch 2\n>p2 move calmmind\n>p1 move firstimpression\n>p2 move drainingkiss\n>p1 switch 2\n>p1 move gunkshot\n>p2 move sparklingaria\n>p2 switch 5\n>p1 move gunkshot\n>p2 move drainpunch\n>p1 move gunkshot\n>p2 move drainpunch\n>p1 move gunkshot\n>p2 move drainpunch\n>p1 move gunkshot\n>p2 move drainpunch", "uploadtime": 1782751662, "views": 5, "formatid": "gen9randombattle", "rating": 1130, "private": 0, "password": null, "player_dets": [{"name": "playboyqngai", "avatar": "102", "rating": 1156, "seed": "sodium,7963380af864e6676f8ecf8add5ef4f3"}, {"name": "testbotcif", "avatar": "266", "rating": 1140, "seed": "sodium,0814fb2b4293372bf189bce12dfd60fe"}], "teams_full": [{"Plusle": {"name": "Plusle", "species": "Plusle", "speciesId": "plusle", "gender": "M", "shiny": false, "level": 95, "moves": ["grassknot", "alluringvoice", "nastyplot", "thunderbolt"], "ability": "Lightning Rod", "evs": {"hp": 85, "atk": 0, "def": 85, "spa": 85, "spd": 85, "spe": 85}, "ivs": {"hp": 31, "atk": 0, "def": 31, "spa": 31, "spd": 31, "spe": 31}, "item": "Life Orb", "teraType": "Grass", "role": "Setup Sweeper", "bvs": {"hp": 60, "atk": 50, "def": 40, "spa": 85, "spd": 75, "spe": 95}, "stats": {"hp": 268, "atk": 100, "def": 130, "spa": 215, "spd": 196, "spe": 234}, "types": ["Electric"]}, "Lokix": {"name": "Lokix", "species": "Lokix", "speciesId": "lokix", "gender": "F", "shiny": false, "level": 82, "moves": ["knockoff", "firstimpression", "suckerpunch", "uturn"], "ability": "Tinted Lens", "evs": {"hp": 85, "atk": 85, "def": 85, "spa": 85, "spd": 85, "spe": 85}, "ivs": {"hp": 31, "atk": 31, "def": 31, "spa": 31, "spd": 31, "spe": 31}, "item": "Silver Powder", "teraType": "Bug", "role": "Fast Attacker", "bvs": {"hp": 71, "atk": 102, "def": 78, "spa": 52, "spd": 55, "spe": 92}, "stats": {"hp": 251, "atk": 214, "def": 175, "spa": 132, "spd": 137, "spe": 198}, "types": ["Bug", "Dark"]}, "Cinderace": {"name": "Cinderace", "species": "Cinderace", "speciesId": "cinderace", "gender": "M", "shiny": false, "level": 77, "moves": ["gunkshot", "highjumpkick", "pyroball", "uturn"], "ability": "Libero", "evs": {"hp": 81, "atk": 85, "def": 85, "spa": 85, "spd": 85, "spe": 85}, "ivs": {"hp": 31, "atk": 31, "def": 31, "spa": 31, "spd": 31, "spe": 31}, "item": "Choice Band", "teraType": "Fire", "role": "Wallbreaker", "bvs": {"hp": 80, "atk": 116, "def": 75, "spa": 65, "spd": 75, "spe": 119}, "stats": {"hp": 249, "atk": 223, "def": 160, "spa": 145, "spd": 160, "spe": 228}, "types": ["Fire"]}, "Tinkaton": {"name": "Tinkaton", "species": "Tinkaton", "speciesId": "tinkaton", "gender": "F", "shiny": false, "level": 82, "moves": ["knockoff", "swordsdance", "playrough", "gigatonhammer"], "ability": "Mold Breaker", "evs": {"hp": 85, "atk": 85, "def": 85, "spa": 85, "spd": 85, "spe": 85}, "ivs": {"hp": 31, "atk": 31, "def": 31, "spa": 31, "spd": 31, "spe": 31}, "item": "Leftovers", "teraType": "Steel", "role": "Bulky Setup", "bvs": {"hp": 85, "atk": 75, "def": 77, "spa": 70, "spd": 105, "spe": 94}, "stats": {"hp": 274, "atk": 170, "def": 173, "spa": 162, "spd": 219, "spe": 201}, "types": ["Fairy", "Steel"]}, "Persian": {"name": "Persian", "species": "Persian", "speciesId": "persian", "gender": "M", "shiny": false, "level": 92, "moves": ["fakeout", "knockoff", "doubleedge", "uturn"], "ability": "Technician", "evs": {"hp": 85, "atk": 85, "def": 85, "spa": 85, "spd": 85, "spe": 85}, "ivs": {"hp": 31, "atk": 31, "def": 31, "spa": 31, "spd": 31, "spe": 31}, "item": "Silk Scarf", "teraType": "Normal", "role": "Fast Attacker", "bvs": {"hp": 65, "atk": 70, "def": 60, "spa": 65, "spd": 65, "spe": 115}, "stats": {"hp": 269, "atk": 181, "def": 163, "spa": 172, "spd": 172, "spe": 264}, "types": ["Normal"]}, "Toedscruel": {"name": "Toedscruel", "species": "Toedscruel", "speciesId": "toedscruel", "gender": "F", "shiny": false, "level": 87, "moves": ["spore", "earthpower", "rapidspin", "leafstorm"], "ability": "Mycelium Might", "evs": {"hp": 85, "atk": 85, "def": 85, "spa": 85, "spd": 85, "spe": 85}, "ivs": {"hp": 31, "atk": 31, "def": 31, "spa": 31, "spd": 31, "spe": 31}, "item": "Leftovers", "teraType": "Water", "role": "Bulky Support", "bvs": {"hp": 80, "atk": 70, "def": 65, "spa": 80, "spd": 120, "spe": 100}, "stats": {"hp": 281, "atk": 172, "def": 163, "spa": 189, "spd": 259, "spe": 224}, "types": ["Ground", "Grass"]}}, {"Minior": {"name": "Minior", "species": "Minior-Indigo", "speciesId": "minior", "gender": "N", "shiny": false, "level": 79, "moves": ["acrobatics", "earthquake", "powergem", "shellsmash"], "ability": "Shields Down", "evs": {"hp": 85, "atk": 85, "def": 85, "spa": 85, "spd": 85, "spe": 85}, "ivs": {"hp": 31, "atk": 31, "def": 31, "spa": 31, "spd": 31, "spe": 31}, "item": "White Herb", "teraType": "Water", "role": "Setup Sweeper", "bvs": {"hp": 60, "atk": 100, "def": 60, "spa": 100, "spd": 60, "spe": 120}, "stats": {"hp": 224, "atk": 204, "def": 140, "spa": 204, "spd": 140, "spe": 235}, "types": ["Rock", "Flying"]}, "Sudowoodo": {"name": "Sudowoodo", "species": "Sudowoodo", "speciesId": "sudowoodo", "gender": "F", "shiny": false, "level": 94, "moves": ["stealthrock", "woodhammer", "headsmash", "earthquake"], "ability": "Rock Head", "evs": {"hp": 85, "atk": 85, "def": 85, "spa": 85, "spd": 85, "spe": 85}, "ivs": {"hp": 31, "atk": 31, "def": 31, "spa": 31, "spd": 31, "spe": 31}, "item": "Leftovers", "teraType": "Grass", "role": "Bulky Attacker", "bvs": {"hp": 70, "atk": 100, "def": 115, "spa": 30, "spd": 65, "spe": 30}, "stats": {"hp": 284, "atk": 241, "def": 270, "spa": 110, "spd": 176, "spe": 110}, "types": ["Rock"]}, "Dialga": {"name": "Dialga", "species": "Dialga", "speciesId": "dialga", "gender": "N", "shiny": false, "level": 73, "moves": ["dragontail", "fireblast", "dracometeor", "heavyslam"], "ability": "Pressure", "evs": {"hp": 85, "atk": 85, "def": 85, "spa": 85, "spd": 85, "spe": 85}, "ivs": {"hp": 31, "atk": 31, "def": 31, "spa": 31, "spd": 31, "spe": 31}, "item": "Assault Vest", "teraType": "Flying", "role": "AV Pivot", "bvs": {"hp": 100, "atk": 120, "def": 120, "spa": 150, "spd": 100, "spe": 90}, "stats": {"hp": 266, "atk": 218, "def": 218, "spa": 261, "spd": 188, "spe": 174}, "types": ["Steel", "Dragon"]}, "Hawlucha": {"name": "Hawlucha", "species": "Hawlucha", "speciesId": "hawlucha", "gender": "M", "shiny": false, "level": 80, "moves": ["swordsdance", "acrobatics", "bravebird", "closecombat"], "ability": "Unburden", "evs": {"hp": 85, "atk": 85, "def": 85, "spa": 85, "spd": 85, "spe": 85}, "ivs": {"hp": 31, "atk": 31, "def": 31, "spa": 31, "spd": 31, "spe": 31}, "item": "White Herb", "teraType": "Flying", "role": "Setup Sweeper", "bvs": {"hp": 78, "atk": 92, "def": 75, "spa": 74, "spd": 63, "spe": 118}, "stats": {"hp": 256, "atk": 193, "def": 166, "spa": 165, "spd": 147, "spe": 235}, "types": ["Fighting", "Flying"]}, "Primarina": {"name": "Primarina", "species": "Primarina", "speciesId": "primarina", "gender": "F", "shiny": false, "level": 83, "moves": ["sparklingaria", "psychic", "drainingkiss", "calmmind"], "ability": "Torrent", "evs": {"hp": 85, "atk": 0, "def": 85, "spa": 85, "spd": 85, "spe": 85}, "ivs": {"hp": 31, "atk": 0, "def": 31, "spa": 31, "spd": 31, "spe": 31}, "item": "Leftovers", "teraType": "Fairy", "role": "Bulky Attacker", "bvs": {"hp": 80, "atk": 74, "def": 74, "spa": 126, "spd": 116, "spe": 60}, "stats": {"hp": 268, "atk": 127, "def": 171, "spa": 257, "spd": 240, "spe": 147}, "types": ["Water", "Fairy"]}, "Hitmonchan": {"name": "Hitmonchan", "species": "Hitmonchan", "speciesId": "hitmonchan", "gender": "M", "shiny": false, "level": 87, "moves": ["swordsdance", "drainpunch", "icepunch", "knockoff"], "ability": "Iron Fist", "evs": {"hp": 85, "atk": 85, "def": 85, "spa": 85, "spd": 85, "spe": 85}, "ivs": {"hp": 31, "atk": 31, "def": 31, "spa": 31, "spd": 31, "spe": 31}, "item": "Life Orb", "teraType": "Dark", "role": "Setup Sweeper", "bvs": {"hp": 50, "atk": 105, "def": 79, "spa": 35, "spd": 110, "spe": 76}, "stats": {"hp": 229, "atk": 232, "def": 187, "spa": 111, "spd": 241, "spe": 182}, "types": ["Fighting"]}}]}