{"id": "gen9randombattle-2641239638", "format": "[Gen 9] Random Battle", "players": ["TestDriving", "slawada"], "log": "|j|\u2606TestDriving\n|j|\u2606slawada\n|t:|1782757746\n|gametype|singles\n|player|p1|TestDriving|interviewers|2053\n|player|p2|slawada|harlequin|2086\n|gen|9\n|tier|[Gen 9] Random Battle\n|rated|\n|rule|Species Clause: Limit one of each Pok\u00e9mon\n|rule|HP Percentage Mod: HP is shown in percentages\n|rule|Sleep Clause Mod: Limit one foe put to sleep\n|rule|Illusion Level Mod: Illusion disguises the Pok\u00e9mon's true level\n|\n|t:|1782757746\n|teamsize|p1|6\n|teamsize|p2|6\n|start\n|switch|p1a: Abomasnow|Abomasnow, L84, F|287/287\n|switch|p2a: Dugtrio|Dugtrio-Alola, L84, M|196/196\n|-weather|Snowscape|[from] ability: Snow Warning|[of] p1a: Abomasnow\n|turn|1\n|\n|t:|1782757764\n|move|p2a: Dugtrio|Iron Head|p1a: Abomasnow\n|-supereffective|p1a: Abomasnow\n|-damage|p1a: Abomasnow|123/287\n|-damage|p2a: Dugtrio|177/196|[from] item: Life Orb\n|move|p1a: Abomasnow|Aurora Veil|p1a: Abomasnow\n|-sidestart|p1: TestDriving|move: Aurora Veil\n|\n|-weather|Snowscape|[upkeep]\n|upkeep\n|turn|2\n|inactive|Battle timer is ON: inactive players will automatically lose when time's up. (requested by slawada)\n|\n|t:|1782757791\n|move|p2a: Dugtrio|Iron Head|p1a: Abomasnow\n|-supereffective|p1a: Abomasnow\n|-damage|p1a: Abomasnow|37/287\n|-damage|p2a: Dugtrio|158/196|[from] item: Life Orb\n|cant|p1a: Abomasnow|flinch\n|\n|-weather|Snowscape|[upkeep]\n|upkeep\n|turn|3\n|\n|t:|1782757802\n|switch|p1a: Milotic|Milotic, L83, F|293/293\n|move|p2a: Dugtrio|Iron Head|p1a: Milotic\n|-resisted|p1a: Milotic\n|-damage|p1a: Milotic|264/293\n|-damage|p2a: Dugtrio|139/196|[from] item: Life Orb\n|\n|-weather|Snowscape|[upkeep]\n|-heal|p1a: Milotic|282/293|[from] item: Leftovers\n|upkeep\n|turn|4\n|\n|t:|1782757821\n|move|p2a: Dugtrio|Stealth Rock|p1a: Milotic\n|-sidestart|p1: TestDriving|move: Stealth Rock\n|move|p1a: Milotic|Scald|p2a: Dugtrio\n|-supereffective|p2a: Dugtrio\n|-damage|p2a: Dugtrio|0 fnt\n|faint|p2a: Dugtrio\n|\n|-weather|Snowscape|[upkeep]\n|-heal|p1a: Milotic|293/293|[from] item: Leftovers\n|upkeep\n|\n|t:|1782757835\n|switch|p2a: Brambleghast|Brambleghast, L88, M|240/240\n|turn|5\n|\n|t:|1782757849\n|move|p2a: Brambleghast|Spikes|p1a: Milotic\n|-sidestart|p1: TestDriving|Spikes\n|move|p1a: Milotic|Ice Beam|p2a: Brambleghast\n|-supereffective|p2a: Brambleghast\n|-crit|p2a: Brambleghast\n|-damage|p2a: Brambleghast|22/240\n|\n|-weather|none\n|-heal|p2a: Brambleghast|37/240|[from] item: Leftovers\n|upkeep\n|turn|6\n|\n|t:|1782757859\n|move|p2a: Brambleghast|Strength Sap|p1a: Milotic\n|-unboost|p1a: Milotic|atk|1\n|-ability|p1a: Milotic|Competitive|boost\n|-boost|p1a: Milotic|spa|2\n|-heal|p2a: Brambleghast|141/240\n|move|p1a: Milotic|Ice Beam|p2a: Brambleghast\n|-supereffective|p2a: Brambleghast\n|-damage|p2a: Brambleghast|0 fnt\n|faint|p2a: Brambleghast\n|\n|upkeep\n|c|\u2606slawada|:p\n|\n|t:|1782757875\n|switch|p2a: Spiritomb|Spiritomb, L89, F|234/234\n|turn|7\n|\n|t:|1782757883\n|move|p1a: Milotic|Scald|p2a: Spiritomb\n|-damage|p2a: Spiritomb|87/234\n|-status|p2a: Spiritomb|brn\n|move|p2a: Spiritomb|Poltergeist|p1a: Milotic\n|-activate|p1a: Milotic|move: Poltergeist|Leftovers\n|-damage|p1a: Milotic|221/293\n|\n|-heal|p1a: Milotic|239/293|[from] item: Leftovers\n|-heal|p2a: Spiritomb|101/234 brn|[from] item: Leftovers\n|-damage|p2a: Spiritomb|87/234 brn|[from] brn\n|upkeep\n|turn|8\n|\n|t:|1782757891\n|move|p2a: Spiritomb|Shadow Sneak|p1a: Milotic\n|-damage|p1a: Milotic|213/293\n|move|p1a: Milotic|Scald|p2a: Spiritomb\n|-damage|p2a: Spiritomb|0 fnt\n|faint|p2a: Spiritomb\n|\n|-heal|p1a: Milotic|231/293|[from] item: Leftovers\n|-sideend|p1: TestDriving|move: Aurora Veil\n|upkeep\n|\n|t:|1782757905\n|switch|p2a: Jumpluff|Jumpluff, L87, M|271/271\n|turn|9\n|\n|t:|1782757918\n|move|p2a: Jumpluff|Sleep Powder|p1a: Milotic|[miss]\n|-miss|p2a: Jumpluff|p1a: Milotic\n|move|p1a: Milotic|Ice Beam|p2a: Jumpluff\n|-supereffective|p2a: Jumpluff\n|-damage|p2a: Jumpluff|0 fnt\n|faint|p2a: Jumpluff\n|\n|-heal|p1a: Milotic|249/293|[from] item: Leftovers\n|upkeep\n|\n|t:|1782757920\n|switch|p2a: Lycanroc|Lycanroc-Dusk, L81, F|254/254\n|turn|10\n|\n|t:|1782757925\n|-terastallize|p2a: Lycanroc|Fighting\n|move|p2a: Lycanroc|Close Combat|p1a: Milotic\n|-damage|p1a: Milotic|0 fnt\n|-unboost|p2a: Lycanroc|def|1\n|-unboost|p2a: Lycanroc|spd|1\n|faint|p1a: Milotic\n|\n|upkeep\n|\n|t:|1782757939\n|switch|p1a: Trevenant|Trevenant, L89, F|296/296\n|-damage|p1a: Trevenant|259/296|[from] Stealth Rock\n|-damage|p1a: Trevenant|222/296|[from] Spikes\n|turn|11\n|\n|t:|1782757946\n|switch|p2a: Groudon|Groudon, L72|263/263\n|-weather|SunnyDay|[from] ability: Drought|[of] p2a: Groudon\n|move|p1a: Trevenant|Wood Hammer|p2a: Groudon\n|-supereffective|p2a: Groudon\n|-damage|p2a: Groudon|0 fnt\n|faint|p2a: Groudon\n|-damage|p1a: Trevenant|135/296|[from] Recoil\n|-damage|p1a: Trevenant|106/296|[from] item: Life Orb\n|\n|-weather|SunnyDay|[upkeep]\n|upkeep\n|\n|t:|1782757948\n|switch|p2a: Lycanroc|Lycanroc-Dusk, L81, F, tera:Fighting|254/254\n|turn|12\n|\n|t:|1782757956\n|switch|p1a: Abomasnow|Abomasnow, L84, F|37/287\n|-damage|p1a: Abomasnow|0 fnt|[from] Stealth Rock\n|faint|p1a: Abomasnow\n|move|p2a: Lycanroc|Stone Edge|p1: Abomasnow|[notarget]\n|-fail|p2a: Lycanroc\n|\n|-weather|SunnyDay|[upkeep]\n|upkeep\n|\n|t:|1782757964\n|switch|p1a: Zamazenta|Zamazenta, L71|248/248\n|-damage|p1a: Zamazenta|233/248|[from] Stealth Rock\n|-damage|p1a: Zamazenta|202/248|[from] Spikes\n|-ability|p1a: Zamazenta|Dauntless Shield|boost\n|-boost|p1a: Zamazenta|def|1\n|turn|13\n|\n|t:|1782757969\n|move|p1a: Zamazenta|Body Press|p2a: Lycanroc\n|-damage|p2a: Lycanroc|115/254\n|move|p2a: Lycanroc|Stone Edge|p1a: Zamazenta\n|-resisted|p1a: Zamazenta\n|-damage|p1a: Zamazenta|144/248\n|\n|-weather|SunnyDay|[upkeep]\n|-heal|p1a: Zamazenta|159/248|[from] item: Leftovers\n|upkeep\n|turn|14\n|c|\u2606slawada|hf\n|\n|t:|1782757972\n|move|p1a: Zamazenta|Body Press|p2a: Lycanroc\n|-damage|p2a: Lycanroc|0 fnt\n|faint|p2a: Lycanroc\n|\n|win|TestDriving\n", "inputlog": ">version f8ac14003a5f27e1bdc8d8c59608a773c1cb96e5\n>start {\"formatid\":\"gen9randombattle\",\"seed\":\"sodium,3d61f62318be0b5509f4b75e90be5ce9\",\"rated\":\"Rated battle\"}\n>player p1 {\"name\":\"TestDriving\",\"avatar\":\"interviewers\",\"rating\":2053,\"seed\":\"sodium,c0cea977c3ad822d6cc8e23454f87f75\"}\n>player p2 {\"name\":\"slawada\",\"avatar\":\"harlequin\",\"rating\":2086,\"seed\":\"sodium,fc896a8d003e9f90ad90b9f589660097\"}\n>p1 move auroraveil\n>p2 move ironhead\n>p1 move earthquake\n>p2 move ironhead\n>p1 switch 3\n>p2 move ironhead\n>p1 move scald\n>p2 move stealthrock\n>p2 switch 4\n>p1 move icebeam\n>p2 move spikes\n>p1 move icebeam\n>p2 move strengthsap\n>chat \u2606slawada|:p\n>p2 switch 3\n>p1 move scald\n>p2 move poltergeist\n>p1 move scald\n>p2 move shadowsneak\n>p2 switch 5\n>p1 move icebeam\n>p2 move sleeppowder\n>p2 switch 2\n>p1 move scald\n>p2 move closecombat terastallize\n>p1 switch 2\n>p1 move woodhammer\n>p2 switch 6\n>p2 switch 6\n>p1 switch 3\n>p2 move stoneedge\n>p1 switch 5\n>p1 move bodypress\n>p2 move stoneedge\n>chat \u2606slawada|hf\n>p1 move bodypress\n>p2 move stoneedge", "uploadtime": 1782757747, "views": 4, "formatid": "gen9randombattle", "rating": null, "private": 0, "password": null, "player_dets": [{"name": "TestDriving", "avatar": "interviewers", "rating": 2053, "seed": "sodium,c0cea977c3ad822d6cc8e23454f87f75"}, {"name": "slawada", "avatar": "harlequin", "rating": 2086, "seed": "sodium,fc896a8d003e9f90ad90b9f589660097"}], "teams_full": [{"Abomasnow": {"name": "Abomasnow", "species": "Abomasnow", "speciesId": "abomasnow", "gender": "F", "shiny": false, "level": 84, "moves": ["iceshard", "auroraveil", "earthquake", "blizzard"], "ability": "Snow Warning", "evs": {"hp": 77, "atk": 85, "def": 85, "spa": 85, "spd": 85, "spe": 85}, "ivs": {"hp": 31, "atk": 31, "def": 31, "spa": 31, "spd": 31, "spe": 31}, "item": "Light Clay", "teraType": "Water", "role": "Bulky Support", "bvs": {"hp": 90, "atk": 92, "def": 75, "spa": 92, "spd": 85, "spe": 60}, "stats": {"hp": 287, "atk": 203, "def": 174, "spa": 203, "spd": 191, "spe": 149}, "types": ["Grass", "Ice"]}, "Trevenant": {"name": "Trevenant", "species": "Trevenant", "speciesId": "trevenant", "gender": "F", "shiny": false, "level": 89, "moves": ["drainpunch", "rest", "poltergeist", "woodhammer"], "ability": "Natural Cure", "evs": {"hp": 85, "atk": 85, "def": 85, "spa": 85, "spd": 85, "spe": 85}, "ivs": {"hp": 31, "atk": 31, "def": 31, "spa": 31, "spd": 31, "spe": 31}, "item": "Life Orb", "teraType": "Fighting", "role": "Wallbreaker", "bvs": {"hp": 85, "atk": 110, "def": 76, "spa": 65, "spd": 82, "spe": 56}, "stats": {"hp": 296, "atk": 247, "def": 186, "spa": 166, "spd": 197, "spe": 150}, "types": ["Ghost", "Grass"]}, "Milotic": {"name": "Milotic", "species": "Milotic", "speciesId": "milotic", "gender": "F", "shiny": false, "level": 83, "moves": ["scald", "haze", "recover", "icebeam"], "ability": "Competitive", "evs": {"hp": 85, "atk": 0, "def": 85, "spa": 85, "spd": 85, "spe": 85}, "ivs": {"hp": 31, "atk": 0, "def": 31, "spa": 31, "spd": 31, "spe": 31}, "item": "Leftovers", "teraType": "Dragon", "role": "Bulky Attacker", "bvs": {"hp": 95, "atk": 60, "def": 79, "spa": 100, "spd": 125, "spe": 81}, "stats": {"hp": 293, "atk": 104, "def": 179, "spa": 214, "spd": 255, "spe": 182}, "types": ["Water"]}, "Klawf": {"name": "Klawf", "species": "Klawf", "speciesId": "klawf", "gender": "F", "shiny": false, "level": 90, "moves": ["knockoff", "highhorsepower", "stoneedge", "crabhammer"], "ability": "Regenerator", "evs": {"hp": 85, "atk": 85, "def": 85, "spa": 85, "spd": 85, "spe": 85}, "ivs": {"hp": 31, "atk": 31, "def": 31, "spa": 31, "spd": 31, "spe": 31}, "item": "Choice Scarf", "teraType": "Ground", "role": "Fast Attacker", "bvs": {"hp": 70, "atk": 100, "def": 115, "spa": 35, "spd": 55, "spe": 75}, "stats": {"hp": 272, "atk": 231, "def": 258, "spa": 114, "spd": 150, "spe": 186}, "types": ["Rock"]}, "Zamazenta": {"name": "Zamazenta", "species": "Zamazenta", "speciesId": "zamazenta", "gender": "N", "shiny": false, "level": 71, "moves": ["ironhead", "bodypress", "irondefense", "stoneedge"], "ability": "Dauntless Shield", "evs": {"hp": 85, "atk": 85, "def": 85, "spa": 85, "spd": 85, "spe": 85}, "ivs": {"hp": 31, "atk": 31, "def": 31, "spa": 31, "spd": 31, "spe": 31}, "item": "Leftovers", "teraType": "Steel", "role": "Bulky Setup", "bvs": {"hp": 92, "atk": 120, "def": 115, "spa": 80, "spd": 115, "spe": 138}, "stats": {"hp": 248, "atk": 212, "def": 205, "spa": 155, "spd": 205, "spe": 237}, "types": ["Fighting"]}, "Oricorio": {"name": "Oricorio", "species": "Oricorio", "speciesId": "oricorio", "gender": "F", "shiny": false, "level": 84, "moves": ["quiverdance", "roost", "hurricane", "revelationdance"], "ability": "Dancer", "evs": {"hp": 85, "atk": 0, "def": 85, "spa": 85, "spd": 85, "spe": 85}, "ivs": {"hp": 31, "atk": 0, "def": 31, "spa": 31, "spd": 31, "spe": 31}, "item": "Heavy-Duty Boots", "teraType": "Ground", "role": "Setup Sweeper", "bvs": {"hp": 75, "atk": 70, "def": 70, "spa": 98, "spd": 70, "spe": 93}, "stats": {"hp": 263, "atk": 122, "def": 166, "spa": 213, "spd": 166, "spe": 204}, "types": ["Fire", "Flying"]}}, {"Dugtrio": {"name": "Dugtrio", "species": "Dugtrio-Alola", "speciesId": "dugtrioalola", "gender": "M", "shiny": false, "level": 84, "moves": ["earthquake", "ironhead", "stealthrock", "suckerpunch"], "ability": "Tangling Hair", "evs": {"hp": 85, "atk": 85, "def": 85, "spa": 85, "spd": 85, "spe": 85}, "ivs": {"hp": 31, "atk": 31, "def": 31, "spa": 31, "spd": 31, "spe": 31}, "item": "Life Orb", "teraType": "Steel", "role": "Fast Attacker", "bvs": {"hp": 35, "atk": 100, "def": 60, "spa": 50, "spd": 70, "spe": 110}, "stats": {"hp": 196, "atk": 216, "def": 149, "spa": 132, "spd": 166, "spe": 233}, "types": ["Ground", "Steel"]}, "Lycanroc": {"name": "Lycanroc", "species": "Lycanroc-Dusk", "speciesId": "lycanrocdusk", "gender": "F", "shiny": false, "level": 81, "moves": ["stoneedge", "closecombat", "accelerock", "psychicfangs"], "ability": "Tough Claws", "evs": {"hp": 85, "atk": 85, "def": 85, "spa": 85, "spd": 85, "spe": 85}, "ivs": {"hp": 31, "atk": 31, "def": 31, "spa": 31, "spd": 31, "spe": 31}, "item": "Choice Band", "teraType": "Fighting", "role": "Wallbreaker", "bvs": {"hp": 75, "atk": 117, "def": 65, "spa": 55, "spd": 65, "spe": 110}, "stats": {"hp": 254, "atk": 236, "def": 152, "spa": 136, "spd": 152, "spe": 225}, "types": ["Rock"]}, "Spiritomb": {"name": "Spiritomb", "species": "Spiritomb", "speciesId": "spiritomb", "gender": "F", "shiny": false, "level": 89, "moves": ["poltergeist", "willowisp", "foulplay", "shadowsneak"], "ability": "Infiltrator", "evs": {"hp": 85, "atk": 85, "def": 85, "spa": 85, "spd": 85, "spe": 85}, "ivs": {"hp": 31, "atk": 31, "def": 31, "spa": 31, "spd": 31, "spe": 31}, "item": "Leftovers", "teraType": "Ghost", "role": "Bulky Support", "bvs": {"hp": 50, "atk": 92, "def": 108, "spa": 92, "spd": 108, "spe": 35}, "stats": {"hp": 234, "atk": 215, "def": 243, "spa": 215, "spd": 243, "spe": 113}, "types": ["Ghost", "Dark"]}, "Brambleghast": {"name": "Brambleghast", "species": "Brambleghast", "speciesId": "brambleghast", "gender": "M", "shiny": false, "level": 88, "moves": ["poltergeist", "powerwhip", "spikes", "strengthsap"], "ability": "Wind Rider", "evs": {"hp": 85, "atk": 85, "def": 85, "spa": 85, "spd": 85, "spe": 85}, "ivs": {"hp": 31, "atk": 31, "def": 31, "spa": 31, "spd": 31, "spe": 31}, "item": "Leftovers", "teraType": "Fairy", "role": "Fast Support", "bvs": {"hp": 55, "atk": 115, "def": 70, "spa": 80, "spd": 70, "spe": 90}, "stats": {"hp": 240, "atk": 253, "def": 173, "spa": 191, "spd": 173, "spe": 209}, "types": ["Grass", "Ghost"]}, "Jumpluff": {"name": "Jumpluff", "species": "Jumpluff", "speciesId": "jumpluff", "gender": "M", "shiny": false, "level": 87, "moves": ["sleeppowder", "strengthsap", "acrobatics", "uturn"], "ability": "Infiltrator", "evs": {"hp": 81, "atk": 85, "def": 85, "spa": 85, "spd": 85, "spe": 85}, "ivs": {"hp": 31, "atk": 31, "def": 31, "spa": 31, "spd": 31, "spe": 31}, "item": "", "teraType": "Steel", "role": "Bulky Attacker", "bvs": {"hp": 75, "atk": 55, "def": 70, "spa": 55, "spd": 95, "spe": 110}, "stats": {"hp": 271, "atk": 145, "def": 172, "spa": 145, "spd": 215, "spe": 241}, "types": ["Grass", "Flying"]}, "Groudon": {"name": "Groudon", "species": "Groudon", "speciesId": "groudon", "gender": "N", "shiny": false, "level": 72, "moves": ["precipiceblades", "stoneedge", "swordsdance", "heatcrash"], "ability": "Drought", "evs": {"hp": 85, "atk": 85, "def": 85, "spa": 85, "spd": 85, "spe": 85}, "ivs": {"hp": 31, "atk": 31, "def": 31, "spa": 31, "spd": 31, "spe": 31}, "item": "Leftovers", "teraType": "Fire", "role": "Bulky Setup", "bvs": {"hp": 100, "atk": 150, "def": 140, "spa": 100, "spd": 90, "spe": 90}, "stats": {"hp": 263, "atk": 258, "def": 244, "spa": 186, "spd": 172, "spe": 172}, "types": ["Ground"]}}]}