{"id": "gen9randombattle-2641574295", "format": "[Gen 9] Random Battle", "players": ["DaBoffler", "Spals"], "log": "|j|\u2606DaBoffler\n|j|\u2606Spals\n|t:|1782811090\n|gametype|singles\n|player|p1|DaBoffler|rocketgrunt|1928\n|player|p2|Spals|fisherman-gen4|1961\n|gen|9\n|tier|[Gen 9] Random Battle\n|rated|\n|rule|Species Clause: Limit one of each Pok\u00e9mon\n|rule|HP Percentage Mod: HP is shown in percentages\n|rule|Sleep Clause Mod: Limit one foe put to sleep\n|rule|Illusion Level Mod: Illusion disguises the Pok\u00e9mon's true level\n|\n|t:|1782811090\n|teamsize|p1|6\n|teamsize|p2|6\n|start\n|switch|p1a: Avalugg|Avalugg, L88, F|310/310\n|switch|p2a: Manaphy|Manaphy, L78|284/284\n|turn|1\n|inactive|Battle timer is ON: inactive players will automatically lose when time's up. (requested by Spals)\n|\n|t:|1782811107\n|switch|p1a: Meowscarada|Meowscarada, L78, F|247/247\n|move|p2a: Manaphy|Hydro Pump|p1a: Meowscarada\n|-resisted|p1a: Meowscarada\n|-damage|p1a: Meowscarada|184/247\n|\n|upkeep\n|turn|2\n|\n|t:|1782811121\n|switch|p2a: Oinkologne|Oinkologne, L92, M|352/352\n|move|p1a: Meowscarada|Toxic Spikes|p2a: Oinkologne\n|-start|p1a: Meowscarada|typechange|Poison|[from] ability: Protean\n|-sidestart|p2: Spals|move: Toxic Spikes\n|\n|upkeep\n|turn|3\n|\n|t:|1782811132\n|move|p1a: Meowscarada|U-turn|p2a: Oinkologne\n|-damage|p2a: Oinkologne|304/352\n|\n|t:|1782811135\n|switch|p1a: Ting-Lu|Ting-Lu, L78|370/370|[from] U-turn\n|-ability|p1a: Ting-Lu|Vessel of Ruin\n|move|p2a: Oinkologne|Body Slam|p1a: Ting-Lu\n|-damage|p1a: Ting-Lu|286/370\n|\n|-heal|p2a: Oinkologne|326/352|[from] item: Leftovers\n|-heal|p1a: Ting-Lu|309/370|[from] item: Leftovers\n|upkeep\n|turn|4\n|\n|t:|1782811141\n|move|p2a: Oinkologne|Curse|p2a: Oinkologne\n|-unboost|p2a: Oinkologne|spe|1\n|-boost|p2a: Oinkologne|atk|1\n|-boost|p2a: Oinkologne|def|1\n|move|p1a: Ting-Lu|Stealth Rock|p2a: Oinkologne\n|-sidestart|p2: Spals|move: Stealth Rock\n|\n|-heal|p1a: Ting-Lu|332/370|[from] item: Leftovers\n|-heal|p2a: Oinkologne|348/352|[from] item: Leftovers\n|upkeep\n|turn|5\n|\n|t:|1782811144\n|move|p1a: Ting-Lu|Spikes|p2a: Oinkologne\n|-sidestart|p2: Spals|Spikes\n|move|p2a: Oinkologne|Body Slam|p1a: Ting-Lu\n|-damage|p1a: Ting-Lu|197/370\n|\n|-heal|p1a: Ting-Lu|220/370|[from] item: Leftovers\n|-heal|p2a: Oinkologne|352/352|[from] item: Leftovers\n|upkeep\n|turn|6\n|\n|t:|1782811150\n|switch|p1a: Avalugg|Avalugg, L88, F|310/310\n|move|p2a: Oinkologne|Body Slam|p1a: Avalugg\n|-damage|p1a: Avalugg|229/310\n|\n|upkeep\n|turn|7\n|\n|t:|1782811153\n|move|p2a: Oinkologne|Curse|p2a: Oinkologne\n|-unboost|p2a: Oinkologne|spe|1\n|-boost|p2a: Oinkologne|atk|1\n|-boost|p2a: Oinkologne|def|1\n|move|p1a: Avalugg|Body Press|p2a: Oinkologne\n|-supereffective|p2a: Oinkologne\n|-damage|p2a: Oinkologne|238/352\n|\n|-heal|p2a: Oinkologne|260/352|[from] item: Leftovers\n|upkeep\n|turn|8\n|\n|t:|1782811159\n|move|p1a: Avalugg|Body Press|p2a: Oinkologne\n|-supereffective|p2a: Oinkologne\n|-damage|p2a: Oinkologne|144/352\n|move|p2a: Oinkologne|Body Slam|p1a: Avalugg\n|-crit|p1a: Avalugg\n|-damage|p1a: Avalugg|61/310\n|-status|p1a: Avalugg|par\n|\n|-heal|p2a: Oinkologne|166/352|[from] item: Leftovers\n|upkeep\n|turn|9\n|\n|t:|1782811163\n|move|p2a: Oinkologne|Body Slam|p1a: Avalugg\n|-damage|p1a: Avalugg|0 fnt\n|faint|p1a: Avalugg\n|\n|-heal|p2a: Oinkologne|188/352|[from] item: Leftovers\n|upkeep\n|\n|t:|1782811174\n|switch|p1a: Vivillon|Vivillon-Sandstorm, L83, F|268/268\n|turn|10\n|\n|t:|1782811179\n|move|p1a: Vivillon|Sleep Powder|p2a: Oinkologne\n|-status|p2a: Oinkologne|slp|[from] move: Sleep Powder\n|cant|p2a: Oinkologne|slp\n|\n|-heal|p2a: Oinkologne|210/352 slp|[from] item: Leftovers\n|upkeep\n|turn|11\n|\n|t:|1782811183\n|move|p1a: Vivillon|Hurricane|p2a: Oinkologne\n|-damage|p2a: Oinkologne|113/352 slp\n|-start|p2a: Oinkologne|confusion\n|cant|p2a: Oinkologne|slp\n|\n|-heal|p2a: Oinkologne|135/352 slp|[from] item: Leftovers\n|upkeep\n|turn|12\n|\n|t:|1782811190\n|move|p1a: Vivillon|Quiver Dance|p1a: Vivillon\n|-boost|p1a: Vivillon|spa|1\n|-boost|p1a: Vivillon|spd|1\n|-boost|p1a: Vivillon|spe|1\n|-curestatus|p2a: Oinkologne|slp|[msg]\n|-activate|p2a: Oinkologne|confusion\n|-damage|p2a: Oinkologne|102/352|[from] confusion\n|\n|-heal|p2a: Oinkologne|124/352|[from] item: Leftovers\n|upkeep\n|turn|13\n|\n|t:|1782811197\n|move|p1a: Vivillon|Hurricane|p2a: Oinkologne\n|-damage|p2a: Oinkologne|0 fnt\n|faint|p2a: Oinkologne\n|\n|upkeep\n|\n|t:|1782811211\n|switch|p2a: Rhydon|Rhydon, L85, M|317/317\n|-status|p2a: Rhydon|psn\n|-damage|p2a: Rhydon|298/317 psn|[from] Stealth Rock\n|-damage|p2a: Rhydon|259/317 psn|[from] Spikes\n|turn|14\n|\n|t:|1782811218\n|-terastallize|p1a: Vivillon|Ground\n|move|p1a: Vivillon|Tera Blast|p2a: Rhydon|[anim] Tera Blast Ground\n|-supereffective|p2a: Rhydon\n|-damage|p2a: Rhydon|29/317 psn\n|move|p2a: Rhydon|Stone Edge|p1a: Vivillon\n|-resisted|p1a: Vivillon\n|-crit|p1a: Vivillon\n|-damage|p1a: Vivillon|118/268\n|\n|-damage|p2a: Rhydon|0 fnt|[from] psn\n|faint|p2a: Rhydon\n|upkeep\n|\n|t:|1782811231\n|switch|p2a: Baxcalibur|Baxcalibur, L75, F|296/296\n|turn|15\n|\n|t:|1782811236\n|switch|p2a: Manaphy|Manaphy, L78|284/284\n|-status|p2a: Manaphy|psn\n|-damage|p2a: Manaphy|249/284 psn|[from] Stealth Rock\n|-damage|p2a: Manaphy|214/284 psn|[from] Spikes\n|move|p1a: Vivillon|Sleep Powder||[still]\n|-fail|p1a: Vivillon\n|\n|-heal|p2a: Manaphy|231/284 psn|[from] item: Leftovers\n|-damage|p2a: Manaphy|196/284 psn|[from] psn\n|upkeep\n|turn|16\n|\n|t:|1782811242\n|move|p1a: Vivillon|Hurricane|p2a: Manaphy\n|-damage|p2a: Manaphy|45/284 psn\n|-start|p2a: Manaphy|confusion\n|-activate|p2a: Manaphy|confusion\n|-damage|p2a: Manaphy|26/284 psn|[from] confusion\n|\n|-heal|p2a: Manaphy|43/284 psn|[from] item: Leftovers\n|-damage|p2a: Manaphy|8/284 psn|[from] psn\n|upkeep\n|turn|17\n|\n|t:|1782811248\n|move|p1a: Vivillon|Tera Blast|p2a: Manaphy|[anim] Tera Blast Ground\n|-damage|p2a: Manaphy|0 fnt\n|faint|p2a: Manaphy\n|\n|upkeep\n|\n|t:|1782811258\n|switch|p2a: Baxcalibur|Baxcalibur, L75, F|296/296\n|turn|18\n|\n|t:|1782811265\n|move|p1a: Vivillon|Sleep Powder|p2a: Baxcalibur\n|-status|p2a: Baxcalibur|slp|[from] move: Sleep Powder\n|cant|p2a: Baxcalibur|slp\n|\n|upkeep\n|turn|19\n|\n|t:|1782811272\n|move|p1a: Vivillon|Hurricane|p2a: Baxcalibur\n|-damage|p2a: Baxcalibur|106/296 slp\n|-curestatus|p2a: Baxcalibur|slp|[msg]\n|move|p2a: Baxcalibur|Icicle Crash|p1a: Vivillon\n|-supereffective|p1a: Vivillon\n|-damage|p1a: Vivillon|0 fnt\n|faint|p1a: Vivillon\n|\n|upkeep\n|\n|t:|1782811282\n|switch|p1a: Meowscarada|Meowscarada, L78, F|184/247\n|turn|20\n|\n|t:|1782811287\n|move|p1a: Meowscarada|Knock Off|p2a: Baxcalibur\n|-start|p1a: Meowscarada|typechange|Dark|[from] ability: Protean\n|-damage|p2a: Baxcalibur|6/296\n|-enditem|p2a: Baxcalibur|Heavy-Duty Boots|[from] move: Knock Off|[of] p1a: Meowscarada\n|move|p2a: Baxcalibur|Dragon Dance|p2a: Baxcalibur\n|-boost|p2a: Baxcalibur|atk|1\n|-boost|p2a: Baxcalibur|spe|1\n|\n|upkeep\n|turn|21\n|\n|t:|1782811293\n|move|p2a: Baxcalibur|Glaive Rush|p1a: Meowscarada\n|-damage|p1a: Meowscarada|0 fnt\n|-singlemove|p2a: Baxcalibur|Glaive Rush|[silent]\n|faint|p1a: Meowscarada\n|\n|upkeep\n|\n|t:|1782811305\n|switch|p1a: Ting-Lu|Ting-Lu, L78|220/370\n|-ability|p1a: Ting-Lu|Vessel of Ruin\n|turn|22\n|\n|t:|1782811311\n|move|p2a: Baxcalibur|Icicle Crash|p1a: Ting-Lu\n|-supereffective|p1a: Ting-Lu\n|-damage|p1a: Ting-Lu|0 fnt\n|faint|p1a: Ting-Lu\n|\n|upkeep\n|\n|t:|1782811315\n|switch|p1a: Reshiram|Reshiram, L76|277/277\n|-ability|p1a: Reshiram|Turboblaze\n|turn|23\n|\n|t:|1782811322\n|move|p2a: Baxcalibur|Glaive Rush|p1a: Reshiram\n|-supereffective|p1a: Reshiram\n|-damage|p1a: Reshiram|0 fnt\n|-singlemove|p2a: Baxcalibur|Glaive Rush|[silent]\n|faint|p1a: Reshiram\n|\n|upkeep\n|\n|t:|1782811324\n|switch|p1a: Blaziken|Blaziken, L76, M|247/247\n|turn|24\n|\n|t:|1782811333\n|move|p1a: Blaziken|Protect|p1a: Blaziken\n|-singleturn|p1a: Blaziken|Protect\n|move|p2a: Baxcalibur|Glaive Rush|p1a: Blaziken\n|-activate|p1a: Blaziken|move: Protect\n|\n|-ability|p1a: Blaziken|Speed Boost|boost\n|-boost|p1a: Blaziken|spe|1\n|upkeep\n|turn|25\n|\n|t:|1782811347\n|move|p1a: Blaziken|Protect|p1a: Blaziken\n|-singleturn|p1a: Blaziken|Protect\n|move|p2a: Baxcalibur|Earthquake|p1a: Blaziken\n|-activate|p1a: Blaziken|move: Protect\n|\n|-ability|p1a: Blaziken|Speed Boost|boost\n|-boost|p1a: Blaziken|spe|1\n|upkeep\n|turn|26\n|\n|t:|1782811350\n|move|p1a: Blaziken|Flare Blitz|p2a: Baxcalibur\n|-damage|p2a: Baxcalibur|0 fnt\n|faint|p2a: Baxcalibur\n|-damage|p1a: Blaziken|245/247|[from] Recoil\n|-damage|p1a: Blaziken|221/247|[from] item: Life Orb\n|\n|-ability|p1a: Blaziken|Speed Boost|boost\n|-boost|p1a: Blaziken|spe|1\n|upkeep\n|\n|t:|1782811357\n|switch|p2a: Vivillon|Vivillon-Icy Snow, L83, M|268/268\n|turn|27\n|\n|t:|1782811362\n|-terastallize|p2a: Vivillon|Ground\n|move|p1a: Blaziken|Flare Blitz|p2a: Vivillon\n|-damage|p2a: Vivillon|33/268\n|-damage|p1a: Blaziken|143/247|[from] Recoil\n|-damage|p1a: Blaziken|119/247|[from] item: Life Orb\n|move|p2a: Vivillon|Tera Blast|p1a: Blaziken|[anim] Tera Blast Ground\n|-supereffective|p1a: Blaziken\n|-damage|p1a: Blaziken|0 fnt\n|faint|p1a: Blaziken\n|\n|win|Spals\n|raw|DaBoffler's rating: 1928 &rarr; <strong>1910</strong><br />(-18 for losing)\n|raw|Spals's rating: 1961 &rarr; <strong>1979</strong><br />(+18 for winning)\n", "inputlog": ">version f8ac14003a5f27e1bdc8d8c59608a773c1cb96e5\n>start {\"formatid\":\"gen9randombattle\",\"seed\":\"sodium,acd84e839efa647c8e5152d04ba21fd2\",\"rated\":\"Rated battle\"}\n>player p1 {\"name\":\"DaBoffler\",\"avatar\":\"rocketgrunt\",\"rating\":1928,\"seed\":\"sodium,de1b04b2a701bb6d60b327561f8ec6c4\"}\n>player p2 {\"name\":\"Spals\",\"avatar\":\"fisherman-gen4\",\"rating\":1961,\"seed\":\"sodium,da79e8158c8563737783a5f89dc0f007\"}\n>p1 switch 5\n>p2 move hydropump\n>p1 move toxicspikes\n>p2 switch 2\n>p1 move uturn\n>p2 move bodyslam\n>p1 switch 6\n>p1 move stealthrock\n>p2 move curse\n>p1 move spikes\n>p2 move bodyslam\n>p1 switch 5\n>p2 move bodyslam\n>p1 move bodypress\n>p2 move curse\n>p1 move bodypress\n>p2 move bodyslam\n>p1 move bodypress\n>p2 move bodyslam\n>p1 switch 2\n>p1 move sleeppowder\n>p2 move bodyslam\n>p1 move hurricane\n>p2 move bodyslam\n>p1 move quiverdance\n>p2 move bodyslam\n>p1 move hurricane\n>p2 move bodyslam\n>p2 switch 5\n>p1 move terablast terastallize\n>p2 move stoneedge\n>p2 switch 6\n>p1 move sleeppowder\n>p2 switch 2\n>p1 move hurricane\n>p2 move hydropump\n>p1 move terablast\n>p2 move hydropump\n>p2 switch 2\n>p1 move sleeppowder\n>p2 move dragondance\n>p1 move hurricane\n>p2 move iciclecrash\n>p1 switch 6\n>p1 move knockoff\n>p2 move dragondance\n>p1 move uturn\n>p2 move glaiverush\n>p1 switch 5\n>p1 move payback\n>p2 move iciclecrash\n>p1 switch 4\n>p1 move flareblitz\n>p2 move glaiverush\n>p1 switch 3\n>p1 move protect\n>p2 move glaiverush\n>p1 move protect\n>p2 move earthquake\n>p1 move flareblitz\n>p2 move earthquake\n>p2 switch 3\n>p1 move flareblitz\n>p2 move terablast terastallize", "uploadtime": 1782811092, "views": 4, "formatid": "gen9randombattle", "rating": 1910, "private": 0, "password": null, "player_dets": [{"name": "DaBoffler", "avatar": "rocketgrunt", "rating": 1928, "seed": "sodium,de1b04b2a701bb6d60b327561f8ec6c4"}, {"name": "Spals", "avatar": "fisherman-gen4", "rating": 1961, "seed": "sodium,da79e8158c8563737783a5f89dc0f007"}], "teams_full": [{"Avalugg": {"name": "Avalugg", "species": "Avalugg", "speciesId": "avalugg", "gender": "F", "shiny": false, "level": 88, "moves": ["rapidspin", "bodypress", "avalanche", "recover"], "ability": "Sturdy", "evs": {"hp": 85, "atk": 85, "def": 85, "spa": 85, "spd": 85, "spe": 85}, "ivs": {"hp": 31, "atk": 31, "def": 31, "spa": 31, "spd": 31, "spe": 31}, "item": "Heavy-Duty Boots", "teraType": "Fighting", "role": "Bulky Support", "bvs": {"hp": 95, "atk": 117, "def": 184, "spa": 44, "spd": 46, "spe": 28}, "stats": {"hp": 310, "atk": 256, "def": 374, "spa": 128, "spd": 131, "spe": 100}, "types": ["Ice"]}, "Vivillon": {"name": "Vivillon", "species": "Vivillon-Sandstorm", "speciesId": "vivillon", "gender": "F", "shiny": false, "level": 83, "moves": ["hurricane", "quiverdance", "terablast", "sleeppowder"], "ability": "Compound Eyes", "evs": {"hp": 85, "atk": 0, "def": 85, "spa": 85, "spd": 85, "spe": 85}, "ivs": {"hp": 31, "atk": 0, "def": 31, "spa": 31, "spd": 31, "spe": 31}, "item": "Heavy-Duty Boots", "teraType": "Ground", "role": "Tera Blast user", "bvs": {"hp": 80, "atk": 52, "def": 50, "spa": 90, "spd": 50, "spe": 89}, "stats": {"hp": 268, "atk": 91, "def": 131, "spa": 197, "spd": 131, "spe": 195}, "types": ["Bug", "Flying"]}, "Blaziken": {"name": "Blaziken", "species": "Blaziken", "speciesId": "blaziken", "gender": "M", "shiny": false, "level": 76, "moves": ["closecombat", "swordsdance", "protect", "flareblitz"], "ability": "Speed Boost", "evs": {"hp": 85, "atk": 85, "def": 85, "spa": 85, "spd": 85, "spe": 85}, "ivs": {"hp": 31, "atk": 31, "def": 31, "spa": 31, "spd": 31, "spe": 31}, "item": "Life Orb", "teraType": "Fighting", "role": "Setup Sweeper", "bvs": {"hp": 80, "atk": 120, "def": 70, "spa": 110, "spd": 70, "spe": 80}, "stats": {"hp": 247, "atk": 226, "def": 150, "spa": 211, "spd": 150, "spe": 166}, "types": ["Fire", "Fighting"]}, "Reshiram": {"name": "Reshiram", "species": "Reshiram", "speciesId": "reshiram", "gender": "N", "shiny": false, "level": 76, "moves": ["dragondance", "stoneedge", "flareblitz", "outrage"], "ability": "Turboblaze", "evs": {"hp": 85, "atk": 85, "def": 85, "spa": 85, "spd": 85, "spe": 85}, "ivs": {"hp": 31, "atk": 31, "def": 31, "spa": 31, "spd": 31, "spe": 31}, "item": "Heavy-Duty Boots", "teraType": "Fire", "role": "Setup Sweeper", "bvs": {"hp": 100, "atk": 120, "def": 100, "spa": 150, "spd": 120, "spe": 90}, "stats": {"hp": 277, "atk": 226, "def": 196, "spa": 272, "spd": 226, "spe": 181}, "types": ["Dragon", "Fire"]}, "Meowscarada": {"name": "Meowscarada", "species": "Meowscarada", "speciesId": "meowscarada", "gender": "F", "shiny": false, "level": 78, "moves": ["uturn", "flowertrick", "knockoff", "toxicspikes"], "ability": "Protean", "evs": {"hp": 85, "atk": 85, "def": 85, "spa": 85, "spd": 85, "spe": 85}, "ivs": {"hp": 31, "atk": 31, "def": 31, "spa": 31, "spd": 31, "spe": 31}, "item": "Heavy-Duty Boots", "teraType": "Dark", "role": "Fast Support", "bvs": {"hp": 76, "atk": 110, "def": 70, "spa": 81, "spd": 70, "spe": 123}, "stats": {"hp": 247, "atk": 217, "def": 154, "spa": 171, "spd": 154, "spe": 237}, "types": ["Grass", "Dark"]}, "Ting-Lu": {"name": "Ting-Lu", "species": "Ting-Lu", "speciesId": "tinglu", "gender": "N", "shiny": false, "level": 78, "moves": ["payback", "earthquake", "stealthrock", "spikes"], "ability": "Vessel of Ruin", "evs": {"hp": 85, "atk": 85, "def": 85, "spa": 85, "spd": 85, "spe": 85}, "ivs": {"hp": 31, "atk": 31, "def": 31, "spa": 31, "spd": 31, "spe": 31}, "item": "Leftovers", "teraType": "Ghost", "role": "Bulky Attacker", "bvs": {"hp": 155, "atk": 110, "def": 125, "spa": 55, "spd": 80, "spe": 45}, "stats": {"hp": 370, "atk": 217, "def": 240, "spa": 131, "spd": 170, "spe": 115}, "types": ["Dark", "Ground"]}}, {"Manaphy": {"name": "Manaphy", "species": "Manaphy", "speciesId": "manaphy", "gender": "N", "shiny": false, "level": 78, "moves": ["energyball", "icebeam", "hydropump", "tailglow"], "ability": "Hydration", "evs": {"hp": 85, "atk": 0, "def": 85, "spa": 85, "spd": 85, "spe": 85}, "ivs": {"hp": 31, "atk": 0, "def": 31, "spa": 31, "spd": 31, "spe": 31}, "item": "Leftovers", "teraType": "Grass", "role": "Bulky Setup", "bvs": {"hp": 100, "atk": 100, "def": 100, "spa": 100, "spd": 100, "spe": 100}, "stats": {"hp": 284, "atk": 161, "def": 201, "spa": 201, "spd": 201, "spe": 201}, "types": ["Water"]}, "Oinkologne": {"name": "Oinkologne", "species": "Oinkologne", "speciesId": "oinkologne", "gender": "M", "shiny": false, "level": 92, "moves": ["lashout", "curse", "bodyslam", "highhorsepower"], "ability": "Thick Fat", "evs": {"hp": 85, "atk": 85, "def": 85, "spa": 85, "spd": 85, "spe": 85}, "ivs": {"hp": 31, "atk": 31, "def": 31, "spa": 31, "spd": 31, "spe": 31}, "item": "Leftovers", "teraType": "Ground", "role": "Bulky Setup", "bvs": {"hp": 110, "atk": 100, "def": 75, "spa": 59, "spd": 80, "spe": 65}, "stats": {"hp": 352, "atk": 236, "def": 190, "spa": 161, "spd": 200, "spe": 172}, "types": ["Normal"]}, "Vivillon": {"name": "Vivillon", "species": "Vivillon-Icy Snow", "speciesId": "vivillon", "gender": "M", "shiny": false, "level": 83, "moves": ["sleeppowder", "quiverdance", "terablast", "hurricane"], "ability": "Compound Eyes", "evs": {"hp": 85, "atk": 0, "def": 85, "spa": 85, "spd": 85, "spe": 85}, "ivs": {"hp": 31, "atk": 0, "def": 31, "spa": 31, "spd": 31, "spe": 31}, "item": "Heavy-Duty Boots", "teraType": "Ground", "role": "Tera Blast user", "bvs": {"hp": 80, "atk": 52, "def": 50, "spa": 90, "spd": 50, "spe": 89}, "stats": {"hp": 268, "atk": 91, "def": 131, "spa": 197, "spd": 131, "spe": 195}, "types": ["Bug", "Flying"]}, "Enamorus": {"name": "Enamorus", "species": "Enamorus", "speciesId": "enamorus", "gender": "F", "shiny": false, "level": 79, "moves": ["superpower", "playrough", "zenheadbutt", "substitute"], "ability": "Contrary", "evs": {"hp": 85, "atk": 85, "def": 85, "spa": 85, "spd": 85, "spe": 85}, "ivs": {"hp": 31, "atk": 31, "def": 31, "spa": 31, "spd": 31, "spe": 31}, "item": "Leftovers", "teraType": "Fighting", "role": "Setup Sweeper", "bvs": {"hp": 74, "atk": 115, "def": 70, "spa": 135, "spd": 80, "spe": 106}, "stats": {"hp": 247, "atk": 227, "def": 156, "spa": 259, "spd": 172, "spe": 213}, "types": ["Fairy", "Flying"]}, "Rhydon": {"name": "Rhydon", "species": "Rhydon", "speciesId": "rhydon", "gender": "M", "shiny": false, "level": 85, "moves": ["megahorn", "stoneedge", "earthquake", "swordsdance"], "ability": "Lightning Rod", "evs": {"hp": 85, "atk": 85, "def": 85, "spa": 85, "spd": 85, "spe": 85}, "ivs": {"hp": 31, "atk": 31, "def": 31, "spa": 31, "spd": 31, "spe": 31}, "item": "Eviolite", "teraType": "Flying", "role": "Bulky Attacker", "bvs": {"hp": 105, "atk": 130, "def": 120, "spa": 45, "spd": 45, "spe": 40}, "stats": {"hp": 317, "atk": 270, "def": 253, "spa": 125, "spd": 125, "spe": 117}, "types": ["Ground", "Rock"]}, "Baxcalibur": {"name": "Baxcalibur", "species": "Baxcalibur", "speciesId": "baxcalibur", "gender": "F", "shiny": false, "level": 75, "moves": ["earthquake", "dragondance", "glaiverush", "iciclecrash"], "ability": "Thermal Exchange", "evs": {"hp": 85, "atk": 85, "def": 85, "spa": 85, "spd": 85, "spe": 85}, "ivs": {"hp": 31, "atk": 31, "def": 31, "spa": 31, "spd": 31, "spe": 31}, "item": "Heavy-Duty Boots", "teraType": "Ground", "role": "Setup Sweeper", "bvs": {"hp": 115, "atk": 145, "def": 92, "spa": 75, "spd": 86, "spe": 87}, "stats": {"hp": 296, "atk": 261, "def": 182, "spa": 156, "spd": 173, "spe": 174}, "types": ["Dragon", "Ice"]}}]}