{"id": "gen9randombattle-2641722069", "format": "[Gen 9] Random Battle", "players": ["Fuckface1998", "Swiftbaby"], "log": "|j|\u2606Fuckface1998\n|j|\u2606Swiftbaby\n|t:|1782834100\n|gametype|singles\n|player|p1|Fuckface1998|lucas-gen4pt|1913\n|player|p2|Swiftbaby|riley|1910\n|gen|9\n|tier|[Gen 9] Random Battle\n|rated|\n|rule|Species Clause: Limit one of each Pok\u00e9mon\n|rule|HP Percentage Mod: HP is shown in percentages\n|rule|Sleep Clause Mod: Limit one foe put to sleep\n|rule|Illusion Level Mod: Illusion disguises the Pok\u00e9mon's true level\n|\n|t:|1782834100\n|teamsize|p1|6\n|teamsize|p2|6\n|start\n|switch|p1a: Reuniclus|Reuniclus, L88, M|337/337\n|switch|p2a: Bombirdier|Bombirdier, L85, F|258/258\n|turn|1\n|inactive|Battle timer is ON: inactive players will automatically lose when time's up. (requested by Swiftbaby)\n|inactive|Fuckface1998 has 120 seconds left.\n|\n|t:|1782834136\n|switch|p1a: Lokix|Lokix, L82, F|251/251\n|move|p2a: Bombirdier|Knock Off|p1a: Lokix\n|-resisted|p1a: Lokix\n|-damage|p1a: Lokix|151/251\n|-enditem|p1a: Lokix|Silver Powder|[from] move: Knock Off|[of] p2a: Bombirdier\n|\n|upkeep\n|turn|2\n|\n|t:|1782834148\n|switch|p2a: Incineroar|Incineroar, L82, F|290/290\n|-ability|p2a: Incineroar|Intimidate|boost\n|-unboost|p1a: Lokix|atk|1\n|move|p1a: Lokix|Knock Off|p2a: Incineroar\n|-resisted|p2a: Incineroar\n|-damage|p2a: Incineroar|218/290\n|-enditem|p2a: Incineroar|Assault Vest|[from] move: Knock Off|[of] p1a: Lokix\n|\n|upkeep\n|turn|3\n|\n|t:|1782834154\n|move|p2a: Incineroar|Fake Out|p1a: Lokix\n|-damage|p1a: Lokix|115/251\n|cant|p1a: Lokix|flinch\n|\n|upkeep\n|turn|4\n|\n|t:|1782834157\n|move|p1a: Lokix|U-turn|p2a: Incineroar\n|-damage|p2a: Incineroar|170/290\n|\n|t:|1782834166\n|switch|p1a: Rayquaza|Rayquaza, L72|270/270|[from] U-turn\n|-ability|p1a: Rayquaza|Air Lock\n|move|p2a: Incineroar|U-turn|p1a: Rayquaza\n|-resisted|p1a: Rayquaza\n|-damage|p1a: Rayquaza|242/270\n|\n|t:|1782834171\n|switch|p2a: Scream Tail|Scream Tail, L84|330/330|[from] U-turn\n|\n|upkeep\n|turn|5\n|\n|t:|1782834180\n|switch|p1a: Gumshoos|Gumshoos, L95, F|321/321\n|move|p2a: Scream Tail|Dazzling Gleam|p1a: Gumshoos\n|-damage|p1a: Gumshoos|251/321\n|\n|upkeep\n|turn|6\n|\n|t:|1782834186\n|move|p2a: Scream Tail|Protect|p2a: Scream Tail\n|-singleturn|p2a: Scream Tail|Protect\n|move|p1a: Gumshoos|Double-Edge|p2a: Scream Tail\n|-activate|p2a: Scream Tail|move: Protect\n|\n|upkeep\n|turn|7\n|\n|t:|1782834190\n|move|p2a: Scream Tail|Wish|p2a: Scream Tail\n|move|p1a: Gumshoos|Double-Edge|p2a: Scream Tail\n|-damage|p2a: Scream Tail|78/330\n|-damage|p1a: Gumshoos|168/321|[from] Recoil\n|\n|-heal|p2a: Scream Tail|98/330|[from] item: Leftovers\n|upkeep\n|turn|8\n|\n|t:|1782834195\n|move|p2a: Scream Tail|Protect|p2a: Scream Tail\n|-singleturn|p2a: Scream Tail|Protect\n|move|p1a: Gumshoos|Double-Edge|p2a: Scream Tail\n|-activate|p2a: Scream Tail|move: Protect\n|\n|-heal|p2a: Scream Tail|263/330|[from] move: Wish|[wisher] Scream Tail\n|-heal|p2a: Scream Tail|283/330|[from] item: Leftovers\n|upkeep\n|turn|9\n|\n|t:|1782834203\n|switch|p1a: Reuniclus|Reuniclus, L88, M|337/337\n|move|p2a: Scream Tail|Wish|p2a: Scream Tail\n|\n|-heal|p2a: Scream Tail|303/330|[from] item: Leftovers\n|upkeep\n|turn|10\n|\n|t:|1782834211\n|-end|p2a: Scream Tail|Protosynthesis|[silent]\n|switch|p2a: Bombirdier|Bombirdier, L85, F|258/258\n|move|p1a: Reuniclus|Calm Mind|p1a: Reuniclus\n|-boost|p1a: Reuniclus|spa|1\n|-boost|p1a: Reuniclus|spd|1\n|\n|upkeep\n|turn|11\n|\n|t:|1782834217\n|-terastallize|p1a: Reuniclus|Steel\n|move|p2a: Bombirdier|Knock Off|p1a: Reuniclus\n|-damage|p1a: Reuniclus|166/337\n|-enditem|p1a: Reuniclus|Life Orb|[from] move: Knock Off|[of] p2a: Bombirdier\n|move|p1a: Reuniclus|Focus Blast|p2a: Bombirdier\n|-damage|p2a: Bombirdier|93/258\n|\n|upkeep\n|turn|12\n|\n|t:|1782834238\n|move|p2a: Bombirdier|Knock Off|p1a: Reuniclus\n|-damage|p1a: Reuniclus|51/337\n|move|p1a: Reuniclus|Focus Blast|p2a: Bombirdier\n|-damage|p2a: Bombirdier|0 fnt\n|faint|p2a: Bombirdier\n|\n|upkeep\n|\n|t:|1782834250\n|switch|p2a: Basculegion|Basculegion-F, L83, F|335/335\n|turn|13\n|\n|t:|1782834255\n|move|p2a: Basculegion|Flip Turn|p1a: Reuniclus\n|-crit|p1a: Reuniclus\n|-damage|p1a: Reuniclus|0 fnt\n|faint|p1a: Reuniclus\n|\n|t:|1782834258\n|switch|p2a: Scream Tail|Scream Tail, L84|303/330|[from] Flip Turn\n|\n|-heal|p2a: Scream Tail|323/330|[from] item: Leftovers\n|upkeep\n|\n|t:|1782834264\n|switch|p1a: Gumshoos|Gumshoos, L95, F|168/321\n|turn|14\n|\n|t:|1782834268\n|move|p2a: Scream Tail|Protect|p2a: Scream Tail\n|-singleturn|p2a: Scream Tail|Protect\n|move|p1a: Gumshoos|Knock Off|p2a: Scream Tail\n|-activate|p2a: Scream Tail|move: Protect\n|\n|-heal|p2a: Scream Tail|330/330|[from] item: Leftovers\n|upkeep\n|turn|15\n|\n|t:|1782834274\n|-end|p2a: Scream Tail|Protosynthesis|[silent]\n|switch|p2a: Incineroar|Incineroar, L82, F|170/290\n|-ability|p2a: Incineroar|Intimidate|boost\n|-unboost|p1a: Gumshoos|atk|1\n|move|p1a: Gumshoos|Knock Off|p2a: Incineroar\n|-resisted|p2a: Incineroar\n|-damage|p2a: Incineroar|110/290\n|\n|upkeep\n|turn|16\n|\n|t:|1782834279\n|move|p2a: Incineroar|Fake Out|p1a: Gumshoos\n|-damage|p1a: Gumshoos|132/321\n|cant|p1a: Gumshoos|flinch\n|\n|upkeep\n|turn|17\n|\n|t:|1782834284\n|move|p2a: Incineroar|Overheat|p1a: Gumshoos\n|-damage|p1a: Gumshoos|0 fnt\n|-unboost|p2a: Incineroar|spa|2\n|faint|p1a: Gumshoos\n|\n|upkeep\n|\n|t:|1782834288\n|switch|p1a: Oricorio|Oricorio-Sensu, L85, M|266/266\n|turn|18\n|\n|t:|1782834296\n|switch|p2a: Oranguru|Oranguru, L92, M|315/315\n|move|p1a: Oricorio|Hurricane|p2a: Oranguru|[miss]\n|-miss|p1a: Oricorio|p2a: Oranguru\n|\n|upkeep\n|turn|19\n|\n|t:|1782834304\n|switch|p1a: Lokix|Lokix, L82, F|115/251\n|move|p2a: Oranguru|Thunderbolt|p1a: Lokix\n|-damage|p1a: Lokix|22/251\n|\n|upkeep\n|turn|20\n|\n|t:|1782834309\n|switch|p2a: Incineroar|Incineroar, L82, F|110/290\n|-ability|p2a: Incineroar|Intimidate|boost\n|-unboost|p1a: Lokix|atk|1\n|move|p1a: Lokix|First Impression|p2a: Incineroar\n|-crit|p2a: Incineroar\n|-damage|p2a: Incineroar|0 fnt\n|faint|p2a: Incineroar\n|\n|upkeep\n|\n|t:|1782834313\n|switch|p2a: Scream Tail|Scream Tail, L84|330/330\n|turn|21\n|\n|t:|1782834316\n|move|p1a: Lokix|Sucker Punch|p2a: Scream Tail\n|-damage|p2a: Scream Tail|282/330\n|move|p2a: Scream Tail|Dazzling Gleam|p1a: Lokix\n|-supereffective|p1a: Lokix\n|-crit|p1a: Lokix\n|-damage|p1a: Lokix|0 fnt\n|faint|p1a: Lokix\n|\n|-heal|p2a: Scream Tail|302/330|[from] item: Leftovers\n|upkeep\n|\n|t:|1782834319\n|switch|p1a: Oricorio|Oricorio-Sensu, L85, M|266/266\n|turn|22\n|\n|t:|1782834325\n|-end|p2a: Scream Tail|Protosynthesis|[silent]\n|switch|p2a: Oranguru|Oranguru, L92, M|315/315\n|move|p1a: Oricorio|Revelation Dance|p2a: Oranguru\n|-immune|p2a: Oranguru\n|\n|upkeep\n|turn|23\n|\n|t:|1782834332\n|switch|p1a: Rayquaza|Rayquaza, L72|242/270\n|-ability|p1a: Rayquaza|Air Lock\n|move|p2a: Oranguru|Nasty Plot|p2a: Oranguru\n|-boost|p2a: Oranguru|spa|2\n|\n|upkeep\n|turn|24\n|\n|t:|1782834338\n|move|p1a: Rayquaza|Outrage|p2a: Oranguru\n|-damage|p2a: Oranguru|192/315\n|move|p2a: Oranguru|Psychic|p1a: Rayquaza\n|-damage|p1a: Rayquaza|10/270\n|\n|-heal|p2a: Oranguru|211/315|[from] item: Leftovers\n|upkeep\n|turn|25\n|\n|t:|1782834342\n|switch|p2a: Scream Tail|Scream Tail, L84|302/330\n|move|p1a: Rayquaza|Outrage|p2a: Scream Tail|[from] lockedmove\n|-immune|p2a: Scream Tail\n|\n|-heal|p2a: Scream Tail|322/330|[from] item: Leftovers\n|upkeep\n|turn|26\n|\n|t:|1782834346\n|move|p2a: Scream Tail|Dazzling Gleam|p1a: Rayquaza\n|-supereffective|p1a: Rayquaza\n|-damage|p1a: Rayquaza|0 fnt\n|faint|p1a: Rayquaza\n|\n|-heal|p2a: Scream Tail|330/330|[from] item: Leftovers\n|upkeep\n|\n|t:|1782834347\n|switch|p1a: Oricorio|Oricorio-Sensu, L85, M|266/266\n|turn|27\n|\n|t:|1782834350\n|move|p2a: Scream Tail|Thunder Wave|p1a: Oricorio\n|-status|p1a: Oricorio|par\n|move|p1a: Oricorio|Quiver Dance|p1a: Oricorio\n|-boost|p1a: Oricorio|spa|1\n|-boost|p1a: Oricorio|spd|1\n|-boost|p1a: Oricorio|spe|1\n|\n|upkeep\n|turn|28\n|\n|t:|1782834362\n|-end|p2a: Scream Tail|Protosynthesis|[silent]\n|switch|p2a: Oranguru|Oranguru, L92, M|211/315\n|move|p1a: Oricorio|Quiver Dance|p1a: Oricorio\n|-boost|p1a: Oricorio|spa|1\n|-boost|p1a: Oricorio|spd|1\n|-boost|p1a: Oricorio|spe|1\n|\n|-heal|p2a: Oranguru|230/315|[from] item: Leftovers\n|upkeep\n|turn|29\n|\n|t:|1782834366\n|move|p1a: Oricorio|Hurricane|p2a: Oranguru\n|-damage|p2a: Oranguru|55/315\n|move|p2a: Oranguru|Nasty Plot|p2a: Oranguru\n|-boost|p2a: Oranguru|spa|2\n|\n|-heal|p2a: Oranguru|74/315|[from] item: Leftovers\n|upkeep\n|turn|30\n|\n|t:|1782834370\n|move|p1a: Oricorio|Hurricane|p2a: Oranguru\n|-damage|p2a: Oranguru|0 fnt\n|faint|p2a: Oranguru\n|\n|upkeep\n|\n|t:|1782834373\n|switch|p2a: Tsareena|Tsareena, L87, F|267/267\n|turn|31\n|\n|t:|1782834380\n|-terastallize|p2a: Tsareena|Steel\n|cant|p1a: Oricorio|par\n|move|p2a: Tsareena|Triple Axel|p1a: Oricorio\n|-supereffective|p1a: Oricorio\n|-damage|p1a: Oricorio|226/266 par\n|-supereffective|p1a: Oricorio\n|-damage|p1a: Oricorio|142/266 par\n|-supereffective|p1a: Oricorio\n|-damage|p1a: Oricorio|22/266 par\n|-hitcount|p1a: Oricorio|3\n|\n|upkeep\n|turn|32\n|\n|t:|1782834386\n|move|p1a: Oricorio|Revelation Dance|p2a: Tsareena\n|-damage|p2a: Tsareena|89/267\n|move|p2a: Tsareena|Power Whip|p1a: Oricorio\n|-resisted|p1a: Oricorio\n|-damage|p1a: Oricorio|0 fnt\n|faint|p1a: Oricorio\n|\n|upkeep\n|\n|t:|1782834390\n|switch|p1a: Gallade|Gallade, L80, M|240/240\n|turn|33\n|-message|Fuckface1998 forfeited.\n|\n|win|Swiftbaby\n", "inputlog": ">version f8ac14003a5f27e1bdc8d8c59608a773c1cb96e5\n>start {\"formatid\":\"gen9randombattle\",\"seed\":\"sodium,9541f107dbf052587bd8dcaec0df8113\",\"rated\":\"Rated battle\"}\n>player p1 {\"name\":\"Fuckface1998\",\"avatar\":\"lucas-gen4pt\",\"rating\":1913,\"seed\":\"sodium,be1d93cadc8ba2ff3ebc5c426f5fd83b\"}\n>player p2 {\"name\":\"Swiftbaby\",\"avatar\":\"riley\",\"rating\":1910,\"seed\":\"sodium,960e60fbede42e36549a1aefeaa59a37\"}\n>p1 switch 6\n>p2 move knockoff\n>p1 move knockoff\n>p2 switch 4\n>p1 move uturn\n>p2 move fakeout\n>p1 move uturn\n>p2 move uturn\n>p1 switch 4\n>p2 switch 2\n>p1 switch 5\n>p2 move dazzlinggleam\n>p1 move doubleedge\n>p2 move protect\n>p1 move doubleedge\n>p2 move wish\n>p1 move doubleedge\n>p2 move protect\n>p1 switch 6\n>p2 move wish\n>p1 move calmmind\n>p2 switch 4\n>p1 move focusblast terastallize\n>p2 move knockoff\n>p1 move focusblast\n>p2 move knockoff\n>p2 switch 3\n>p1 move recover\n>p2 move flipturn\n>p2 switch 4\n>p1 switch 6\n>p1 move knockoff\n>p2 move protect\n>p1 move knockoff\n>p2 switch 2\n>p1 move knockoff\n>p2 move fakeout\n>p1 move knockoff\n>p2 move overheat\n>p1 switch 2\n>p1 move hurricane\n>p2 switch 6\n>p1 switch 4\n>p2 move thunderbolt\n>p1 move firstimpression\n>p2 switch 6\n>p2 switch 2\n>p1 move suckerpunch\n>p2 move dazzlinggleam\n>p1 switch 4\n>p1 move revelationdance\n>p2 switch 6\n>p1 switch 5\n>p2 move nastyplot\n>p1 move outrage\n>p2 move psychic\n>p1 move outrage\n>p2 switch 6\n>p1 move dragonascent\n>p2 move dazzlinggleam\n>p1 switch 5\n>p1 move quiverdance\n>p2 move thunderwave\n>p1 move quiverdance\n>p2 switch 6\n>p1 move hurricane\n>p2 move nastyplot\n>p1 move hurricane\n>p2 move psychic\n>p2 switch 5\n>p1 move revelationdance\n>p2 move tripleaxel terastallize\n>p1 move revelationdance\n>p2 move powerwhip\n>p1 switch 3\n>forcelose p1", "uploadtime": 1782834104, "views": 4, "formatid": "gen9randombattle", "rating": null, "private": 0, "password": null, "player_dets": [{"name": "Fuckface1998", "avatar": "lucas-gen4pt", "rating": 1913, "seed": "sodium,be1d93cadc8ba2ff3ebc5c426f5fd83b"}, {"name": "Swiftbaby", "avatar": "riley", "rating": 1910, "seed": "sodium,960e60fbede42e36549a1aefeaa59a37"}], "teams_full": [{"Reuniclus": {"name": "Reuniclus", "species": "Reuniclus", "speciesId": "reuniclus", "gender": "M", "shiny": false, "level": 88, "moves": ["focusblast", "calmmind", "psychic", "recover"], "ability": "Magic Guard", "evs": {"hp": 85, "atk": 0, "def": 85, "spa": 85, "spd": 85, "spe": 85}, "ivs": {"hp": 31, "atk": 0, "def": 31, "spa": 31, "spd": 31, "spe": 31}, "item": "Life Orb", "teraType": "Steel", "role": "Bulky Setup", "bvs": {"hp": 110, "atk": 65, "def": 75, "spa": 125, "spd": 85, "spe": 30}, "stats": {"hp": 337, "atk": 119, "def": 182, "spa": 270, "spd": 200, "spe": 103}, "types": ["Psychic"]}, "Oricorio": {"name": "Oricorio", "species": "Oricorio-Sensu", "speciesId": "oricoriosensu", "gender": "M", "shiny": false, "level": 85, "moves": ["hurricane", "revelationdance", "roost", "quiverdance"], "ability": "Dancer", "evs": {"hp": 85, "atk": 0, "def": 85, "spa": 85, "spd": 85, "spe": 85}, "ivs": {"hp": 31, "atk": 0, "def": 31, "spa": 31, "spd": 31, "spe": 31}, "item": "Heavy-Duty Boots", "teraType": "Fighting", "role": "Setup Sweeper", "bvs": {"hp": 75, "atk": 70, "def": 70, "spa": 98, "spd": 70, "spe": 93}, "stats": {"hp": 266, "atk": 124, "def": 168, "spa": 215, "spd": 168, "spe": 207}, "types": ["Ghost", "Flying"]}, "Gallade": {"name": "Gallade", "species": "Gallade", "speciesId": "gallade", "gender": "M", "shiny": false, "level": 80, "moves": ["sacredsword", "psychocut", "agility", "nightslash"], "ability": "Sharpness", "evs": {"hp": 85, "atk": 85, "def": 85, "spa": 85, "spd": 85, "spe": 85}, "ivs": {"hp": 31, "atk": 31, "def": 31, "spa": 31, "spd": 31, "spe": 31}, "item": "Life Orb", "teraType": "Fighting", "role": "Setup Sweeper", "bvs": {"hp": 68, "atk": 125, "def": 65, "spa": 65, "spd": 115, "spe": 80}, "stats": {"hp": 240, "atk": 246, "def": 150, "spa": 150, "spd": 230, "spe": 174}, "types": ["Psychic", "Fighting"]}, "Rayquaza": {"name": "Rayquaza", "species": "Rayquaza", "speciesId": "rayquaza", "gender": "N", "shiny": false, "level": 72, "moves": ["outrage", "earthquake", "dragonascent", "dragondance"], "ability": "Air Lock", "evs": {"hp": 85, "atk": 85, "def": 85, "spa": 85, "spd": 85, "spe": 85}, "ivs": {"hp": 31, "atk": 31, "def": 31, "spa": 31, "spd": 31, "spe": 31}, "item": "Heavy-Duty Boots", "teraType": "Flying", "role": "Setup Sweeper", "bvs": {"hp": 105, "atk": 150, "def": 90, "spa": 150, "spd": 90, "spe": 95}, "stats": {"hp": 270, "atk": 258, "def": 172, "spa": 258, "spd": 172, "spe": 179}, "types": ["Dragon", "Flying"]}, "Gumshoos": {"name": "Gumshoos", "species": "Gumshoos", "speciesId": "gumshoos", "gender": "F", "shiny": false, "level": 95, "moves": ["knockoff", "earthquake", "uturn", "doubleedge"], "ability": "Stakeout", "evs": {"hp": 85, "atk": 85, "def": 85, "spa": 85, "spd": 85, "spe": 85}, "ivs": {"hp": 31, "atk": 31, "def": 31, "spa": 31, "spd": 31, "spe": 31}, "item": "Choice Band", "teraType": "Normal", "role": "Wallbreaker", "bvs": {"hp": 88, "atk": 110, "def": 60, "spa": 55, "spd": 60, "spe": 45}, "stats": {"hp": 321, "atk": 263, "def": 168, "spa": 158, "spd": 168, "spe": 139}, "types": ["Normal"]}, "Lokix": {"name": "Lokix", "species": "Lokix", "speciesId": "lokix", "gender": "F", "shiny": false, "level": 82, "moves": ["uturn", "knockoff", "suckerpunch", "firstimpression"], "ability": "Tinted Lens", "evs": {"hp": 85, "atk": 85, "def": 85, "spa": 85, "spd": 85, "spe": 85}, "ivs": {"hp": 31, "atk": 31, "def": 31, "spa": 31, "spd": 31, "spe": 31}, "item": "Silver Powder", "teraType": "Bug", "role": "Fast Attacker", "bvs": {"hp": 71, "atk": 102, "def": 78, "spa": 52, "spd": 55, "spe": 92}, "stats": {"hp": 251, "atk": 214, "def": 175, "spa": 132, "spd": 137, "spe": 198}, "types": ["Bug", "Dark"]}}, {"Bombirdier": {"name": "Bombirdier", "species": "Bombirdier", "speciesId": "bombirdier", "gender": "F", "shiny": false, "level": 85, "moves": ["knockoff", "bravebird", "suckerpunch", "stoneedge"], "ability": "Rocky Payload", "evs": {"hp": 85, "atk": 85, "def": 85, "spa": 85, "spd": 85, "spe": 85}, "ivs": {"hp": 31, "atk": 31, "def": 31, "spa": 31, "spd": 31, "spe": 31}, "item": "Choice Band", "teraType": "Rock", "role": "Fast Attacker", "bvs": {"hp": 70, "atk": 103, "def": 85, "spa": 60, "spd": 85, "spe": 82}, "stats": {"hp": 258, "atk": 224, "def": 193, "spa": 151, "spd": 193, "spe": 188}, "types": ["Flying", "Dark"]}, "Scream Tail": {"name": "Scream Tail", "species": "Scream Tail", "speciesId": "screamtail", "gender": "N", "shiny": false, "level": 84, "moves": ["protect", "wish", "dazzlinggleam", "thunderwave"], "ability": "Protosynthesis", "evs": {"hp": 85, "atk": 0, "def": 85, "spa": 85, "spd": 85, "spe": 85}, "ivs": {"hp": 31, "atk": 0, "def": 31, "spa": 31, "spd": 31, "spe": 31}, "item": "Leftovers", "teraType": "Steel", "role": "Bulky Attacker", "bvs": {"hp": 115, "atk": 65, "def": 99, "spa": 65, "spd": 115, "spe": 111}, "stats": {"hp": 330, "atk": 114, "def": 215, "spa": 157, "spd": 241, "spe": 235}, "types": ["Fairy", "Psychic"]}, "Basculegion": {"name": "Basculegion", "species": "Basculegion-F", "speciesId": "basculegionf", "gender": "F", "shiny": false, "level": 83, "moves": ["flipturn", "icebeam", "shadowball", "hydropump"], "ability": "Adaptability", "evs": {"hp": 85, "atk": 85, "def": 85, "spa": 85, "spd": 85, "spe": 85}, "ivs": {"hp": 31, "atk": 31, "def": 31, "spa": 31, "spd": 31, "spe": 31}, "item": "Choice Specs", "teraType": "Water", "role": "Wallbreaker", "bvs": {"hp": 120, "atk": 92, "def": 65, "spa": 100, "spd": 75, "spe": 78}, "stats": {"hp": 335, "atk": 200, "def": 156, "spa": 214, "spd": 172, "spe": 177}, "types": ["Water", "Ghost"]}, "Incineroar": {"name": "Incineroar", "species": "Incineroar", "speciesId": "incineroar", "gender": "F", "shiny": false, "level": 82, "moves": ["uturn", "overheat", "knockoff", "fakeout"], "ability": "Intimidate", "evs": {"hp": 85, "atk": 85, "def": 85, "spa": 85, "spd": 85, "spe": 85}, "ivs": {"hp": 31, "atk": 31, "def": 31, "spa": 31, "spd": 31, "spe": 31}, "item": "Assault Vest", "teraType": "Water", "role": "AV Pivot", "bvs": {"hp": 95, "atk": 115, "def": 90, "spa": 80, "spd": 90, "spe": 60}, "stats": {"hp": 290, "atk": 236, "def": 195, "spa": 178, "spd": 195, "spe": 146}, "types": ["Fire", "Dark"]}, "Tsareena": {"name": "Tsareena", "species": "Tsareena", "speciesId": "tsareena", "gender": "F", "shiny": false, "level": 87, "moves": ["powerwhip", "synthesis", "tripleaxel", "uturn"], "ability": "Queenly Majesty", "evs": {"hp": 85, "atk": 85, "def": 85, "spa": 85, "spd": 85, "spe": 85}, "ivs": {"hp": 31, "atk": 31, "def": 31, "spa": 31, "spd": 31, "spe": 31}, "item": "Heavy-Duty Boots", "teraType": "Steel", "role": "Fast Support", "bvs": {"hp": 72, "atk": 120, "def": 98, "spa": 50, "spd": 98, "spe": 72}, "stats": {"hp": 267, "atk": 259, "def": 220, "spa": 137, "spd": 220, "spe": 175}, "types": ["Grass"]}, "Oranguru": {"name": "Oranguru", "species": "Oranguru", "speciesId": "oranguru", "gender": "M", "shiny": false, "level": 92, "moves": ["focusblast", "psychic", "thunderbolt", "nastyplot"], "ability": "Inner Focus", "evs": {"hp": 85, "atk": 0, "def": 85, "spa": 85, "spd": 85, "spe": 85}, "ivs": {"hp": 31, "atk": 0, "def": 31, "spa": 31, "spd": 31, "spe": 31}, "item": "Leftovers", "teraType": "Electric", "role": "Bulky Attacker", "bvs": {"hp": 90, "atk": 60, "def": 80, "spa": 90, "spd": 110, "spe": 60}, "stats": {"hp": 315, "atk": 115, "def": 200, "spa": 218, "spd": 255, "spe": 163}, "types": ["Normal", "Psychic"]}}]}