{"id": "gen9randombattle-2641257304", "format": "[Gen 9] Random Battle", "players": ["theGARGANTUANpp", "notmetbh102"], "log": "|badge|p2|bronze|gen9randombattle|100-9\n|html|<div class=\"broadcast-red\"><strong>This battle is required to be public due to one or more player having a season medal.</strong><br />During the public phase, you can discuss the state of the ladder <a href=\"/seasondiscussion\">in a special chatroom.</a></div>\n|uhtml|medal-msg|<div class=\"broadcast-blue\">Curious what those medals under the avatar are? PS now has Ladder Seasons! For more information, check out the <a href=\"https://www.smogon.com/forums/threads/3740067/\">thread on Smogon.</a></div>\n|j|\u203dtheGARGANTUANpp\n|j|\u2606notmetbh102\n|t:|1782759982\n|gametype|singles\n|player|p1|theGARGANTUANpp|101|2111\n|player|p2|notmetbh102|2|2267\n|gen|9\n|tier|[Gen 9] Random Battle\n|rated|\n|rule|Species Clause: Limit one of each Pok\u00e9mon\n|rule|HP Percentage Mod: HP is shown in percentages\n|rule|Sleep Clause Mod: Limit one foe put to sleep\n|rule|Illusion Level Mod: Illusion disguises the Pok\u00e9mon's true level\n|\n|t:|1782759982\n|teamsize|p1|6\n|teamsize|p2|6\n|start\n|switch|p1a: Regice|Regice, L88|284/284\n|switch|p2a: Tropius|Tropius, L91, F|328/328\n|turn|1\n|inactive|Battle timer is ON: inactive players will automatically lose when time's up. (requested by notmetbh102)\n|c|\u2606notmetbh102|hf\n|\n|t:|1782760006\n|move|p2a: Tropius|Protect|p2a: Tropius\n|-singleturn|p2a: Tropius|Protect\n|move|p1a: Regice|Thunder Wave|p2a: Tropius\n|-activate|p2a: Tropius|move: Protect\n|\n|upkeep\n|turn|2\n|n|\u2606theGARGANTUANpp|thegargantuanpp\n|c|\u2606theGARGANTUANpp|u2\n|\n|t:|1782760024\n|move|p2a: Tropius|Substitute|p2a: Tropius\n|-start|p2a: Tropius|Substitute\n|-damage|p2a: Tropius|246/328\n|move|p1a: Regice|Ice Beam|p2a: Tropius\n|-supereffective|p2a: Tropius\n|-end|p2a: Tropius|Substitute\n|\n|upkeep\n|turn|3\n|\n|t:|1782760031\n|move|p2a: Tropius|Protect|p2a: Tropius\n|-singleturn|p2a: Tropius|Protect\n|move|p1a: Regice|Ice Beam|p2a: Tropius\n|-activate|p2a: Tropius|move: Protect\n|\n|upkeep\n|turn|4\n|\n|t:|1782760037\n|move|p2a: Tropius|Substitute|p2a: Tropius\n|-start|p2a: Tropius|Substitute\n|-damage|p2a: Tropius|164/328\n|-enditem|p2a: Tropius|Sitrus Berry|[eat]\n|-heal|p2a: Tropius|246/328|[from] item: Sitrus Berry\n|move|p1a: Regice|Ice Beam|p2a: Tropius\n|-supereffective|p2a: Tropius\n|-end|p2a: Tropius|Substitute\n|\n|-item|p2a: Tropius|Sitrus Berry|[from] ability: Harvest\n|upkeep\n|turn|5\n|\n|t:|1782760042\n|switch|p1a: Venusaur|Venusaur, L84, F|272/272\n|move|p2a: Tropius|Protect||[still]\n|-fail|p2a: Tropius\n|\n|upkeep\n|turn|6\n|\n|t:|1782760045\n|switch|p2a: Drednaw|Drednaw, L81, F|278/278\n|move|p1a: Venusaur|Knock Off|p2a: Drednaw\n|-damage|p2a: Drednaw|212/278\n|-enditem|p2a: Drednaw|White Herb|[from] move: Knock Off|[of] p1a: Venusaur\n|\n|upkeep\n|turn|7\n|\n|t:|1782760058\n|move|p1a: Venusaur|Earth Power|p2a: Drednaw\n|-supereffective|p2a: Drednaw\n|-damage|p2a: Drednaw|38/278\n|move|p2a: Drednaw|Shell Smash|p2a: Drednaw\n|-unboost|p2a: Drednaw|def|1\n|-unboost|p2a: Drednaw|spd|1\n|-boost|p2a: Drednaw|atk|2\n|-boost|p2a: Drednaw|spa|2\n|-boost|p2a: Drednaw|spe|2\n|\n|upkeep\n|turn|8\n|c|\u2606theGARGANTUANpp|the balls\n|\n|t:|1782760078\n|move|p2a: Drednaw|Stone Edge|p1a: Venusaur\n|-damage|p1a: Venusaur|52/272\n|move|p1a: Venusaur|Sludge Bomb|p2a: Drednaw\n|-resisted|p2a: Drednaw\n|-damage|p2a: Drednaw|0 fnt\n|faint|p2a: Drednaw\n|\n|-heal|p1a: Venusaur|69/272|[from] item: Leftovers\n|upkeep\n|\n|t:|1782760079\n|switch|p2a: Palkia|Palkia, L75|259/259\n|-ability|p2a: Palkia|Pressure\n|turn|9\n|\n|t:|1782760088\n|switch|p1a: Regice|Regice, L88|284/284\n|move|p2a: Palkia|Fire Blast|p1a: Regice\n|-supereffective|p1a: Regice\n|-damage|p1a: Regice|198/284\n|\n|upkeep\n|turn|10\n|\n|t:|1782760090\n|move|p2a: Palkia|Fire Blast|p1a: Regice|[miss]\n|-miss|p2a: Palkia|p1a: Regice\n|move|p1a: Regice|Thunder Wave|p2a: Palkia\n|-status|p2a: Palkia|par\n|\n|upkeep\n|turn|11\n|\n|t:|1782760095\n|move|p2a: Palkia|Fire Blast|p1a: Regice|[miss]\n|-miss|p2a: Palkia|p1a: Regice\n|move|p1a: Regice|Ice Beam|p2a: Palkia\n|-damage|p2a: Palkia|162/259 par\n|\n|upkeep\n|turn|12\n|\n|t:|1782760105\n|switch|p1a: Ting-Lu|Ting-Lu, L78|370/370\n|-ability|p1a: Ting-Lu|Vessel of Ruin\n|move|p2a: Palkia|Fire Blast|p1a: Ting-Lu\n|-damage|p1a: Ting-Lu|297/370\n|\n|-heal|p1a: Ting-Lu|320/370|[from] item: Leftovers\n|upkeep\n|turn|13\n|\n|t:|1782760108\n|switch|p2a: Sinistcha|Sinistcha-Masterpiece, L83|254/254\n|move|p1a: Ting-Lu|Stealth Rock|p2a: Sinistcha\n|-sidestart|p2: notmetbh102|move: Stealth Rock\n|\n|-heal|p1a: Ting-Lu|343/370|[from] item: Leftovers\n|upkeep\n|turn|14\n|\n|t:|1782760114\n|move|p2a: Sinistcha|Calm Mind|p2a: Sinistcha\n|-boost|p2a: Sinistcha|spa|1\n|-boost|p2a: Sinistcha|spd|1\n|move|p1a: Ting-Lu|Whirlwind|p2a: Sinistcha\n|drag|p2a: Electrode|Electrode, L92|260/260\n|-damage|p2a: Electrode|228/260|[from] Stealth Rock\n|\n|-heal|p1a: Ting-Lu|366/370|[from] item: Leftovers\n|upkeep\n|turn|15\n|\n|t:|1782760120\n|switch|p2a: Sinistcha|Sinistcha-Masterpiece, L83|254/254\n|-damage|p2a: Sinistcha|223/254|[from] Stealth Rock\n|move|p1a: Ting-Lu|Whirlwind|p2a: Sinistcha\n|drag|p2a: Electrode|Electrode, L92|228/260\n|-damage|p2a: Electrode|196/260|[from] Stealth Rock\n|\n|-heal|p1a: Ting-Lu|370/370|[from] item: Leftovers\n|upkeep\n|turn|16\n|\n|t:|1782760129\n|switch|p2a: Sinistcha|Sinistcha-Masterpiece, L83|223/254\n|-damage|p2a: Sinistcha|192/254|[from] Stealth Rock\n|move|p1a: Ting-Lu|Whirlwind|p2a: Sinistcha\n|drag|p2a: Electrode|Electrode, L92|196/260\n|-damage|p2a: Electrode|164/260|[from] Stealth Rock\n|\n|upkeep\n|turn|17\n|\n|t:|1782760136\n|switch|p2a: Sinistcha|Sinistcha-Masterpiece, L83|192/254\n|-damage|p2a: Sinistcha|161/254|[from] Stealth Rock\n|move|p1a: Ting-Lu|Whirlwind|p2a: Sinistcha\n|drag|p2a: Jolteon|Jolteon, L84, M|246/246\n|-damage|p2a: Jolteon|216/246|[from] Stealth Rock\n|\n|upkeep\n|turn|18\n|\n|t:|1782760148\n|switch|p2a: Tropius|Tropius, L91, F|246/328\n|-damage|p2a: Tropius|164/328|[from] Stealth Rock\n|-enditem|p2a: Tropius|Sitrus Berry|[eat]\n|-heal|p2a: Tropius|246/328|[from] item: Sitrus Berry\n|move|p1a: Ting-Lu|Whirlwind|p2a: Tropius\n|drag|p2a: Electrode|Electrode, L92|164/260\n|-damage|p2a: Electrode|132/260|[from] Stealth Rock\n|\n|upkeep\n|turn|19\n|c|\u2606theGARGANTUANpp|sure is blustery out there today\n|\n|t:|1782760170\n|switch|p2a: Tropius|Tropius, L91, F|246/328\n|-damage|p2a: Tropius|164/328|[from] Stealth Rock\n|move|p1a: Ting-Lu|Whirlwind|p2a: Tropius\n|drag|p2a: Jolteon|Jolteon, L84, M|216/246\n|-damage|p2a: Jolteon|186/246|[from] Stealth Rock\n|\n|upkeep\n|turn|20\n|\n|t:|1782760182\n|switch|p2a: Palkia|Palkia, L75|162/259 par\n|-damage|p2a: Palkia|130/259 par|[from] Stealth Rock\n|-ability|p2a: Palkia|Pressure\n|move|p1a: Ting-Lu|Whirlwind|p2a: Palkia\n|drag|p2a: Jolteon|Jolteon, L84, M|186/246\n|-damage|p2a: Jolteon|156/246|[from] Stealth Rock\n|\n|upkeep\n|turn|21\n|\n|t:|1782760185\n|switch|p2a: Palkia|Palkia, L75|130/259 par\n|-damage|p2a: Palkia|98/259 par|[from] Stealth Rock\n|-ability|p2a: Palkia|Pressure\n|move|p1a: Ting-Lu|Whirlwind|p2a: Palkia\n|drag|p2a: Tropius|Tropius, L91, F|164/328\n|-damage|p2a: Tropius|82/328|[from] Stealth Rock\n|\n|upkeep\n|turn|22\n|\n|t:|1782760193\n|move|p2a: Tropius|Air Slash|p1a: Ting-Lu\n|-damage|p1a: Ting-Lu|300/370\n|cant|p1a: Ting-Lu|flinch\n|\n|-heal|p1a: Ting-Lu|323/370|[from] item: Leftovers\n|upkeep\n|turn|23\n|\n|t:|1782760197\n|move|p2a: Tropius|Leech Seed|p1a: Ting-Lu\n|-start|p1a: Ting-Lu|move: Leech Seed\n|move|p1a: Ting-Lu|Whirlwind|p2a: Tropius\n|drag|p2a: Palkia|Palkia, L75|98/259 par\n|-damage|p2a: Palkia|66/259 par|[from] Stealth Rock\n|-ability|p2a: Palkia|Pressure\n|\n|-heal|p1a: Ting-Lu|346/370|[from] item: Leftovers\n|-damage|p1a: Ting-Lu|300/370|[from] Leech Seed|[of] p2a: Palkia\n|-heal|p2a: Palkia|112/259 par|[silent]\n|upkeep\n|turn|24\n|\n|t:|1782760205\n|switch|p1a: Regice|Regice, L88|198/284\n|move|p2a: Palkia|Spacial Rend|p1a: Regice\n|-damage|p1a: Regice|134/284\n|\n|upkeep\n|turn|25\n|\n|t:|1782760212\n|move|p2a: Palkia|Spacial Rend|p1a: Regice\n|-damage|p1a: Regice|73/284\n|move|p1a: Regice|Ice Beam|p2a: Palkia\n|-damage|p2a: Palkia|18/259 par\n|\n|upkeep\n|turn|26\n|\n|t:|1782760215\n|move|p2a: Palkia|Spacial Rend|p1a: Regice|[miss]\n|-miss|p2a: Palkia|p1a: Regice\n|move|p1a: Regice|Ice Beam|p2a: Palkia\n|-damage|p2a: Palkia|0 fnt\n|faint|p2a: Palkia\n|\n|upkeep\n|\n|t:|1782760216\n|switch|p2a: Sinistcha|Sinistcha-Masterpiece, L83|161/254\n|-damage|p2a: Sinistcha|130/254|[from] Stealth Rock\n|turn|27\n|\n|t:|1782760219\n|-terastallize|p2a: Sinistcha|Steel\n|move|p2a: Sinistcha|Strength Sap|p1a: Regice\n|-fail|p1a: Regice|unboost|[from] ability: Clear Body|[of] p1a: Regice\n|-heal|p2a: Sinistcha|223/254\n|move|p1a: Regice|Thunder Wave|p2a: Sinistcha\n|-status|p2a: Sinistcha|par\n|\n|-heal|p2a: Sinistcha|238/254 par|[from] item: Leftovers\n|upkeep\n|turn|28\n|\n|t:|1782760225\n|move|p1a: Regice|Body Press|p2a: Sinistcha\n|-supereffective|p2a: Sinistcha\n|-damage|p2a: Sinistcha|134/254 par\n|move|p2a: Sinistcha|Strength Sap|p1a: Regice\n|-fail|p1a: Regice|unboost|[from] ability: Clear Body|[of] p1a: Regice\n|-heal|p2a: Sinistcha|227/254 par\n|\n|-heal|p2a: Sinistcha|242/254 par|[from] item: Leftovers\n|upkeep\n|turn|29\n|\n|t:|1782760229\n|move|p1a: Regice|Body Press|p2a: Sinistcha\n|-supereffective|p2a: Sinistcha\n|-damage|p2a: Sinistcha|136/254 par\n|move|p2a: Sinistcha|Matcha Gotcha|p1a: Regice|[miss]\n|-miss|p2a: Sinistcha|p1a: Regice\n|\n|-heal|p2a: Sinistcha|151/254 par|[from] item: Leftovers\n|upkeep\n|turn|30\n|\n|t:|1782760232\n|move|p1a: Regice|Body Press|p2a: Sinistcha\n|-supereffective|p2a: Sinistcha\n|-damage|p2a: Sinistcha|39/254 par\n|cant|p2a: Sinistcha|par\n|\n|-heal|p2a: Sinistcha|54/254 par|[from] item: Leftovers\n|upkeep\n|turn|31\n|\n|t:|1782760235\n|move|p1a: Regice|Body Press|p2a: Sinistcha\n|-supereffective|p2a: Sinistcha\n|-damage|p2a: Sinistcha|0 fnt\n|faint|p2a: Sinistcha\n|\n|upkeep\n|\n|t:|1782760236\n|switch|p2a: Jolteon|Jolteon, L84, M|156/246\n|-damage|p2a: Jolteon|126/246|[from] Stealth Rock\n|turn|32\n|\n|t:|1782760243\n|move|p2a: Jolteon|Shadow Ball|p1a: Regice\n|-crit|p1a: Regice\n|-damage|p1a: Regice|9/284\n|-damage|p2a: Jolteon|102/246|[from] item: Life Orb\n|move|p1a: Regice|Ice Beam|p2a: Jolteon\n|-damage|p2a: Jolteon|5/246\n|\n|upkeep\n|turn|33\n|\n|t:|1782760249\n|move|p2a: Jolteon|Calm Mind|p2a: Jolteon\n|-boost|p2a: Jolteon|spa|1\n|-boost|p2a: Jolteon|spd|1\n|move|p1a: Regice|Ice Beam|p2a: Jolteon\n|-damage|p2a: Jolteon|0 fnt\n|faint|p2a: Jolteon\n|\n|upkeep\n|\n|t:|1782760250\n|switch|p2a: Electrode|Electrode, L92|132/260\n|-damage|p2a: Electrode|100/260|[from] Stealth Rock\n|turn|34\n|\n|t:|1782760252\n|move|p2a: Electrode|Tera Blast|p1a: Regice\n|-damage|p1a: Regice|0 fnt\n|faint|p1a: Regice\n|-damage|p2a: Electrode|74/260|[from] item: Life Orb\n|\n|upkeep\n|\n|t:|1782760264\n|switch|p1a: Oricorio|Oricorio, L84, F|263/263\n|turn|35\n|\n|t:|1782760270\n|switch|p2a: Tropius|Tropius, L91, F|82/328\n|-damage|p2a: Tropius|0 fnt|[from] Stealth Rock\n|faint|p2a: Tropius\n|-terastallize|p1a: Oricorio|Ground\n|move|p1a: Oricorio|Revelation Dance|p2: Tropius|[notarget]\n|-fail|p1a: Oricorio\n|\n|upkeep\n|\n|t:|1782760270\n|switch|p2a: Electrode|Electrode, L92|74/260\n|-damage|p2a: Electrode|42/260|[from] Stealth Rock\n|turn|36\n|\n|t:|1782760274\n|move|p2a: Electrode|Volt Switch|p1a: Oricorio\n|-immune|p1a: Oricorio\n|move|p1a: Oricorio|Revelation Dance|p2a: Electrode\n|-supereffective|p2a: Electrode\n|-damage|p2a: Electrode|0 fnt\n|faint|p2a: Electrode\n|\n|win|theGARGANTUANpp\n|raw|theGARGANTUANpp's rating: 2111 &rarr; <strong>2139</strong><br />(+28 for winning)\n|raw|notmetbh102's rating: 2267 &rarr; <strong>2239</strong><br />(-28 for losing)\n|c|\u2606notmetbh102|gg\n", "inputlog": ">version f8ac14003a5f27e1bdc8d8c59608a773c1cb96e5\n>start {\"formatid\":\"gen9randombattle\",\"seed\":\"sodium,3a4f16e6d7a4e8aed33695db06792958\",\"rated\":\"Rated battle\"}\n>player p1 {\"name\":\"theGARGANTUANpp\",\"avatar\":\"101\",\"rating\":2111,\"seed\":\"sodium,7d3a149900629987c51d5112444bed55\"}\n>player p2 {\"name\":\"notmetbh102\",\"avatar\":\"2\",\"rating\":2267,\"seed\":\"sodium,7aca02a2e54b7a334879dee1b0d8b88a\"}\n>chat \u2606notmetbh102|hf\n>p1 move thunderwave\n>p2 move protect\n>chat \u2606theGARGANTUANpp|u2\n>p1 move icebeam\n>p2 move substitute\n>p1 move icebeam\n>p2 move protect\n>p1 move icebeam\n>p2 move substitute\n>p1 switch 2\n>p2 move protect\n>p1 move knockoff\n>p2 switch 2\n>p1 move earthpower\n>p2 move shellsmash\n>chat \u2606theGARGANTUANpp|the balls\n>p1 move sludgebomb\n>p2 move stoneedge\n>p2 switch 3\n>p1 switch 2\n>p2 move fireblast\n>p1 move thunderwave\n>p2 move fireblast\n>p1 move icebeam\n>p2 move fireblast\n>p1 switch 3\n>p2 move fireblast\n>p1 move stealthrock\n>p2 switch 4\n>p1 move whirlwind\n>p2 move calmmind\n>p1 move whirlwind\n>p2 switch 6\n>p1 move whirlwind\n>p2 switch 6\n>p1 move whirlwind\n>p2 switch 6\n>p1 move whirlwind\n>p2 switch 2\n>chat \u2606theGARGANTUANpp|sure is blustery out there today\n>p1 move whirlwind\n>p2 switch 6\n>p1 move whirlwind\n>p2 switch 4\n>p1 move whirlwind\n>p2 switch 4\n>p1 move whirlwind\n>p2 move airslash\n>p1 move whirlwind\n>p2 move leechseed\n>p1 switch 3\n>p2 move spacialrend\n>p1 move icebeam\n>p2 move spacialrend\n>p1 move icebeam\n>p2 move spacialrend\n>p2 switch 5\n>p1 move thunderwave\n>p2 move strengthsap terastallize\n>p1 move bodypress\n>p2 move strengthsap\n>p1 move bodypress\n>p2 move matchagotcha\n>p1 move bodypress\n>p2 move strengthsap\n>p1 move bodypress\n>p2 move strengthsap\n>p2 switch 4\n>p1 move icebeam\n>p2 move shadowball\n>p1 move icebeam\n>p2 move calmmind\n>p2 switch 6\n>p1 move icebeam\n>p2 move terablast\n>p1 switch 5\n>p1 move revelationdance terastallize\n>p2 switch 2\n>p2 switch 2\n>p1 move revelationdance\n>p2 move voltswitch", "uploadtime": 1782760275, "views": 8, "formatid": "gen9randombattle", "rating": 2139, "private": 0, "password": null, "player_dets": [{"name": "theGARGANTUANpp", "avatar": "101", "rating": 2111, "seed": "sodium,7d3a149900629987c51d5112444bed55"}, {"name": "notmetbh102", "avatar": "2", "rating": 2267, "seed": "sodium,7aca02a2e54b7a334879dee1b0d8b88a"}], "teams_full": [{"Regice": {"name": "Regice", "species": "Regice", "speciesId": "regice", "gender": "N", "shiny": false, "level": 88, "moves": ["bodypress", "icebeam", "thunderwave", "thunderbolt"], "ability": "Clear Body", "evs": {"hp": 85, "atk": 0, "def": 85, "spa": 85, "spd": 85, "spe": 85}, "ivs": {"hp": 31, "atk": 0, "def": 31, "spa": 31, "spd": 31, "spe": 31}, "item": "Heavy-Duty Boots", "teraType": "Electric", "role": "Bulky Attacker", "bvs": {"hp": 80, "atk": 50, "def": 100, "spa": 100, "spd": 200, "spe": 50}, "stats": {"hp": 284, "atk": 93, "def": 226, "spa": 226, "spd": 402, "spe": 138}, "types": ["Ice"]}, "Venusaur": {"name": "Venusaur", "species": "Venusaur", "speciesId": "venusaur", "gender": "F", "shiny": false, "level": 84, "moves": ["earthpower", "sludgebomb", "synthesis", "knockoff"], "ability": "Chlorophyll", "evs": {"hp": 85, "atk": 85, "def": 85, "spa": 85, "spd": 85, "spe": 85}, "ivs": {"hp": 31, "atk": 31, "def": 31, "spa": 31, "spd": 31, "spe": 31}, "item": "Leftovers", "teraType": "Steel", "role": "Bulky Attacker", "bvs": {"hp": 80, "atk": 82, "def": 83, "spa": 100, "spd": 100, "spe": 80}, "stats": {"hp": 272, "atk": 186, "def": 188, "spa": 216, "spd": 216, "spe": 183}, "types": ["Grass", "Poison"]}, "Ting-Lu": {"name": "Ting-Lu", "species": "Ting-Lu", "speciesId": "tinglu", "gender": "N", "shiny": false, "level": 78, "moves": ["whirlwind", "throatchop", "earthquake", "stealthrock"], "ability": "Vessel of Ruin", "evs": {"hp": 85, "atk": 85, "def": 85, "spa": 85, "spd": 85, "spe": 85}, "ivs": {"hp": 31, "atk": 31, "def": 31, "spa": 31, "spd": 31, "spe": 31}, "item": "Leftovers", "teraType": "Poison", "role": "Bulky Support", "bvs": {"hp": 155, "atk": 110, "def": 125, "spa": 55, "spd": 80, "spe": 45}, "stats": {"hp": 370, "atk": 217, "def": 240, "spa": 131, "spd": 170, "spe": 115}, "types": ["Dark", "Ground"]}, "Mewtwo": {"name": "Mewtwo", "species": "Mewtwo", "speciesId": "mewtwo", "gender": "N", "shiny": false, "level": 72, "moves": ["psystrike", "nastyplot", "fireblast", "recover"], "ability": "Pressure", "evs": {"hp": 85, "atk": 0, "def": 85, "spa": 85, "spd": 85, "spe": 85}, "ivs": {"hp": 31, "atk": 0, "def": 31, "spa": 31, "spd": 31, "spe": 31}, "item": "Life Orb", "teraType": "Fire", "role": "Setup Sweeper", "bvs": {"hp": 106, "atk": 110, "def": 90, "spa": 154, "spd": 90, "spe": 130}, "stats": {"hp": 272, "atk": 163, "def": 172, "spa": 264, "spd": 172, "spe": 229}, "types": ["Psychic"]}, "Oricorio": {"name": "Oricorio", "species": "Oricorio", "speciesId": "oricorio", "gender": "F", "shiny": false, "level": 84, "moves": ["hurricane", "roost", "quiverdance", "revelationdance"], "ability": "Dancer", "evs": {"hp": 85, "atk": 0, "def": 85, "spa": 85, "spd": 85, "spe": 85}, "ivs": {"hp": 31, "atk": 0, "def": 31, "spa": 31, "spd": 31, "spe": 31}, "item": "Heavy-Duty Boots", "teraType": "Ground", "role": "Setup Sweeper", "bvs": {"hp": 75, "atk": 70, "def": 70, "spa": 98, "spd": 70, "spe": 93}, "stats": {"hp": 263, "atk": 122, "def": 166, "spa": 213, "spd": 166, "spe": 204}, "types": ["Fire", "Flying"]}, "Toedscruel": {"name": "Toedscruel", "species": "Toedscruel", "speciesId": "toedscruel", "gender": "F", "shiny": false, "level": 87, "moves": ["leafstorm", "toxic", "rapidspin", "earthpower"], "ability": "Mycelium Might", "evs": {"hp": 85, "atk": 85, "def": 85, "spa": 85, "spd": 85, "spe": 85}, "ivs": {"hp": 31, "atk": 31, "def": 31, "spa": 31, "spd": 31, "spe": 31}, "item": "Leftovers", "teraType": "Water", "role": "Bulky Support", "bvs": {"hp": 80, "atk": 70, "def": 65, "spa": 80, "spd": 120, "spe": 100}, "stats": {"hp": 281, "atk": 172, "def": 163, "spa": 189, "spd": 259, "spe": 224}, "types": ["Ground", "Grass"]}}, {"Tropius": {"name": "Tropius", "species": "Tropius", "speciesId": "tropius", "gender": "F", "shiny": false, "level": 91, "moves": ["leechseed", "airslash", "substitute", "protect"], "ability": "Harvest", "evs": {"hp": 85, "atk": 0, "def": 85, "spa": 85, "spd": 85, "spe": 85}, "ivs": {"hp": 31, "atk": 0, "def": 31, "spa": 31, "spd": 31, "spe": 31}, "item": "Sitrus Berry", "teraType": "Steel", "role": "Bulky Support", "bvs": {"hp": 99, "atk": 68, "def": 83, "spa": 72, "spd": 87, "spe": 51}, "stats": {"hp": 328, "atk": 128, "def": 203, "spa": 183, "spd": 210, "spe": 145}, "types": ["Grass", "Flying"]}, "Drednaw": {"name": "Drednaw", "species": "Drednaw", "speciesId": "drednaw", "gender": "F", "shiny": false, "level": 81, "moves": ["stoneedge", "liquidation", "shellsmash", "earthquake"], "ability": "Shell Armor", "evs": {"hp": 85, "atk": 85, "def": 85, "spa": 85, "spd": 85, "spe": 85}, "ivs": {"hp": 31, "atk": 31, "def": 31, "spa": 31, "spd": 31, "spe": 31}, "item": "White Herb", "teraType": "Water", "role": "Fast Bulky Setup", "bvs": {"hp": 90, "atk": 115, "def": 90, "spa": 48, "spd": 68, "spe": 74}, "stats": {"hp": 278, "atk": 233, "def": 192, "spa": 124, "spd": 157, "spe": 167}, "types": ["Water", "Rock"]}, "Palkia": {"name": "Palkia", "species": "Palkia", "speciesId": "palkia", "gender": "N", "shiny": false, "level": 75, "moves": ["fireblast", "spacialrend", "hydropump", "dracometeor"], "ability": "Pressure", "evs": {"hp": 85, "atk": 0, "def": 85, "spa": 85, "spd": 85, "spe": 85}, "ivs": {"hp": 31, "atk": 0, "def": 31, "spa": 31, "spd": 31, "spe": 31}, "item": "Choice Scarf", "teraType": "Water", "role": "Fast Attacker", "bvs": {"hp": 90, "atk": 120, "def": 100, "spa": 150, "spd": 120, "spe": 100}, "stats": {"hp": 259, "atk": 185, "def": 194, "spa": 269, "spd": 224, "spe": 194}, "types": ["Water", "Dragon"]}, "Sinistcha": {"name": "Sinistcha", "species": "Sinistcha-Masterpiece", "speciesId": "sinistcha", "gender": "N", "shiny": false, "level": 83, "moves": ["calmmind", "matchagotcha", "shadowball", "strengthsap"], "ability": "Heatproof", "evs": {"hp": 85, "atk": 0, "def": 85, "spa": 85, "spd": 85, "spe": 85}, "ivs": {"hp": 31, "atk": 0, "def": 31, "spa": 31, "spd": 31, "spe": 31}, "item": "Leftovers", "teraType": "Steel", "role": "Bulky Setup", "bvs": {"hp": 71, "atk": 60, "def": 106, "spa": 121, "spd": 80, "spe": 70}, "stats": {"hp": 254, "atk": 104, "def": 224, "spa": 249, "spd": 180, "spe": 164}, "types": ["Grass", "Ghost"]}, "Jolteon": {"name": "Jolteon", "species": "Jolteon", "speciesId": "jolteon", "gender": "M", "shiny": false, "level": 84, "moves": ["alluringvoice", "thunderbolt", "shadowball", "calmmind"], "ability": "Volt Absorb", "evs": {"hp": 85, "atk": 0, "def": 85, "spa": 85, "spd": 85, "spe": 85}, "ivs": {"hp": 31, "atk": 0, "def": 31, "spa": 31, "spd": 31, "spe": 31}, "item": "Life Orb", "teraType": "Electric", "role": "Fast Attacker", "bvs": {"hp": 65, "atk": 65, "def": 60, "spa": 110, "spd": 95, "spe": 130}, "stats": {"hp": 246, "atk": 114, "def": 149, "spa": 233, "spd": 208, "spe": 267}, "types": ["Electric"]}, "Electrode": {"name": "Electrode", "species": "Electrode", "speciesId": "electrode", "gender": "N", "shiny": false, "level": 92, "moves": ["voltswitch", "thunderbolt", "taunt", "terablast"], "ability": "Soundproof", "evs": {"hp": 85, "atk": 0, "def": 85, "spa": 85, "spd": 85, "spe": 85}, "ivs": {"hp": 31, "atk": 0, "def": 31, "spa": 31, "spd": 31, "spe": 31}, "item": "Life Orb", "teraType": "Ice", "role": "Tera Blast user", "bvs": {"hp": 60, "atk": 50, "def": 70, "spa": 80, "spd": 80, "spe": 150}, "stats": {"hp": 260, "atk": 97, "def": 181, "spa": 200, "spd": 200, "spe": 328}, "types": ["Electric"]}}]}