{"id": "gen9randombattle-2641662239", "format": "[Gen 9] Random Battle", "players": ["phoenix117", "Spals"], "log": "|j|\u2606phoenix117\n|j|\u2606Spals\n|t:|1782826599\n|gametype|singles\n|player|p1|phoenix117|alder|2064\n|player|p2|Spals|fisherman-gen4|2021\n|gen|9\n|tier|[Gen 9] Random Battle\n|rated|\n|rule|Species Clause: Limit one of each Pok\u00e9mon\n|rule|HP Percentage Mod: HP is shown in percentages\n|rule|Sleep Clause Mod: Limit one foe put to sleep\n|rule|Illusion Level Mod: Illusion disguises the Pok\u00e9mon's true level\n|\n|t:|1782826599\n|teamsize|p1|6\n|teamsize|p2|6\n|start\n|switch|p1a: Gardevoir|Gardevoir, L83, F|249/249\n|switch|p2a: Bastiodon|Bastiodon, L89, M|252/252\n|-ability|p1a: Gardevoir|Soundproof|Trace|[from] ability: Trace|[of] p2a: Bastiodon\n|turn|1\n|inactive|Battle timer is ON: inactive players will automatically lose when time's up. (requested by Spals)\n|inactive|phoenix117 has 120 seconds left.\n|\n|t:|1782826650\n|switch|p1a: Toedscruel|Toedscruel, L87, M|281/281\n|switch|p2a: Araquanid|Araquanid, L82, M|246/246\n|\n|upkeep\n|turn|2\n|\n|t:|1782826662\n|move|p2a: Araquanid|Sticky Web|p1a: Toedscruel\n|-sidestart|p1: phoenix117|move: Sticky Web\n|move|p1a: Toedscruel|Toxic|p2a: Araquanid\n|-status|p2a: Araquanid|tox\n|\n|-damage|p2a: Araquanid|231/246 tox|[from] psn\n|upkeep\n|turn|3\n|\n|t:|1782826685\n|move|p1a: Toedscruel|Rapid Spin|p2a: Araquanid\n|-damage|p2a: Araquanid|202/246 tox\n|-boost|p1a: Toedscruel|spe|1\n|-sideend|p1: phoenix117|Sticky Web|[from] move: Rapid Spin|[of] p1a: Toedscruel\n|move|p2a: Araquanid|Liquidation|p1a: Toedscruel\n|-damage|p1a: Toedscruel|133/281\n|\n|-heal|p1a: Toedscruel|150/281|[from] item: Leftovers\n|-damage|p2a: Araquanid|172/246 tox|[from] psn\n|upkeep\n|turn|4\n|inactive|phoenix117 has 120 seconds left.\n|\n|t:|1782826713\n|switch|p1a: Pawmot|Pawmot, L80, F|243/243\n|move|p2a: Araquanid|Leech Life|p1a: Pawmot\n|-resisted|p1a: Pawmot\n|-damage|p1a: Pawmot|204/243\n|-heal|p2a: Araquanid|192/246 tox|[from] drain|[of] p1a: Pawmot\n|\n|-damage|p2a: Araquanid|147/246 tox|[from] psn\n|upkeep\n|turn|5\n|inactive|phoenix117 has 120 seconds left.\n|\n|t:|1782826719\n|switch|p2a: Gliscor|Gliscor, L76, F|239/239\n|move|p1a: Pawmot|Double Shock|p2a: Gliscor\n|-immune|p2a: Gliscor\n|\n|-status|p2a: Gliscor|tox|[from] item: Toxic Orb\n|upkeep\n|turn|6\n|inactive|phoenix117 has 120 seconds left.\n|\n|t:|1782826739\n|move|p2a: Gliscor|Protect|p2a: Gliscor\n|-singleturn|p2a: Gliscor|Protect\n|move|p1a: Pawmot|Ice Punch|p2a: Gliscor\n|-activate|p2a: Gliscor|move: Protect\n|\n|upkeep\n|turn|7\n|inactive|phoenix117 has 120 seconds left.\n|\n|t:|1782826759\n|switch|p1a: Gardevoir|Gardevoir, L83, F|249/249\n|-ability|p1a: Gardevoir|Poison Heal|Trace|[from] ability: Trace|[of] p2a: Gliscor\n|switch|p2a: Mesprit|Mesprit, L85|275/275\n|\n|upkeep\n|turn|8\n|\n|t:|1782826779\n|move|p1a: Gardevoir|Moonblast|p2a: Mesprit\n|-damage|p2a: Mesprit|211/275\n|move|p2a: Mesprit|Knock Off|p1a: Gardevoir\n|-crit|p1a: Gardevoir\n|-damage|p1a: Gardevoir|112/249\n|-enditem|p1a: Gardevoir|Choice Scarf|[from] move: Knock Off|[of] p2a: Mesprit\n|\n|upkeep\n|turn|9\n|\n|t:|1782826798\n|move|p2a: Mesprit|Knock Off|p1a: Gardevoir\n|-damage|p1a: Gardevoir|52/249\n|move|p1a: Gardevoir|Moonblast|p2a: Mesprit\n|-damage|p2a: Mesprit|144/275\n|\n|upkeep\n|turn|10\n|inactive|phoenix117 has 90 seconds left.\n|\n|t:|1782826827\n|switch|p1a: Fezandipiti|Fezandipiti, L82, M|278/278\n|move|p2a: Mesprit|Knock Off|p1a: Fezandipiti\n|-resisted|p1a: Fezandipiti\n|-damage|p1a: Fezandipiti|237/278\n|-enditem|p1a: Fezandipiti|Leftovers|[from] move: Knock Off|[of] p2a: Mesprit\n|\n|upkeep\n|turn|11\n|inactive|phoenix117 has 90 seconds left.\n|\n|t:|1782826847\n|move|p1a: Fezandipiti|Beat Up|p2a: Mesprit\n|-supereffective|p2a: Mesprit\n|-damage|p2a: Mesprit|126/275\n|-supereffective|p2a: Mesprit\n|-damage|p2a: Mesprit|106/275\n|-supereffective|p2a: Mesprit\n|-damage|p2a: Mesprit|90/275\n|-status|p2a: Mesprit|tox|[from] ability: Toxic Chain|[of] p1a: Fezandipiti\n|-supereffective|p2a: Mesprit\n|-damage|p2a: Mesprit|76/275 tox\n|-supereffective|p2a: Mesprit\n|-damage|p2a: Mesprit|56/275 tox\n|-supereffective|p2a: Mesprit\n|-damage|p2a: Mesprit|36/275 tox\n|-hitcount|p2a: Mesprit|6\n|move|p2a: Mesprit|Psychic Noise|p1a: Fezandipiti\n|-supereffective|p1a: Fezandipiti\n|-damage|p1a: Fezandipiti|105/278\n|-start|p1a: Fezandipiti|move: Heal Block\n|\n|-damage|p2a: Mesprit|19/275 tox|[from] psn\n|upkeep\n|turn|12\n|\n|t:|1782826855\n|move|p1a: Fezandipiti|Moonblast|p2a: Mesprit\n|-damage|p2a: Mesprit|0 fnt\n|faint|p2a: Mesprit\n|\n|-end|p1a: Fezandipiti|move: Heal Block\n|upkeep\n|\n|t:|1782826862\n|switch|p2a: Araquanid|Araquanid, L82, M|147/246 tox\n|turn|13\n|\n|t:|1782826869\n|move|p1a: Fezandipiti|Roost|p1a: Fezandipiti\n|-heal|p1a: Fezandipiti|244/278\n|-singleturn|p1a: Fezandipiti|move: Roost\n|move|p2a: Araquanid|Sticky Web|p1a: Fezandipiti\n|-sidestart|p1: phoenix117|move: Sticky Web\n|\n|-damage|p2a: Araquanid|132/246 tox|[from] psn\n|upkeep\n|turn|14\n|\n|t:|1782826874\n|move|p1a: Fezandipiti|Gunk Shot|p2a: Araquanid\n|-damage|p2a: Araquanid|11/246 tox\n|move|p2a: Araquanid|Liquidation|p1a: Fezandipiti\n|-damage|p1a: Fezandipiti|112/278\n|-unboost|p1a: Fezandipiti|def|1\n|\n|-damage|p2a: Araquanid|0 fnt|[from] psn\n|faint|p2a: Araquanid\n|upkeep\n|\n|t:|1782826889\n|switch|p2a: Forretress|Forretress, L84, F|263/263\n|turn|15\n|inactive|phoenix117 has 120 seconds left.\n|\n|t:|1782826900\n|switch|p1a: Ting-Lu|Ting-Lu, L78|370/370\n|-activate|p1a: Ting-Lu|move: Sticky Web\n|-unboost|p1a: Ting-Lu|spe|1\n|-ability|p1a: Ting-Lu|Vessel of Ruin\n|move|p2a: Forretress|Iron Head|p1a: Ting-Lu\n|-damage|p1a: Ting-Lu|306/370\n|\n|-heal|p1a: Ting-Lu|329/370|[from] item: Leftovers\n|upkeep\n|turn|16\n|\n|t:|1782826907\n|move|p2a: Forretress|Stealth Rock|p1a: Ting-Lu\n|-sidestart|p1: phoenix117|move: Stealth Rock\n|move|p1a: Ting-Lu|Stealth Rock|p2a: Forretress\n|-sidestart|p2: Spals|move: Stealth Rock\n|\n|-heal|p1a: Ting-Lu|352/370|[from] item: Leftovers\n|upkeep\n|turn|17\n|\n|t:|1782826919\n|move|p2a: Forretress|Rapid Spin|p1a: Ting-Lu\n|-crit|p1a: Ting-Lu\n|-damage|p1a: Ting-Lu|306/370\n|-boost|p2a: Forretress|spe|1\n|-sideend|p2: Spals|Stealth Rock|[from] move: Rapid Spin|[of] p2a: Forretress\n|move|p1a: Ting-Lu|Ruination|p2a: Forretress\n|-damage|p2a: Forretress|132/263\n|\n|-heal|p2a: Forretress|148/263|[from] item: Leftovers\n|-heal|p1a: Ting-Lu|329/370|[from] item: Leftovers\n|upkeep\n|turn|18\n|inactive|phoenix117 has 120 seconds left.\n|\n|t:|1782826945\n|move|p2a: Forretress|Toxic Spikes|p1a: Ting-Lu\n|-sidestart|p1: phoenix117|move: Toxic Spikes\n|move|p1a: Ting-Lu|Stealth Rock|p2a: Forretress\n|-sidestart|p2: Spals|move: Stealth Rock\n|\n|-heal|p2a: Forretress|164/263|[from] item: Leftovers\n|-heal|p1a: Ting-Lu|352/370|[from] item: Leftovers\n|upkeep\n|turn|19\n|inactive|phoenix117 has 120 seconds left.\n|\n|t:|1782826951\n|move|p2a: Forretress|Rapid Spin|p1a: Ting-Lu\n|-damage|p1a: Ting-Lu|324/370\n|-boost|p2a: Forretress|spe|1\n|-sideend|p2: Spals|Stealth Rock|[from] move: Rapid Spin|[of] p2a: Forretress\n|move|p1a: Ting-Lu|Payback|p2a: Forretress\n|-damage|p2a: Forretress|92/263\n|\n|-heal|p2a: Forretress|108/263|[from] item: Leftovers\n|-heal|p1a: Ting-Lu|347/370|[from] item: Leftovers\n|upkeep\n|turn|20\n|inactive|phoenix117 has 120 seconds left.\n|\n|t:|1782826968\n|switch|p2a: Gliscor|Gliscor, L76, F|239/239 tox\n|move|p1a: Ting-Lu|Payback|p2a: Gliscor\n|-crit|p2a: Gliscor\n|-damage|p2a: Gliscor|175/239 tox\n|\n|-heal|p1a: Ting-Lu|370/370|[from] item: Leftovers\n|-heal|p2a: Gliscor|204/239 tox|[from] ability: Poison Heal\n|upkeep\n|turn|21\n|\n|t:|1782826972\n|move|p2a: Gliscor|Toxic|p1a: Ting-Lu|[miss]\n|-miss|p2a: Gliscor|p1a: Ting-Lu\n|move|p1a: Ting-Lu|Stealth Rock|p2a: Gliscor\n|-sidestart|p2: Spals|move: Stealth Rock\n|\n|-heal|p2a: Gliscor|233/239 tox|[from] ability: Poison Heal\n|upkeep\n|turn|22\n|\n|t:|1782826989\n|switch|p1a: Gardevoir|Gardevoir, L83, F|52/249\n|-activate|p1a: Gardevoir|move: Sticky Web\n|-unboost|p1a: Gardevoir|spe|1\n|-damage|p1a: Gardevoir|21/249|[from] Stealth Rock\n|-status|p1a: Gardevoir|psn\n|-ability|p1a: Gardevoir|Poison Heal|Trace|[from] ability: Trace|[of] p2a: Gliscor\n|move|p2a: Gliscor|Knock Off|p1a: Gardevoir\n|-damage|p1a: Gardevoir|0 fnt\n|faint|p1a: Gardevoir\n|\n|-heal|p2a: Gliscor|239/239 tox|[from] ability: Poison Heal\n|upkeep\n|\n|t:|1782826997\n|switch|p1a: Toedscruel|Toedscruel, L87, M|150/281\n|-activate|p1a: Toedscruel|move: Sticky Web\n|-unboost|p1a: Toedscruel|spe|1\n|-damage|p1a: Toedscruel|133/281|[from] Stealth Rock\n|-status|p1a: Toedscruel|psn\n|turn|23\n|\n|t:|1782827004\n|move|p2a: Gliscor|Protect|p2a: Gliscor\n|-singleturn|p2a: Gliscor|Protect\n|move|p1a: Toedscruel|Rapid Spin|p2a: Gliscor\n|-activate|p2a: Gliscor|move: Protect\n|\n|-heal|p1a: Toedscruel|150/281 psn|[from] item: Leftovers\n|-damage|p1a: Toedscruel|115/281 psn|[from] psn\n|upkeep\n|turn|24\n|\n|t:|1782827023\n|move|p2a: Gliscor|Knock Off|p1a: Toedscruel\n|-damage|p1a: Toedscruel|51/281 psn\n|-enditem|p1a: Toedscruel|Leftovers|[from] move: Knock Off|[of] p2a: Gliscor\n|move|p1a: Toedscruel|Rapid Spin|p2a: Gliscor\n|-damage|p2a: Gliscor|214/239 tox\n|-boost|p1a: Toedscruel|spe|1\n|-sideend|p1: phoenix117|Toxic Spikes|[from] move: Rapid Spin|[of] p1a: Toedscruel\n|-sideend|p1: phoenix117|Stealth Rock|[from] move: Rapid Spin|[of] p1a: Toedscruel\n|-sideend|p1: phoenix117|Sticky Web|[from] move: Rapid Spin|[of] p1a: Toedscruel\n|\n|-damage|p1a: Toedscruel|16/281 psn|[from] psn\n|-heal|p2a: Gliscor|239/239 tox|[from] ability: Poison Heal\n|upkeep\n|turn|25\n|\n|t:|1782827048\n|move|p2a: Gliscor|Protect|p2a: Gliscor\n|-singleturn|p2a: Gliscor|Protect\n|move|p1a: Toedscruel|Giga Drain|p2a: Gliscor\n|-activate|p2a: Gliscor|move: Protect\n|\n|-damage|p1a: Toedscruel|0 fnt|[from] psn\n|faint|p1a: Toedscruel\n|upkeep\n|\n|t:|1782827050\n|switch|p1a: Pawmot|Pawmot, L80, F|204/243\n|turn|26\n|\n|t:|1782827057\n|-terastallize|p2a: Gliscor|Water\n|move|p1a: Pawmot|Revival Blessing|p1a: Pawmot\n|\n|t:|1782827068\n|-heal|p1: Toedscruel|140/281|[from] move: Revival Blessing\n|move|p2a: Gliscor|Earthquake|p1a: Pawmot\n|-supereffective|p1a: Pawmot\n|-damage|p1a: Pawmot|0 fnt\n|faint|p1a: Pawmot\n|\n|upkeep\n|\n|t:|1782827080\n|switch|p1a: Toedscruel|Toedscruel, L87, M|140/281\n|turn|27\n|\n|t:|1782827083\n|move|p1a: Toedscruel|Giga Drain|p2a: Gliscor\n|-supereffective|p2a: Gliscor\n|-damage|p2a: Gliscor|53/239 tox\n|-heal|p1a: Toedscruel|233/281|[from] drain|[of] p2a: Gliscor\n|move|p2a: Gliscor|Toxic|p1a: Toedscruel\n|-status|p1a: Toedscruel|tox\n|\n|-damage|p1a: Toedscruel|216/281 tox|[from] psn\n|-heal|p2a: Gliscor|82/239 tox|[from] ability: Poison Heal\n|upkeep\n|turn|28\n|\n|t:|1782827091\n|switch|p1a: Heracross|Heracross, L80, M|259/259\n|move|p2a: Gliscor|Protect||[still]\n|-fail|p2a: Gliscor\n|\n|-heal|p2a: Gliscor|111/239 tox|[from] ability: Poison Heal\n|upkeep\n|turn|29\n|\n|t:|1782827100\n|move|p2a: Gliscor|Protect|p2a: Gliscor\n|-singleturn|p2a: Gliscor|Protect\n|move|p1a: Heracross|Close Combat|p2a: Gliscor\n|-activate|p2a: Gliscor|move: Protect\n|\n|-heal|p2a: Gliscor|140/239 tox|[from] ability: Poison Heal\n|upkeep\n|turn|30\n|\n|t:|1782827124\n|switch|p2a: Bastiodon|Bastiodon, L89, M|252/252\n|-damage|p2a: Bastiodon|237/252|[from] Stealth Rock\n|-terastallize|p1a: Heracross|Fighting\n|move|p1a: Heracross|Close Combat|p2a: Bastiodon\n|-supereffective|p2a: Bastiodon\n|-damage|p2a: Bastiodon|0 fnt\n|-unboost|p1a: Heracross|def|1\n|-unboost|p1a: Heracross|spd|1\n|faint|p2a: Bastiodon\n|-ability|p1a: Heracross|Moxie|boost\n|-boost|p1a: Heracross|atk|1\n|\n|upkeep\n|\n|t:|1782827126\n|switch|p2a: Meowstic|Meowstic, L89, M|277/277\n|-damage|p2a: Meowstic|243/277|[from] Stealth Rock\n|turn|31\n|\n|t:|1782827140\n|switch|p1a: Ting-Lu|Ting-Lu, L78|370/370\n|-ability|p1a: Ting-Lu|Vessel of Ruin\n|move|p2a: Meowstic|Reflect|p2a: Meowstic\n|-sidestart|p2: Spals|Reflect\n|\n|upkeep\n|turn|32\n|\n|t:|1782827146\n|switch|p2a: Forretress|Forretress, L84, F|108/263\n|-damage|p2a: Forretress|76/263|[from] Stealth Rock\n|move|p1a: Ting-Lu|Ruination|p2a: Forretress\n|-damage|p2a: Forretress|38/263\n|\n|-heal|p2a: Forretress|54/263|[from] item: Leftovers\n|upkeep\n|turn|33\n|\n|t:|1782827154\n|switch|p1a: Toedscruel|Toedscruel, L87, M|216/281 tox\n|move|p2a: Forretress|Rapid Spin|p1a: Toedscruel\n|-damage|p1a: Toedscruel|174/281 tox\n|-boost|p2a: Forretress|spe|1\n|-sideend|p2: Spals|Stealth Rock|[from] move: Rapid Spin|[of] p2a: Forretress\n|\n|-heal|p2a: Forretress|70/263|[from] item: Leftovers\n|-damage|p1a: Toedscruel|157/281 tox|[from] psn\n|upkeep\n|turn|34\n|\n|t:|1782827162\n|switch|p2a: Gliscor|Gliscor, L76, F, tera:Water|140/239 tox\n|move|p1a: Toedscruel|Earth Power|p2a: Gliscor\n|-crit|p2a: Gliscor\n|-damage|p2a: Gliscor|0 fnt\n|faint|p2a: Gliscor\n|\n|-damage|p1a: Toedscruel|123/281 tox|[from] psn\n|upkeep\n|\n|t:|1782827166\n|switch|p2a: Meowstic|Meowstic, L89, M|243/277\n|turn|35\n|\n|t:|1782827174\n|move|p2a: Meowstic|Light Screen|p2a: Meowstic\n|-sidestart|p2: Spals|move: Light Screen\n|move|p1a: Toedscruel|Toxic|p2a: Meowstic\n|-status|p2a: Meowstic|tox\n|\n|-damage|p2a: Meowstic|226/277 tox|[from] psn\n|-damage|p1a: Toedscruel|72/281 tox|[from] psn\n|upkeep\n|turn|36\n|l|\u2606Spals\n|inactive|Spals disconnected and has a minute to reconnect!\n|player|p2|\n|\n|t:|1782827185\n|switch|p2a: Forretress|Forretress, L84, F|70/263\n|move|p1a: Toedscruel|Giga Drain|p2a: Forretress\n|-resisted|p2a: Forretress\n|-damage|p2a: Forretress|58/263\n|-heal|p1a: Toedscruel|78/281 tox|[from] drain|[of] p2a: Forretress\n|\n|-heal|p2a: Forretress|74/263|[from] item: Leftovers\n|-damage|p1a: Toedscruel|10/281 tox|[from] psn\n|upkeep\n|turn|37\n|inactive|Spals has 30 seconds to reconnect!\n|inactive|Spals has 20 seconds to reconnect!\n|inactive|Spals has 15 seconds to reconnect!\n|inactive|Spals has 10 seconds to reconnect!\n|inactive|Spals has 5 seconds to reconnect!\n|-message|Spals lost due to inactivity.\n|\n|win|phoenix117\n", "inputlog": ">version f8ac14003a5f27e1bdc8d8c59608a773c1cb96e5\n>start {\"formatid\":\"gen9randombattle\",\"seed\":\"sodium,756a00c2449af9e2c366bd4a6bc3c35f\",\"rated\":\"Rated battle\"}\n>player p1 {\"name\":\"phoenix117\",\"avatar\":\"alder\",\"rating\":2064,\"seed\":\"sodium,a1c2d32bc0de514d314ad91ae8de7538\"}\n>player p2 {\"name\":\"Spals\",\"avatar\":\"fisherman-gen4\",\"rating\":2021,\"seed\":\"sodium,0feb7b4783dd7ca146d0a593ac851959\"}\n>p1 switch 2\n>p2 switch 3\n>p1 move toxic\n>p2 move stickyweb\n>p1 move rapidspin\n>p2 move liquidation\n>p1 switch 3\n>p2 move leechlife\n>p1 move doubleshock\n>p2 switch 5\n>p1 move icepunch\n>p2 move protect\n>p1 switch 2\n>p2 switch 2\n>p1 move moonblast\n>p2 move knockoff\n>p1 move moonblast\n>p2 move knockoff\n>p1 switch 4\n>p2 move knockoff\n>p1 move beatup\n>p2 move psychicnoise\n>p1 move moonblast\n>p2 move psychicnoise\n>p2 switch 5\n>p1 move roost\n>p2 move stickyweb\n>p1 move gunkshot\n>p2 move liquidation\n>p2 switch 6\n>p1 switch 5\n>p2 move ironhead\n>p1 move stealthrock\n>p2 move stealthrock\n>p1 move ruination\n>p2 move rapidspin\n>p1 move stealthrock\n>p2 move toxicspikes\n>p1 move payback\n>p2 move rapidspin\n>p1 move payback\n>p2 switch 2\n>p1 move stealthrock\n>p2 move toxic\n>p1 switch 4\n>p2 move knockoff\n>p1 switch 3\n>p1 move rapidspin\n>p2 move protect\n>p1 move rapidspin\n>p2 move knockoff\n>p1 move gigadrain\n>p2 move protect\n>p1 switch 2\n>p1 move revivalblessing\n>p2 move earthquake terastallize\n>p1 switch 2\n>p1 switch 2\n>p1 move gigadrain\n>p2 move toxic\n>p1 switch 6\n>p2 move protect\n>p1 move closecombat\n>p2 move protect\n>p1 move closecombat terastallize\n>p2 switch 3\n>p2 switch 4\n>p1 switch 4\n>p2 move reflect\n>p1 move ruination\n>p2 switch 2\n>p1 switch 6\n>p2 move rapidspin\n>p1 move earthpower\n>p2 switch 3\n>p2 switch 2\n>p1 move toxic\n>p2 move lightscreen\n>p1 move gigadrain\n>p2 switch 3\n>forcelose p2", "uploadtime": 1782826600, "views": 5, "formatid": "gen9randombattle", "rating": null, "private": 0, "password": null, "player_dets": [{"name": "phoenix117", "avatar": "alder", "rating": 2064, "seed": "sodium,a1c2d32bc0de514d314ad91ae8de7538"}, {"name": "Spals", "avatar": "fisherman-gen4", "rating": 2021, "seed": "sodium,0feb7b4783dd7ca146d0a593ac851959"}], "teams_full": [{"Gardevoir": {"name": "Gardevoir", "species": "Gardevoir", "speciesId": "gardevoir", "gender": "F", "shiny": false, "level": 83, "moves": ["healingwish", "psychic", "mysticalfire", "moonblast"], "ability": "Trace", "evs": {"hp": 85, "atk": 0, "def": 85, "spa": 85, "spd": 85, "spe": 85}, "ivs": {"hp": 31, "atk": 0, "def": 31, "spa": 31, "spd": 31, "spe": 31}, "item": "Choice Scarf", "teraType": "Fire", "role": "Fast Attacker", "bvs": {"hp": 68, "atk": 65, "def": 65, "spa": 125, "spd": 115, "spe": 80}, "stats": {"hp": 249, "atk": 112, "def": 156, "spa": 255, "spd": 239, "spe": 180}, "types": ["Psychic", "Fairy"]}, "Toedscruel": {"name": "Toedscruel", "species": "Toedscruel", "speciesId": "toedscruel", "gender": "M", "shiny": false, "level": 87, "moves": ["toxic", "earthpower", "rapidspin", "gigadrain"], "ability": "Mycelium Might", "evs": {"hp": 85, "atk": 85, "def": 85, "spa": 85, "spd": 85, "spe": 85}, "ivs": {"hp": 31, "atk": 31, "def": 31, "spa": 31, "spd": 31, "spe": 31}, "item": "Leftovers", "teraType": "Water", "role": "Bulky Support", "bvs": {"hp": 80, "atk": 70, "def": 65, "spa": 80, "spd": 120, "spe": 100}, "stats": {"hp": 281, "atk": 172, "def": 163, "spa": 189, "spd": 259, "spe": 224}, "types": ["Ground", "Grass"]}, "Pawmot": {"name": "Pawmot", "species": "Pawmot", "speciesId": "pawmot", "gender": "F", "shiny": false, "level": 80, "moves": ["closecombat", "icepunch", "revivalblessing", "doubleshock"], "ability": "Iron Fist", "evs": {"hp": 85, "atk": 85, "def": 85, "spa": 85, "spd": 85, "spe": 85}, "ivs": {"hp": 31, "atk": 31, "def": 31, "spa": 31, "spd": 31, "spe": 31}, "item": "Life Orb", "teraType": "Electric", "role": "Wallbreaker", "bvs": {"hp": 70, "atk": 115, "def": 70, "spa": 70, "spd": 60, "spe": 105}, "stats": {"hp": 243, "atk": 230, "def": 158, "spa": 158, "spd": 142, "spe": 214}, "types": ["Electric", "Fighting"]}, "Fezandipiti": {"name": "Fezandipiti", "species": "Fezandipiti", "speciesId": "fezandipiti", "gender": "M", "shiny": false, "level": 82, "moves": ["beatup", "roost", "gunkshot", "moonblast"], "ability": "Toxic Chain", "evs": {"hp": 85, "atk": 85, "def": 85, "spa": 85, "spd": 85, "spe": 85}, "ivs": {"hp": 31, "atk": 31, "def": 31, "spa": 31, "spd": 31, "spe": 31}, "item": "Leftovers", "teraType": "Dark", "role": "Bulky Attacker", "bvs": {"hp": 88, "atk": 91, "def": 82, "spa": 70, "spd": 125, "spe": 99}, "stats": {"hp": 278, "atk": 196, "def": 182, "spa": 162, "spd": 252, "spe": 210}, "types": ["Poison", "Fairy"]}, "Ting-Lu": {"name": "Ting-Lu", "species": "Ting-Lu", "speciesId": "tinglu", "gender": "N", "shiny": false, "level": 78, "moves": ["earthquake", "stealthrock", "ruination", "payback"], "ability": "Vessel of Ruin", "evs": {"hp": 85, "atk": 85, "def": 85, "spa": 85, "spd": 85, "spe": 85}, "ivs": {"hp": 31, "atk": 31, "def": 31, "spa": 31, "spd": 31, "spe": 31}, "item": "Leftovers", "teraType": "Poison", "role": "Bulky Attacker", "bvs": {"hp": 155, "atk": 110, "def": 125, "spa": 55, "spd": 80, "spe": 45}, "stats": {"hp": 370, "atk": 217, "def": 240, "spa": 131, "spd": 170, "spe": 115}, "types": ["Dark", "Ground"]}, "Heracross": {"name": "Heracross", "species": "Heracross", "speciesId": "heracross", "gender": "M", "shiny": false, "level": 80, "moves": ["closecombat", "megahorn", "earthquake", "knockoff"], "ability": "Moxie", "evs": {"hp": 85, "atk": 85, "def": 85, "spa": 85, "spd": 85, "spe": 85}, "ivs": {"hp": 31, "atk": 31, "def": 31, "spa": 31, "spd": 31, "spe": 31}, "item": "Choice Band", "teraType": "Fighting", "role": "Fast Attacker", "bvs": {"hp": 80, "atk": 125, "def": 75, "spa": 40, "spd": 95, "spe": 85}, "stats": {"hp": 259, "atk": 246, "def": 166, "spa": 110, "spd": 198, "spe": 182}, "types": ["Bug", "Fighting"]}}, {"Bastiodon": {"name": "Bastiodon", "species": "Bastiodon", "speciesId": "bastiodon", "gender": "M", "shiny": false, "level": 89, "moves": ["bodypress", "foulplay", "rest", "irondefense"], "ability": "Soundproof", "evs": {"hp": 85, "atk": 0, "def": 85, "spa": 85, "spd": 85, "spe": 85}, "ivs": {"hp": 31, "atk": 0, "def": 31, "spa": 31, "spd": 31, "spe": 31}, "item": "Chesto Berry", "teraType": "Fighting", "role": "Bulky Setup", "bvs": {"hp": 60, "atk": 52, "def": 168, "spa": 47, "spd": 138, "spe": 30}, "stats": {"hp": 252, "atk": 97, "def": 350, "spa": 134, "spd": 296, "spe": 104}, "types": ["Rock", "Steel"]}, "Mesprit": {"name": "Mesprit", "species": "Mesprit", "speciesId": "mesprit", "gender": "N", "shiny": false, "level": 85, "moves": ["knockoff", "drainpunch", "psychicnoise", "thunderbolt"], "ability": "Levitate", "evs": {"hp": 85, "atk": 85, "def": 85, "spa": 85, "spd": 85, "spe": 85}, "ivs": {"hp": 31, "atk": 31, "def": 31, "spa": 31, "spd": 31, "spe": 31}, "item": "Assault Vest", "teraType": "Dark", "role": "Bulky Attacker", "bvs": {"hp": 80, "atk": 105, "def": 105, "spa": 105, "spd": 105, "spe": 80}, "stats": {"hp": 275, "atk": 227, "def": 227, "spa": 227, "spd": 227, "spe": 185}, "types": ["Psychic"]}, "Araquanid": {"name": "Araquanid", "species": "Araquanid", "speciesId": "araquanid", "gender": "M", "shiny": false, "level": 82, "moves": ["hydropump", "stickyweb", "leechlife", "liquidation"], "ability": "Water Bubble", "evs": {"hp": 85, "atk": 85, "def": 85, "spa": 85, "spd": 85, "spe": 85}, "ivs": {"hp": 31, "atk": 31, "def": 31, "spa": 31, "spd": 31, "spe": 31}, "item": "Heavy-Duty Boots", "teraType": "Ground", "role": "Bulky Attacker", "bvs": {"hp": 68, "atk": 70, "def": 92, "spa": 50, "spd": 132, "spe": 42}, "stats": {"hp": 246, "atk": 162, "def": 198, "spa": 129, "spd": 264, "spe": 116}, "types": ["Water", "Bug"]}, "Meowstic": {"name": "Meowstic", "species": "Meowstic", "speciesId": "meowstic", "gender": "M", "shiny": false, "level": 89, "moves": ["lightscreen", "reflect", "thunderwave", "psychicnoise"], "ability": "Prankster", "evs": {"hp": 85, "atk": 0, "def": 85, "spa": 85, "spd": 85, "spe": 85}, "ivs": {"hp": 31, "atk": 0, "def": 31, "spa": 31, "spd": 31, "spe": 31}, "item": "Light Clay", "teraType": "Fairy", "role": "Bulky Support", "bvs": {"hp": 74, "atk": 48, "def": 76, "spa": 83, "spd": 81, "spe": 104}, "stats": {"hp": 277, "atk": 90, "def": 186, "spa": 199, "spd": 195, "spe": 236}, "types": ["Psychic"]}, "Gliscor": {"name": "Gliscor", "species": "Gliscor", "speciesId": "gliscor", "gender": "F", "shiny": false, "level": 76, "moves": ["protect", "toxic", "earthquake", "knockoff"], "ability": "Poison Heal", "evs": {"hp": 85, "atk": 85, "def": 85, "spa": 85, "spd": 85, "spe": 85}, "ivs": {"hp": 31, "atk": 31, "def": 31, "spa": 31, "spd": 31, "spe": 31}, "item": "Toxic Orb", "teraType": "Water", "role": "Bulky Support", "bvs": {"hp": 75, "atk": 95, "def": 125, "spa": 45, "spd": 75, "spe": 95}, "stats": {"hp": 239, "atk": 188, "def": 234, "spa": 112, "spd": 158, "spe": 188}, "types": ["Ground", "Flying"]}, "Forretress": {"name": "Forretress", "species": "Forretress", "speciesId": "forretress", "gender": "F", "shiny": false, "level": 84, "moves": ["toxicspikes", "ironhead", "rapidspin", "stealthrock"], "ability": "Sturdy", "evs": {"hp": 85, "atk": 85, "def": 85, "spa": 85, "spd": 85, "spe": 85}, "ivs": {"hp": 31, "atk": 31, "def": 31, "spa": 31, "spd": 31, "spe": 31}, "item": "Leftovers", "teraType": "Water", "role": "Bulky Support", "bvs": {"hp": 75, "atk": 90, "def": 140, "spa": 60, "spd": 60, "spe": 40}, "stats": {"hp": 263, "atk": 199, "def": 283, "spa": 149, "spd": 149, "spe": 115}, "types": ["Bug", "Steel"]}}]}