{"id": "gen9randombattle-2641084585", "format": "[Gen 9] Random Battle", "players": ["justinprim", "Matuidi14"], "log": "|badge|p2|bronze|gen9randombattle|100-9\n|html|<div class=\"broadcast-red\"><strong>This battle is required to be public due to one or more player having a season medal.</strong><br />During the public phase, you can discuss the state of the ladder <a href=\"/seasondiscussion\">in a special chatroom.</a></div>\n|uhtml|medal-msg|<div class=\"broadcast-blue\">Curious what those medals under the avatar are? PS now has Ladder Seasons! For more information, check out the <a href=\"https://www.smogon.com/forums/threads/3740067/\">thread on Smogon.</a></div>\n|j|\u2606justinprim\n|j|\u2606Matuidi14\n|t:|1782738196\n|gametype|singles\n|player|p1|justinprim|102|2163\n|player|p2|Matuidi14|clown|2329\n|gen|9\n|tier|[Gen 9] Random Battle\n|rated|\n|rule|Species Clause: Limit one of each Pok\u00e9mon\n|rule|HP Percentage Mod: HP is shown in percentages\n|rule|Sleep Clause Mod: Limit one foe put to sleep\n|rule|Illusion Level Mod: Illusion disguises the Pok\u00e9mon's true level\n|\n|t:|1782738196\n|teamsize|p1|6\n|teamsize|p2|6\n|start\n|switch|p1a: Iron Valiant|Iron Valiant, L78|244/244\n|switch|p2a: Vikavolt|Vikavolt, L83, M|263/263\n|turn|1\n|inactive|Battle timer is ON: inactive players will automatically lose when time's up. (requested by Matuidi14)\n|\n|t:|1782738203\n|move|p1a: Iron Valiant|Calm Mind|p1a: Iron Valiant\n|-boost|p1a: Iron Valiant|spa|1\n|-boost|p1a: Iron Valiant|spd|1\n|move|p2a: Vikavolt|Volt Switch|p1a: Iron Valiant\n|-damage|p1a: Iron Valiant|151/244\n|\n|t:|1782738204\n|switch|p2a: Plusle|Plusle, L95, F|268/268|[from] Volt Switch\n|\n|upkeep\n|turn|2\n|\n|t:|1782738207\n|-end|p1a: Iron Valiant|Quark Drive|[silent]\n|switch|p1a: Exeggutor|Exeggutor-Alola, L89, M|314/314\n|-item|p2a: Plusle|Life Orb|[from] ability: Frisk|[of] p1a: Exeggutor\n|move|p2a: Plusle|Encore||[still]\n|-fail|p2a: Plusle\n|\n|upkeep\n|turn|3\n|\n|t:|1782738217\n|switch|p2a: Perrserker|Perrserker, L89, M|269/269\n|move|p1a: Exeggutor|Draco Meteor|p2a: Perrserker\n|-resisted|p2a: Perrserker\n|-damage|p2a: Perrserker|93/269\n|-unboost|p1a: Exeggutor|spa|2\n|\n|upkeep\n|turn|4\n|\n|t:|1782738222\n|switch|p1a: Incineroar|Incineroar, L82, F|290/290\n|-ability|p1a: Incineroar|Intimidate|boost\n|-unboost|p2a: Perrserker|atk|1\n|move|p2a: Perrserker|Stealth Rock|p1a: Incineroar\n|-sidestart|p1: justinprim|move: Stealth Rock\n|\n|upkeep\n|turn|5\n|inactive|Matuidi14 has 120 seconds left.\n|\n|t:|1782738265\n|switch|p2a: Dipplin|Dipplin, L88, M|284/284\n|move|p1a: Incineroar|Knock Off|p2a: Dipplin\n|-damage|p2a: Dipplin|224/284\n|-activate|p2a: Dipplin|ability: Sticky Hold\n|\n|upkeep\n|turn|6\n|\n|t:|1782738282\n|switch|p1a: Iron Valiant|Iron Valiant, L78|151/244\n|-damage|p1a: Iron Valiant|136/244|[from] Stealth Rock\n|move|p2a: Dipplin|Dragon Tail|p1a: Iron Valiant\n|-immune|p1a: Iron Valiant\n|\n|upkeep\n|turn|7\n|\n|t:|1782738287\n|switch|p2a: Vikavolt|Vikavolt, L83, M|263/263\n|move|p1a: Iron Valiant|Moonblast|p2a: Vikavolt\n|-damage|p2a: Vikavolt|98/263\n|-damage|p1a: Iron Valiant|112/244|[from] item: Life Orb\n|\n|upkeep\n|turn|8\n|\n|t:|1782738294\n|move|p1a: Iron Valiant|Moonblast|p2a: Vikavolt\n|-damage|p2a: Vikavolt|0 fnt\n|faint|p2a: Vikavolt\n|-damage|p1a: Iron Valiant|88/244|[from] item: Life Orb\n|\n|upkeep\n|\n|t:|1782738296\n|switch|p2a: Plusle|Plusle, L95, F|268/268\n|turn|9\n|\n|t:|1782738299\n|-end|p1a: Iron Valiant|Quark Drive|[silent]\n|switch|p1a: Exeggutor|Exeggutor-Alola, L89, M|314/314\n|-damage|p1a: Exeggutor|275/314|[from] Stealth Rock\n|-item|p2a: Plusle|Life Orb|[from] ability: Frisk|[of] p1a: Exeggutor\n|move|p2a: Plusle|Alluring Voice|p1a: Exeggutor\n|-supereffective|p1a: Exeggutor\n|-damage|p1a: Exeggutor|90/314\n|-damage|p2a: Plusle|242/268|[from] item: Life Orb\n|\n|upkeep\n|turn|10\n|\n|t:|1782738306\n|move|p2a: Plusle|Alluring Voice|p1a: Exeggutor\n|-supereffective|p1a: Exeggutor\n|-damage|p1a: Exeggutor|0 fnt\n|faint|p1a: Exeggutor\n|-damage|p2a: Plusle|216/268|[from] item: Life Orb\n|\n|upkeep\n|\n|t:|1782738308\n|switch|p1a: Ursaring|Ursaring, L84, M|288/288\n|-damage|p1a: Ursaring|252/288|[from] Stealth Rock\n|turn|11\n|\n|t:|1782738322\n|move|p2a: Plusle|Thunderbolt|p1a: Ursaring\n|-damage|p1a: Ursaring|143/288\n|-status|p1a: Ursaring|par\n|-damage|p2a: Plusle|190/268|[from] item: Life Orb\n|cant|p1a: Ursaring|par\n|\n|upkeep\n|turn|12\n|\n|t:|1782738326\n|switch|p2a: Perrserker|Perrserker, L89, M|93/269\n|move|p1a: Ursaring|Rest|p1a: Ursaring\n|-status|p1a: Ursaring|slp|[from] move: Rest\n|-heal|p1a: Ursaring|288/288 slp|[silent]\n|\n|upkeep\n|turn|13\n|\n|t:|1782738329\n|cant|p1a: Ursaring|slp\n|move|p1a: Ursaring|Sleep Talk|p1a: Ursaring\n|move|p1a: Ursaring|Rest||[from] move: Sleep Talk|[still]\n|-fail|p1a: Ursaring\n|move|p2a: Perrserker|Close Combat|p1a: Ursaring\n|-supereffective|p1a: Ursaring\n|-damage|p1a: Ursaring|44/288 slp\n|-unboost|p2a: Perrserker|def|1\n|-unboost|p2a: Perrserker|spd|1\n|-damage|p2a: Perrserker|67/269|[from] item: Life Orb\n|\n|upkeep\n|turn|14\n|\n|t:|1782738336\n|cant|p1a: Ursaring|slp\n|move|p1a: Ursaring|Sleep Talk|p1a: Ursaring\n|move|p1a: Ursaring|Rest||[from] move: Sleep Talk|[still]\n|-fail|p1a: Ursaring\n|move|p2a: Perrserker|U-turn|p1a: Ursaring\n|-damage|p1a: Ursaring|0 fnt\n|faint|p1a: Ursaring\n|-damage|p2a: Perrserker|41/269|[from] item: Life Orb\n|\n|t:|1782738342\n|switch|p2a: Plusle|Plusle, L95, F|190/268|[from] U-turn\n|\n|upkeep\n|\n|t:|1782738346\n|switch|p1a: Incineroar|Incineroar, L82, F|290/290\n|-ability|p1a: Incineroar|Intimidate|boost\n|-unboost|p2a: Plusle|atk|1\n|turn|15\n|\n|t:|1782738352\n|switch|p2a: Dipplin|Dipplin, L88, M|224/284\n|move|p1a: Incineroar|Flare Blitz|p2a: Dipplin\n|-damage|p2a: Dipplin|152/284\n|-damage|p1a: Incineroar|266/290|[from] Recoil\n|\n|upkeep\n|turn|16\n|\n|t:|1782738358\n|move|p1a: Incineroar|Swords Dance|p1a: Incineroar\n|-boost|p1a: Incineroar|atk|2\n|move|p2a: Dipplin|Giga Drain|p1a: Incineroar\n|-resisted|p1a: Incineroar\n|-damage|p1a: Incineroar|221/290\n|-heal|p2a: Dipplin|175/284|[from] drain|[of] p1a: Incineroar\n|\n|upkeep\n|turn|17\n|\n|t:|1782738362\n|move|p1a: Incineroar|Flare Blitz|p2a: Dipplin\n|-damage|p2a: Dipplin|25/284\n|-damage|p1a: Incineroar|171/290|[from] Recoil\n|move|p2a: Dipplin|Recover|p2a: Dipplin\n|-heal|p2a: Dipplin|167/284\n|\n|upkeep\n|turn|18\n|\n|t:|1782738367\n|move|p1a: Incineroar|Flare Blitz|p2a: Dipplin\n|-damage|p2a: Dipplin|11/284\n|-damage|p1a: Incineroar|120/290|[from] Recoil\n|move|p2a: Dipplin|Dragon Tail|p1a: Incineroar\n|-damage|p1a: Incineroar|62/290\n|drag|p1a: Kyogre|Kyogre, L71|259/259\n|-damage|p1a: Kyogre|227/259|[from] Stealth Rock\n|-weather|RainDance|[from] ability: Drizzle|[of] p1a: Kyogre\n|\n|-weather|RainDance|[upkeep]\n|-heal|p1a: Kyogre|243/259|[from] item: Leftovers\n|upkeep\n|turn|19\n|\n|t:|1782738370\n|move|p1a: Kyogre|Ice Beam|p2a: Dipplin\n|-supereffective|p2a: Dipplin\n|-damage|p2a: Dipplin|0 fnt\n|faint|p2a: Dipplin\n|\n|-weather|RainDance|[upkeep]\n|-heal|p1a: Kyogre|259/259|[from] item: Leftovers\n|upkeep\n|\n|t:|1782738376\n|switch|p2a: Bruxish|Bruxish, L85, F|254/254\n|turn|20\n|\n|t:|1782738378\n|move|p2a: Bruxish|Wave Crash|p1a: Kyogre\n|-resisted|p1a: Kyogre\n|-damage|p1a: Kyogre|93/259\n|-damage|p2a: Bruxish|199/254|[from] Recoil\n|move|p1a: Kyogre|Thunder|p2a: Bruxish\n|-supereffective|p2a: Bruxish\n|-damage|p2a: Bruxish|27/254\n|\n|-weather|RainDance|[upkeep]\n|-heal|p1a: Kyogre|109/259|[from] item: Leftovers\n|upkeep\n|turn|21\n|\n|t:|1782738389\n|move|p2a: Bruxish|Wave Crash|p1a: Kyogre\n|-resisted|p1a: Kyogre\n|-damage|p1a: Kyogre|0 fnt\n|faint|p1a: Kyogre\n|-damage|p2a: Bruxish|0 fnt|[from] Recoil\n|faint|p2a: Bruxish\n|\n|-weather|RainDance|[upkeep]\n|upkeep\n|\n|t:|1782738398\n|switch|p2a: Zangoose|Zangoose, L85, M|263/263\n|switch|p1a: Mew|Mew, L82|298/298\n|-damage|p1a: Mew|261/298|[from] Stealth Rock\n|turn|22\n|\n|t:|1782738405\n|move|p1a: Mew|Psychic|p2a: Zangoose\n|-damage|p2a: Zangoose|119/263\n|-damage|p1a: Mew|232/298|[from] item: Life Orb\n|move|p2a: Zangoose|Knock Off|p1a: Mew\n|-supereffective|p1a: Mew\n|-damage|p1a: Mew|78/298\n|-enditem|p1a: Mew|Life Orb|[from] move: Knock Off|[of] p2a: Zangoose\n|\n|-weather|none\n|-status|p2a: Zangoose|tox|[from] item: Toxic Orb\n|upkeep\n|turn|23\n|\n|t:|1782738413\n|move|p1a: Mew|Psychic|p2a: Zangoose\n|-damage|p2a: Zangoose|5/263 tox\n|move|p2a: Zangoose|Knock Off|p1a: Mew\n|-supereffective|p1a: Mew\n|-damage|p1a: Mew|0 fnt\n|faint|p1a: Mew\n|\n|-damage|p2a: Zangoose|0 fnt|[from] psn\n|faint|p2a: Zangoose\n|upkeep\n|\n|t:|1782738418\n|switch|p1a: Incineroar|Incineroar, L82, F|62/290\n|switch|p2a: Plusle|Plusle, L95, F|190/268\n|-ability|p1a: Incineroar|Intimidate|boost\n|-unboost|p2a: Plusle|atk|1\n|turn|24\n|\n|t:|1782738424\n|-terastallize|p2a: Plusle|Electric\n|-terastallize|p1a: Incineroar|Grass\n|move|p2a: Plusle|Thunderbolt|p1a: Incineroar\n|-resisted|p1a: Incineroar\n|-damage|p1a: Incineroar|0 fnt\n|faint|p1a: Incineroar\n|-damage|p2a: Plusle|164/268|[from] item: Life Orb\n|\n|upkeep\n|-message|justinprim forfeited.\n|\n|win|Matuidi14\n", "inputlog": ">version f8ac14003a5f27e1bdc8d8c59608a773c1cb96e5\n>start {\"formatid\":\"gen9randombattle\",\"seed\":\"sodium,f49a51b91226d06a769616cce537825d\",\"rated\":\"Rated battle\"}\n>player p1 {\"name\":\"justinprim\",\"avatar\":\"102\",\"rating\":2163,\"seed\":\"sodium,dc07eb1f5f3dcbdee987cb4c87b4743b\"}\n>player p2 {\"name\":\"Matuidi14\",\"avatar\":\"clown\",\"rating\":2329,\"seed\":\"sodium,ee1db5d2842261eb3c89053a7a48a102\"}\n>p1 move calmmind\n>p2 move voltswitch\n>p2 switch 3\n>p1 switch 5\n>p2 move encore\n>p1 move dracometeor\n>p2 switch 2\n>p1 switch 2\n>p2 move stealthrock\n>p1 move knockoff\n>p2 switch 6\n>p1 switch 5\n>p2 move dragontail\n>p1 move moonblast\n>p2 switch 3\n>p1 move moonblast\n>p2 move stickyweb\n>p2 switch 2\n>p1 switch 2\n>p2 move alluringvoice\n>p1 move gigadrain\n>p2 move alluringvoice\n>p1 switch 6\n>p1 move bodyslam\n>p2 move thunderbolt\n>p1 move rest\n>p2 switch 6\n>p1 move sleeptalk\n>p2 move closecombat\n>p1 move sleeptalk\n>p2 move uturn\n>p2 switch 6\n>p1 switch 5\n>p1 move flareblitz\n>p2 switch 3\n>p1 move swordsdance\n>p2 move gigadrain\n>p1 move flareblitz\n>p2 move recover\n>p1 move flareblitz\n>p2 move dragontail\n>p1 move icebeam\n>p2 move gigadrain\n>p2 switch 4\n>p1 move thunder\n>p2 move wavecrash\n>p1 move thunder\n>p2 move wavecrash\n>p1 switch 3\n>p2 switch 5\n>p1 move psychic\n>p2 move knockoff\n>p1 move psychic\n>p2 move knockoff\n>p1 switch 4\n>p2 switch 3\n>p1 move flareblitz terastallize\n>p2 move thunderbolt terastallize\n>forcelose p1", "uploadtime": 1782738197, "views": 4, "formatid": "gen9randombattle", "rating": null, "private": 0, "password": null, "player_dets": [{"name": "justinprim", "avatar": "102", "rating": 2163, "seed": "sodium,dc07eb1f5f3dcbdee987cb4c87b4743b"}, {"name": "Matuidi14", "avatar": "clown", "rating": 2329, "seed": "sodium,ee1db5d2842261eb3c89053a7a48a102"}], "teams_full": [{"Iron Valiant": {"name": "Iron Valiant", "species": "Iron Valiant", "speciesId": "ironvaliant", "gender": "N", "shiny": false, "level": 78, "moves": ["moonblast", "closecombat", "calmmind", "psychic"], "ability": "Quark Drive", "evs": {"hp": 85, "atk": 85, "def": 85, "spa": 85, "spd": 85, "spe": 85}, "ivs": {"hp": 31, "atk": 31, "def": 31, "spa": 31, "spd": 31, "spe": 31}, "item": "Life Orb", "teraType": "Fighting", "role": "Fast Attacker", "bvs": {"hp": 74, "atk": 130, "def": 90, "spa": 120, "spd": 60, "spe": 116}, "stats": {"hp": 244, "atk": 248, "def": 185, "spa": 232, "spd": 139, "spe": 226}, "types": ["Fairy", "Fighting"]}, "Incineroar": {"name": "Incineroar", "species": "Incineroar", "speciesId": "incineroar", "gender": "F", "shiny": false, "level": 82, "moves": ["trailblaze", "swordsdance", "knockoff", "flareblitz"], "ability": "Intimidate", "evs": {"hp": 85, "atk": 85, "def": 85, "spa": 85, "spd": 85, "spe": 85}, "ivs": {"hp": 31, "atk": 31, "def": 31, "spa": 31, "spd": 31, "spe": 31}, "item": "Heavy-Duty Boots", "teraType": "Grass", "role": "Setup Sweeper", "bvs": {"hp": 95, "atk": 115, "def": 90, "spa": 80, "spd": 90, "spe": 60}, "stats": {"hp": 290, "atk": 236, "def": 195, "spa": 178, "spd": 195, "spe": 146}, "types": ["Fire", "Dark"]}, "Mew": {"name": "Mew", "species": "Mew", "speciesId": "mew", "gender": "N", "shiny": false, "level": 82, "moves": ["fireblast", "earthpower", "nastyplot", "psychic"], "ability": "Synchronize", "evs": {"hp": 85, "atk": 0, "def": 85, "spa": 85, "spd": 85, "spe": 85}, "ivs": {"hp": 31, "atk": 0, "def": 31, "spa": 31, "spd": 31, "spe": 31}, "item": "Life Orb", "teraType": "Ground", "role": "Fast Bulky Setup", "bvs": {"hp": 100, "atk": 100, "def": 100, "spa": 100, "spd": 100, "spe": 100}, "stats": {"hp": 298, "atk": 169, "def": 211, "spa": 211, "spd": 211, "spe": 211}, "types": ["Psychic"]}, "Kyogre": {"name": "Kyogre", "species": "Kyogre", "speciesId": "kyogre", "gender": "N", "shiny": false, "level": 71, "moves": ["thunder", "originpulse", "icebeam", "calmmind"], "ability": "Drizzle", "evs": {"hp": 85, "atk": 0, "def": 85, "spa": 85, "spd": 85, "spe": 85}, "ivs": {"hp": 31, "atk": 0, "def": 31, "spa": 31, "spd": 31, "spe": 31}, "item": "Leftovers", "teraType": "Steel", "role": "Bulky Setup", "bvs": {"hp": 100, "atk": 100, "def": 90, "spa": 150, "spd": 140, "spe": 90}, "stats": {"hp": 259, "atk": 147, "def": 169, "spa": 254, "spd": 240, "spe": 169}, "types": ["Water"]}, "Exeggutor": {"name": "Exeggutor", "species": "Exeggutor-Alola", "speciesId": "exeggutoralola", "gender": "M", "shiny": false, "level": 89, "moves": ["leafstorm", "dracometeor", "gigadrain", "flamethrower"], "ability": "Frisk", "evs": {"hp": 85, "atk": 0, "def": 85, "spa": 85, "spd": 85, "spe": 85}, "ivs": {"hp": 31, "atk": 0, "def": 31, "spa": 31, "spd": 31, "spe": 31}, "item": "Choice Specs", "teraType": "Fire", "role": "Wallbreaker", "bvs": {"hp": 95, "atk": 105, "def": 85, "spa": 125, "spd": 75, "spe": 45}, "stats": {"hp": 314, "atk": 191, "def": 202, "spa": 273, "spd": 184, "spe": 131}, "types": ["Grass", "Dragon"]}, "Ursaring": {"name": "Ursaring", "species": "Ursaring", "speciesId": "ursaring", "gender": "M", "shiny": false, "level": 84, "moves": ["sleeptalk", "bodyslam", "earthquake", "rest"], "ability": "Guts", "evs": {"hp": 85, "atk": 85, "def": 85, "spa": 85, "spd": 85, "spe": 85}, "ivs": {"hp": 31, "atk": 31, "def": 31, "spa": 31, "spd": 31, "spe": 31}, "item": "Eviolite", "teraType": "Ground", "role": "Bulky Attacker", "bvs": {"hp": 90, "atk": 130, "def": 75, "spa": 75, "spd": 75, "spe": 55}, "stats": {"hp": 288, "atk": 267, "def": 174, "spa": 174, "spd": 174, "spe": 141}, "types": ["Normal"]}}, {"Vikavolt": {"name": "Vikavolt", "species": "Vikavolt", "speciesId": "vikavolt", "gender": "M", "shiny": false, "level": 83, "moves": ["thunderbolt", "voltswitch", "stickyweb", "bugbuzz"], "ability": "Levitate", "evs": {"hp": 85, "atk": 0, "def": 85, "spa": 85, "spd": 85, "spe": 85}, "ivs": {"hp": 31, "atk": 0, "def": 31, "spa": 31, "spd": 31, "spe": 31}, "item": "Heavy-Duty Boots", "teraType": "Electric", "role": "Bulky Support", "bvs": {"hp": 77, "atk": 70, "def": 90, "spa": 145, "spd": 75, "spe": 43}, "stats": {"hp": 263, "atk": 121, "def": 197, "spa": 288, "spd": 172, "spe": 119}, "types": ["Bug", "Electric"]}, "Perrserker": {"name": "Perrserker", "species": "Perrserker", "speciesId": "perrserker", "gender": "M", "shiny": false, "level": 89, "moves": ["ironhead", "uturn", "closecombat", "stealthrock"], "ability": "Tough Claws", "evs": {"hp": 85, "atk": 85, "def": 85, "spa": 85, "spd": 85, "spe": 85}, "ivs": {"hp": 31, "atk": 31, "def": 31, "spa": 31, "spd": 31, "spe": 31}, "item": "Life Orb", "teraType": "Fighting", "role": "Fast Attacker", "bvs": {"hp": 70, "atk": 110, "def": 100, "spa": 50, "spd": 60, "spe": 50}, "stats": {"hp": 269, "atk": 247, "def": 229, "spa": 140, "spd": 158, "spe": 140}, "types": ["Steel"]}, "Plusle": {"name": "Plusle", "species": "Plusle", "speciesId": "plusle", "gender": "F", "shiny": false, "level": 95, "moves": ["thunderbolt", "nastyplot", "encore", "alluringvoice"], "ability": "Lightning Rod", "evs": {"hp": 85, "atk": 0, "def": 85, "spa": 85, "spd": 85, "spe": 85}, "ivs": {"hp": 31, "atk": 0, "def": 31, "spa": 31, "spd": 31, "spe": 31}, "item": "Life Orb", "teraType": "Electric", "role": "Setup Sweeper", "bvs": {"hp": 60, "atk": 50, "def": 40, "spa": 85, "spd": 75, "spe": 95}, "stats": {"hp": 268, "atk": 100, "def": 130, "spa": 215, "spd": 196, "spe": 234}, "types": ["Electric"]}, "Bruxish": {"name": "Bruxish", "species": "Bruxish", "speciesId": "bruxish", "gender": "F", "shiny": false, "level": 85, "moves": ["crunch", "aquajet", "psychicfangs", "wavecrash"], "ability": "Strong Jaw", "evs": {"hp": 85, "atk": 85, "def": 85, "spa": 85, "spd": 85, "spe": 85}, "ivs": {"hp": 31, "atk": 31, "def": 31, "spa": 31, "spd": 31, "spe": 31}, "item": "Choice Band", "teraType": "Dark", "role": "Fast Attacker", "bvs": {"hp": 68, "atk": 105, "def": 70, "spa": 70, "spd": 70, "spe": 92}, "stats": {"hp": 254, "atk": 227, "def": 168, "spa": 168, "spd": 168, "spe": 205}, "types": ["Water", "Psychic"]}, "Zangoose": {"name": "Zangoose", "species": "Zangoose", "speciesId": "zangoose", "gender": "M", "shiny": false, "level": 85, "moves": ["facade", "closecombat", "swordsdance", "knockoff"], "ability": "Toxic Boost", "evs": {"hp": 85, "atk": 85, "def": 85, "spa": 85, "spd": 85, "spe": 85}, "ivs": {"hp": 31, "atk": 31, "def": 31, "spa": 31, "spd": 31, "spe": 31}, "item": "Toxic Orb", "teraType": "Normal", "role": "Fast Attacker", "bvs": {"hp": 73, "atk": 115, "def": 60, "spa": 60, "spd": 60, "spe": 90}, "stats": {"hp": 263, "atk": 244, "def": 151, "spa": 151, "spd": 151, "spe": 202}, "types": ["Normal"]}, "Dipplin": {"name": "Dipplin", "species": "Dipplin", "speciesId": "dipplin", "gender": "M", "shiny": false, "level": 88, "moves": ["gigadrain", "dragontail", "dragonpulse", "recover"], "ability": "Sticky Hold", "evs": {"hp": 85, "atk": 85, "def": 85, "spa": 85, "spd": 85, "spe": 85}, "ivs": {"hp": 31, "atk": 31, "def": 31, "spa": 31, "spd": 31, "spe": 31}, "item": "Eviolite", "teraType": "Steel", "role": "Bulky Attacker", "bvs": {"hp": 80, "atk": 80, "def": 110, "spa": 95, "spd": 80, "spe": 40}, "stats": {"hp": 284, "atk": 191, "def": 244, "spa": 217, "spd": 191, "spe": 121}, "types": ["Grass", "Dragon"]}}]}