{"id": "gen9randombattle-2641190518", "format": "[Gen 9] Random Battle", "players": ["donofair", "RainbowRoxy890"], "log": "|j|\u2606donofair\n|j|\u2606RainbowRoxy890\n|t:|1782751600\n|gametype|singles\n|player|p1|donofair|2|1927\n|player|p2|RainbowRoxy890|170|1906\n|gen|9\n|tier|[Gen 9] Random Battle\n|rated|\n|rule|Species Clause: Limit one of each Pok\u00e9mon\n|rule|HP Percentage Mod: HP is shown in percentages\n|rule|Sleep Clause Mod: Limit one foe put to sleep\n|rule|Illusion Level Mod: Illusion disguises the Pok\u00e9mon's true level\n|\n|t:|1782751600\n|teamsize|p1|6\n|teamsize|p2|6\n|start\n|switch|p1a: Pachirisu|Pachirisu, L96, F|271/271\n|switch|p2a: Dedenne|Dedenne, L88, F|261/261\n|turn|1\n|inactive|Battle timer is ON: inactive players will automatically lose when time's up. (requested by RainbowRoxy890)\n|\n|t:|1782751607\n|move|p1a: Pachirisu|Super Fang|p2a: Dedenne\n|-damage|p2a: Dedenne|131/261\n|move|p2a: Dedenne|U-turn|p1a: Pachirisu\n|-damage|p1a: Pachirisu|228/271\n|\n|t:|1782751613\n|switch|p2a: Zebstrika|Zebstrika, L87, F|272/272|[from] U-turn\n|\n|upkeep\n|turn|2\n|\n|t:|1782751619\n|switch|p1a: Gothitelle|Gothitelle, L90, F|272/272\n|move|p2a: Zebstrika|High Horsepower|p1a: Gothitelle\n|-damage|p1a: Gothitelle|181/272\n|-damage|p2a: Zebstrika|245/272|[from] item: Life Orb\n|\n|upkeep\n|turn|3\n|\n|t:|1782751626\n|switch|p1a: Pachirisu|Pachirisu, L96, F|228/271\n|move|p2a: Zebstrika|Volt Switch|p1a: Pachirisu\n|-heal|p1a: Pachirisu|271/271|[from] ability: Volt Absorb|[of] p2a: Zebstrika\n|\n|upkeep\n|turn|4\n|\n|t:|1782751633\n|switch|p1a: Piloswine|Piloswine, L85, M|309/309\n|move|p2a: Zebstrika|High Horsepower|p1a: Piloswine\n|-damage|p1a: Piloswine|245/309\n|-damage|p2a: Zebstrika|218/272|[from] item: Life Orb\n|\n|upkeep\n|turn|5\n|\n|t:|1782751641\n|switch|p2a: Swanna|Swanna, L89, F|278/278\n|move|p1a: Piloswine|Earthquake|p2a: Swanna\n|-immune|p2a: Swanna\n|\n|upkeep\n|turn|6\n|\n|t:|1782751645\n|switch|p1a: Pachirisu|Pachirisu, L96, F|271/271\n|move|p2a: Swanna|Hydro Pump|p1a: Pachirisu\n|-damage|p1a: Pachirisu|168/271\n|\n|upkeep\n|turn|7\n|\n|t:|1782751652\n|switch|p2a: Dedenne|Dedenne, L88, F|131/261\n|move|p1a: Pachirisu|U-turn|p2a: Dedenne\n|-resisted|p2a: Dedenne\n|-damage|p2a: Dedenne|106/261\n|-enditem|p2a: Dedenne|Sitrus Berry|[eat]\n|-heal|p2a: Dedenne|171/261|[from] item: Sitrus Berry\n|-heal|p2a: Dedenne|258/261|[from] ability: Cheek Pouch\n|\n|t:|1782751659\n|switch|p1a: Piloswine|Piloswine, L85, M|245/309|[from] U-turn\n|\n|upkeep\n|turn|8\n|\n|t:|1782751661\n|move|p2a: Dedenne|U-turn|p1a: Piloswine\n|-damage|p1a: Piloswine|218/309\n|\n|t:|1782751664\n|switch|p2a: Swanna|Swanna, L89, F|278/278|[from] U-turn\n|move|p1a: Piloswine|Earthquake|p2a: Swanna\n|-immune|p2a: Swanna\n|\n|upkeep\n|turn|9\n|\n|t:|1782751668\n|move|p2a: Swanna|Hydro Pump|p1a: Piloswine|[miss]\n|-miss|p2a: Swanna|p1a: Piloswine\n|move|p1a: Piloswine|Icicle Crash|p2a: Swanna\n|-damage|p2a: Swanna|155/278\n|\n|upkeep\n|turn|10\n|\n|t:|1782751671\n|switch|p1a: Dewgong|Dewgong, L94, F|322/322\n|move|p2a: Swanna|Hydro Pump|p1a: Dewgong|[miss]\n|-miss|p2a: Swanna|p1a: Dewgong\n|\n|upkeep\n|turn|11\n|\n|t:|1782751675\n|move|p2a: Swanna|Roost|p2a: Swanna\n|-heal|p2a: Swanna|278/278\n|-singleturn|p2a: Swanna|move: Roost\n|move|p1a: Dewgong|Encore|p2a: Swanna\n|-start|p2a: Swanna|Encore\n|\n|upkeep\n|turn|12\n|\n|t:|1782751681\n|switch|p2a: Leafeon|Leafeon, L88, F|258/258\n|move|p1a: Dewgong|Flip Turn|p2a: Leafeon\n|-resisted|p2a: Leafeon\n|-damage|p2a: Leafeon|237/258\n|\n|t:|1782751689\n|switch|p1a: Gengar|Gengar, L81, M|230/230|[from] Flip Turn\n|\n|upkeep\n|turn|13\n|\n|t:|1782751701\n|-terastallize|p2a: Leafeon|Dark\n|move|p1a: Gengar|Sludge Wave|p2a: Leafeon\n|-damage|p2a: Leafeon|38/258\n|move|p2a: Leafeon|Knock Off|p1a: Gengar\n|-supereffective|p1a: Gengar\n|-damage|p1a: Gengar|0 fnt\n|-start|p2a: Leafeon|Disable|Knock Off|[from] ability: Cursed Body|[of] p1a: Gengar\n|-enditem|p1a: Gengar|Choice Specs|[from] move: Knock Off|[of] p2a: Leafeon\n|faint|p1a: Gengar\n|-damage|p2a: Leafeon|13/258|[from] item: Life Orb\n|\n|upkeep\n|\n|t:|1782751708\n|switch|p1a: Gothitelle|Gothitelle, L90, F|181/272\n|turn|14\n|\n|t:|1782751713\n|move|p1a: Gothitelle|Dark Pulse|p2a: Leafeon\n|-resisted|p2a: Leafeon\n|-damage|p2a: Leafeon|0 fnt\n|faint|p2a: Leafeon\n|\n|upkeep\n|\n|t:|1782751716\n|switch|p2a: Dedenne|Dedenne, L88, F|258/261\n|turn|15\n|\n|t:|1782751718\n|switch|p1a: Pachirisu|Pachirisu, L96, F|168/271\n|move|p2a: Dedenne|U-turn|p1a: Pachirisu\n|-damage|p1a: Pachirisu|129/271\n|\n|t:|1782751721\n|switch|p2a: Zebstrika|Zebstrika, L87, F|218/272|[from] U-turn\n|\n|upkeep\n|turn|16\n|\n|t:|1782751730\n|switch|p1a: Gothitelle|Gothitelle, L90, F|181/272\n|move|p2a: Zebstrika|High Horsepower|p1a: Gothitelle\n|-damage|p1a: Gothitelle|95/272\n|-damage|p2a: Zebstrika|191/272|[from] item: Life Orb\n|\n|upkeep\n|turn|17\n|\n|t:|1782751735\n|move|p1a: Gothitelle|Psychic|p2a: Zebstrika\n|-damage|p2a: Zebstrika|58/272\n|move|p2a: Zebstrika|High Horsepower|p1a: Gothitelle\n|-damage|p1a: Gothitelle|17/272\n|-damage|p2a: Zebstrika|31/272|[from] item: Life Orb\n|\n|upkeep\n|turn|18\n|\n|t:|1782751741\n|move|p1a: Gothitelle|Psychic|p2a: Zebstrika\n|-damage|p2a: Zebstrika|0 fnt\n|faint|p2a: Zebstrika\n|\n|upkeep\n|\n|t:|1782751744\n|switch|p2a: Ambipom|Ambipom, L84, M|263/263\n|turn|19\n|\n|t:|1782751748\n|switch|p1a: Mimikyu|Mimikyu, L79, M|216/216\n|move|p2a: Ambipom|Fake Out|p1a: Mimikyu\n|-immune|p1a: Mimikyu\n|\n|upkeep\n|turn|20\n|\n|t:|1782751761\n|move|p2a: Ambipom|U-turn|p1a: Mimikyu\n|-activate|p1a: Mimikyu|ability: Disguise\n|-damage|p1a: Mimikyu|216/216\n|detailschange|p1a: Mimikyu|Mimikyu-Busted, L79, M\n|-damage|p1a: Mimikyu|189/216|[from] pokemon: Mimikyu-Busted\n|\n|t:|1782751764\n|switch|p2a: Swanna|Swanna, L89, F|278/278|[from] U-turn\n|move|p1a: Mimikyu|Swords Dance|p1a: Mimikyu\n|-boost|p1a: Mimikyu|atk|2\n|\n|upkeep\n|turn|21\n|\n|t:|1782751768\n|move|p2a: Swanna|Brave Bird|p1a: Mimikyu\n|-damage|p1a: Mimikyu|36/216\n|-damage|p2a: Swanna|228/278|[from] Recoil\n|move|p1a: Mimikyu|Shadow Claw|p2a: Swanna\n|-damage|p2a: Swanna|25/278\n|-damage|p1a: Mimikyu|15/216|[from] item: Life Orb\n|\n|upkeep\n|turn|22\n|\n|t:|1782751775\n|move|p2a: Swanna|Roost|p2a: Swanna\n|-heal|p2a: Swanna|164/278\n|-singleturn|p2a: Swanna|move: Roost\n|move|p1a: Mimikyu|Play Rough|p2a: Swanna\n|-damage|p2a: Swanna|0 fnt\n|faint|p2a: Swanna\n|-damage|p1a: Mimikyu|0 fnt|[from] item: Life Orb\n|faint|p1a: Mimikyu\n|\n|upkeep\n|\n|t:|1782751781\n|switch|p2a: Ambipom|Ambipom, L84, M|263/263\n|switch|p1a: Piloswine|Piloswine, L85, M|218/309\n|turn|23\n|\n|t:|1782751784\n|move|p2a: Ambipom|Fake Out|p1a: Piloswine\n|-damage|p1a: Piloswine|161/309\n|cant|p1a: Piloswine|flinch\n|\n|upkeep\n|turn|24\n|\n|t:|1782751787\n|move|p2a: Ambipom|Knock Off|p1a: Piloswine\n|-damage|p1a: Piloswine|113/309\n|-enditem|p1a: Piloswine|Eviolite|[from] move: Knock Off|[of] p2a: Ambipom\n|move|p1a: Piloswine|Earthquake|p2a: Ambipom\n|-damage|p2a: Ambipom|134/263\n|\n|upkeep\n|turn|25\n|\n|t:|1782751792\n|move|p2a: Ambipom|Double-Edge|p1a: Piloswine\n|-damage|p1a: Piloswine|0 fnt\n|faint|p1a: Piloswine\n|-damage|p2a: Ambipom|97/263|[from] Recoil\n|\n|upkeep\n|\n|t:|1782751794\n|switch|p1a: Gothitelle|Gothitelle, L90, F|17/272\n|turn|26\n|\n|t:|1782751798\n|move|p1a: Gothitelle|Psychic|p2a: Ambipom\n|-damage|p2a: Ambipom|0 fnt\n|faint|p2a: Ambipom\n|\n|upkeep\n|\n|t:|1782751800\n|switch|p2a: Dedenne|Dedenne, L88, F|258/261\n|turn|27\n|\n|t:|1782751805\n|switch|p1a: Pachirisu|Pachirisu, L96, F|129/271\n|move|p2a: Dedenne|U-turn|p1a: Pachirisu\n|-damage|p1a: Pachirisu|91/271\n|\n|t:|1782751808\n|switch|p2a: Inteleon|Inteleon, L81, F|246/246|[from] U-turn\n|\n|upkeep\n|turn|28\n|\n|t:|1782751813\n|move|p2a: Inteleon|Scald|p1a: Pachirisu\n|-damage|p1a: Pachirisu|0 fnt\n|faint|p1a: Pachirisu\n|\n|upkeep\n|\n|t:|1782751815\n|switch|p1a: Dewgong|Dewgong, L94, F|322/322\n|turn|29\n|\n|t:|1782751818\n|switch|p2a: Dedenne|Dedenne, L88, F|258/261\n|move|p1a: Dewgong|Surf|p2a: Dedenne\n|-damage|p2a: Dedenne|152/261\n|\n|upkeep\n|turn|30\n|\n|t:|1782751829\n|-terastallize|p1a: Dewgong|Poison\n|move|p2a: Dedenne|Thunderbolt|p1a: Dewgong\n|-damage|p1a: Dewgong|246/322\n|move|p1a: Dewgong|Surf|p2a: Dedenne\n|-damage|p2a: Dedenne|41/261\n|\n|upkeep\n|turn|31\n|\n|t:|1782751834\n|move|p2a: Dedenne|U-turn|p1a: Dewgong\n|-resisted|p1a: Dewgong\n|-crit|p1a: Dewgong\n|-damage|p1a: Dewgong|219/322\n|\n|t:|1782751836\n|switch|p2a: Inteleon|Inteleon, L81, F|246/246|[from] U-turn\n|move|p1a: Dewgong|Flip Turn|p2a: Inteleon\n|-resisted|p2a: Inteleon\n|-damage|p2a: Inteleon|208/246\n|\n|t:|1782751838\n|switch|p1a: Gothitelle|Gothitelle, L90, F|17/272|[from] Flip Turn\n|\n|upkeep\n|turn|32\n|\n|t:|1782751852\n|move|p1a: Gothitelle|Trick|p2a: Inteleon\n|-activate|p1a: Gothitelle|move: Trick|[of] p2a: Inteleon\n|-item|p2a: Inteleon|Choice Scarf|[from] move: Trick\n|-item|p1a: Gothitelle|Choice Specs|[from] move: Trick\n|move|p2a: Inteleon|U-turn|p1a: Gothitelle\n|-supereffective|p1a: Gothitelle\n|-damage|p1a: Gothitelle|0 fnt\n|faint|p1a: Gothitelle\n|\n|t:|1782751856\n|switch|p2a: Dedenne|Dedenne, L88, F|41/261|[from] U-turn\n|\n|upkeep\n|\n|t:|1782751858\n|switch|p1a: Dewgong|Dewgong, L94, F, tera:Poison|219/322\n|turn|33\n|\n|t:|1782751861\n|move|p2a: Dedenne|Nuzzle|p1a: Dewgong\n|-damage|p1a: Dewgong|203/322\n|-status|p1a: Dewgong|par\n|move|p1a: Dewgong|Surf|p2a: Dedenne\n|-damage|p2a: Dedenne|0 fnt\n|faint|p2a: Dedenne\n|\n|upkeep\n|\n|t:|1782751865\n|switch|p2a: Inteleon|Inteleon, L81, F|208/246\n|turn|34\n|\n|t:|1782751868\n|move|p2a: Inteleon|Hydro Pump|p1a: Dewgong\n|-damage|p1a: Dewgong|88/322 par\n|move|p1a: Dewgong|Surf|p2a: Inteleon\n|-resisted|p2a: Inteleon\n|-damage|p2a: Inteleon|143/246\n|\n|upkeep\n|turn|35\n|\n|t:|1782751872\n|move|p2a: Inteleon|Hydro Pump|p1a: Dewgong|[miss]\n|-miss|p2a: Inteleon|p1a: Dewgong\n|cant|p1a: Dewgong|par\n|\n|upkeep\n|turn|36\n|-message|donofair forfeited.\n|\n|win|RainbowRoxy890\n|raw|donofair's rating: 1927 &rarr; <strong>1906</strong><br />(-21 for losing)\n|raw|RainbowRoxy890's rating: 1906 &rarr; <strong>1927</strong><br />(+21 for winning)\n", "inputlog": ">version f8ac14003a5f27e1bdc8d8c59608a773c1cb96e5\n>start {\"formatid\":\"gen9randombattle\",\"seed\":\"sodium,8e1728d76b619be509e5aa22c1402dda\",\"rated\":\"Rated battle\"}\n>player p1 {\"name\":\"donofair\",\"avatar\":\"2\",\"rating\":1927,\"seed\":\"sodium,42b8ab815a320620ba206a1e3aab876b\"}\n>player p2 {\"name\":\"RainbowRoxy890\",\"avatar\":\"170\",\"rating\":1906,\"seed\":\"sodium,34a23182d53eb71c83b087377618c4e7\"}\n>p1 move superfang\n>p2 move uturn\n>p2 switch 3\n>p1 switch 3\n>p2 move highhorsepower\n>p1 switch 3\n>p2 move voltswitch\n>p1 switch 4\n>p2 move highhorsepower\n>p1 move earthquake\n>p2 switch 6\n>p1 switch 4\n>p2 move hydropump\n>p1 move uturn\n>p2 switch 3\n>p1 switch 4\n>p1 move earthquake\n>p2 move uturn\n>p2 switch 3\n>p1 move iciclecrash\n>p2 move hydropump\n>p1 switch 6\n>p2 move hydropump\n>p1 move encore\n>p2 move roost\n>p1 move flipturn\n>p2 switch 4\n>p1 switch 2\n>p1 move sludgewave\n>p2 move knockoff terastallize\n>p1 switch 3\n>p1 move darkpulse\n>p2 move leafblade\n>p2 switch 3\n>p1 switch 4\n>p2 move uturn\n>p2 switch 6\n>p1 switch 4\n>p2 move highhorsepower\n>p1 move psychic\n>p2 move highhorsepower\n>p1 move psychic\n>p2 move supercellslam\n>p2 switch 2\n>p1 switch 5\n>p2 move fakeout\n>p1 move swordsdance\n>p2 move uturn\n>p2 switch 4\n>p1 move shadowclaw\n>p2 move bravebird\n>p1 move playrough\n>p2 move roost\n>p1 switch 6\n>p2 switch 4\n>p1 move earthquake\n>p2 move fakeout\n>p1 move earthquake\n>p2 move knockoff\n>p1 move iciclecrash\n>p2 move doubleedge\n>p1 switch 5\n>p1 move psychic\n>p2 move uturn\n>p2 switch 6\n>p1 switch 4\n>p2 move uturn\n>p2 switch 5\n>p1 move discharge\n>p2 move scald\n>p1 switch 2\n>p1 move surf\n>p2 switch 5\n>p1 move surf terastallize\n>p2 move thunderbolt\n>p1 move flipturn\n>p2 move uturn\n>p2 switch 5\n>p1 switch 4\n>p1 move trick\n>p2 move uturn\n>p2 switch 5\n>p1 switch 4\n>p1 move surf\n>p2 move nuzzle\n>p2 switch 5\n>p1 move surf\n>p2 move hydropump\n>p1 move surf\n>p2 move hydropump\n>forcelose p1", "uploadtime": 1782751873, "views": 6, "formatid": "gen9randombattle", "rating": 1906, "private": 0, "password": null, "player_dets": [{"name": "donofair", "avatar": "2", "rating": 1927, "seed": "sodium,42b8ab815a320620ba206a1e3aab876b"}, {"name": "RainbowRoxy890", "avatar": "170", "rating": 1906, "seed": "sodium,34a23182d53eb71c83b087377618c4e7"}], "teams_full": [{"Pachirisu": {"name": "Pachirisu", "species": "Pachirisu", "speciesId": "pachirisu", "gender": "F", "shiny": false, "level": 96, "moves": ["encore", "superfang", "uturn", "discharge"], "ability": "Volt Absorb", "evs": {"hp": 85, "atk": 85, "def": 85, "spa": 85, "spd": 85, "spe": 85}, "ivs": {"hp": 31, "atk": 31, "def": 31, "spa": 31, "spd": 31, "spe": 31}, "item": "Heavy-Duty Boots", "teraType": "Flying", "role": "Fast Support", "bvs": {"hp": 60, "atk": 45, "def": 70, "spa": 45, "spd": 90, "spe": 95}, "stats": {"hp": 271, "atk": 141, "def": 189, "spa": 141, "spd": 227, "spe": 237}, "types": ["Electric"]}, "Gengar": {"name": "Gengar", "species": "Gengar", "speciesId": "gengar", "gender": "M", "shiny": false, "level": 81, "moves": ["sludgewave", "shadowball", "trick", "focusblast"], "ability": "Cursed Body", "evs": {"hp": 85, "atk": 0, "def": 85, "spa": 85, "spd": 85, "spe": 85}, "ivs": {"hp": 31, "atk": 0, "def": 31, "spa": 31, "spd": 31, "spe": 31}, "item": "Choice Specs", "teraType": "Fighting", "role": "Wallbreaker", "bvs": {"hp": 60, "atk": 65, "def": 60, "spa": 130, "spd": 75, "spe": 110}, "stats": {"hp": 230, "atk": 110, "def": 144, "spa": 257, "spd": 168, "spe": 225}, "types": ["Ghost", "Poison"]}, "Gothitelle": {"name": "Gothitelle", "species": "Gothitelle", "speciesId": "gothitelle", "gender": "F", "shiny": false, "level": 90, "moves": ["psychic", "focusblast", "trick", "darkpulse"], "ability": "Shadow Tag", "evs": {"hp": 85, "atk": 0, "def": 85, "spa": 85, "spd": 85, "spe": 85}, "ivs": {"hp": 31, "atk": 0, "def": 31, "spa": 31, "spd": 31, "spe": 31}, "item": "Choice Scarf", "teraType": "Flying", "role": "Fast Attacker", "bvs": {"hp": 70, "atk": 55, "def": 95, "spa": 95, "spd": 110, "spe": 65}, "stats": {"hp": 272, "atk": 104, "def": 222, "spa": 222, "spd": 249, "spe": 168}, "types": ["Psychic"]}, "Piloswine": {"name": "Piloswine", "species": "Piloswine", "speciesId": "piloswine", "gender": "M", "shiny": false, "level": 85, "moves": ["earthquake", "iciclecrash", "roar", "iceshard"], "ability": "Thick Fat", "evs": {"hp": 85, "atk": 85, "def": 85, "spa": 85, "spd": 85, "spe": 85}, "ivs": {"hp": 31, "atk": 31, "def": 31, "spa": 31, "spd": 31, "spe": 31}, "item": "Eviolite", "teraType": "Poison", "role": "Bulky Support", "bvs": {"hp": 100, "atk": 100, "def": 80, "spa": 60, "spd": 60, "spe": 50}, "stats": {"hp": 309, "atk": 219, "def": 185, "spa": 151, "spd": 151, "spe": 134}, "types": ["Ice", "Ground"]}, "Mimikyu": {"name": "Mimikyu", "species": "Mimikyu", "speciesId": "mimikyu", "gender": "M", "shiny": false, "level": 79, "moves": ["shadowclaw", "playrough", "swordsdance", "shadowsneak"], "ability": "Disguise", "evs": {"hp": 85, "atk": 85, "def": 85, "spa": 85, "spd": 85, "spe": 85}, "ivs": {"hp": 31, "atk": 31, "def": 31, "spa": 31, "spd": 31, "spe": 31}, "item": "Life Orb", "teraType": "Fairy", "role": "Fast Bulky Setup", "bvs": {"hp": 55, "atk": 90, "def": 80, "spa": 50, "spd": 105, "spe": 96}, "stats": {"hp": 216, "atk": 188, "def": 172, "spa": 125, "spd": 211, "spe": 197}, "types": ["Ghost", "Fairy"]}, "Dewgong": {"name": "Dewgong", "species": "Dewgong", "speciesId": "dewgong", "gender": "F", "shiny": false, "level": 94, "moves": ["encore", "surf", "icebeam", "flipturn"], "ability": "Thick Fat", "evs": {"hp": 85, "atk": 85, "def": 85, "spa": 85, "spd": 85, "spe": 85}, "ivs": {"hp": 31, "atk": 31, "def": 31, "spa": 31, "spd": 31, "spe": 31}, "item": "Heavy-Duty Boots", "teraType": "Poison", "role": "Bulky Support", "bvs": {"hp": 90, "atk": 70, "def": 80, "spa": 70, "spd": 95, "spe": 70}, "stats": {"hp": 322, "atk": 185, "def": 204, "spa": 185, "spd": 232, "spe": 185}, "types": ["Water", "Ice"]}}, {"Dedenne": {"name": "Dedenne", "species": "Dedenne", "speciesId": "dedenne", "gender": "F", "shiny": false, "level": 88, "moves": ["uturn", "nuzzle", "dazzlinggleam", "thunderbolt"], "ability": "Cheek Pouch", "evs": {"hp": 85, "atk": 85, "def": 85, "spa": 85, "spd": 85, "spe": 85}, "ivs": {"hp": 31, "atk": 31, "def": 31, "spa": 31, "spd": 31, "spe": 31}, "item": "Sitrus Berry", "teraType": "Flying", "role": "Fast Support", "bvs": {"hp": 67, "atk": 58, "def": 57, "spa": 81, "spd": 67, "spe": 101}, "stats": {"hp": 261, "atk": 152, "def": 151, "spa": 193, "spd": 168, "spe": 228}, "types": ["Electric", "Fairy"]}, "Ambipom": {"name": "Ambipom", "species": "Ambipom", "speciesId": "ambipom", "gender": "M", "shiny": false, "level": 84, "moves": ["fakeout", "knockoff", "doubleedge", "uturn"], "ability": "Technician", "evs": {"hp": 85, "atk": 85, "def": 85, "spa": 85, "spd": 85, "spe": 85}, "ivs": {"hp": 31, "atk": 31, "def": 31, "spa": 31, "spd": 31, "spe": 31}, "item": "Silk Scarf", "teraType": "Normal", "role": "Wallbreaker", "bvs": {"hp": 75, "atk": 100, "def": 66, "spa": 60, "spd": 66, "spe": 115}, "stats": {"hp": 263, "atk": 216, "def": 159, "spa": 149, "spd": 159, "spe": 241}, "types": ["Normal"]}, "Zebstrika": {"name": "Zebstrika", "species": "Zebstrika", "speciesId": "zebstrika", "gender": "F", "shiny": false, "level": 87, "moves": ["overheat", "supercellslam", "highhorsepower", "voltswitch"], "ability": "Sap Sipper", "evs": {"hp": 85, "atk": 85, "def": 85, "spa": 85, "spd": 85, "spe": 85}, "ivs": {"hp": 31, "atk": 31, "def": 31, "spa": 31, "spd": 31, "spe": 31}, "item": "Life Orb", "teraType": "Ground", "role": "Fast Attacker", "bvs": {"hp": 75, "atk": 100, "def": 63, "spa": 80, "spd": 63, "spe": 116}, "stats": {"hp": 272, "atk": 224, "def": 159, "spa": 189, "spd": 159, "spe": 252}, "types": ["Electric"]}, "Leafeon": {"name": "Leafeon", "species": "Leafeon", "speciesId": "leafeon", "gender": "F", "shiny": false, "level": 88, "moves": ["knockoff", "doubleedge", "swordsdance", "leafblade"], "ability": "Chlorophyll", "evs": {"hp": 85, "atk": 85, "def": 85, "spa": 85, "spd": 85, "spe": 85}, "ivs": {"hp": 31, "atk": 31, "def": 31, "spa": 31, "spd": 31, "spe": 31}, "item": "Life Orb", "teraType": "Dark", "role": "Setup Sweeper", "bvs": {"hp": 65, "atk": 110, "def": 130, "spa": 60, "spd": 65, "spe": 95}, "stats": {"hp": 258, "atk": 244, "def": 279, "spa": 156, "spd": 165, "spe": 217}, "types": ["Grass"]}, "Inteleon": {"name": "Inteleon", "species": "Inteleon", "speciesId": "inteleon", "gender": "F", "shiny": false, "level": 81, "moves": ["uturn", "hydropump", "icebeam", "scald"], "ability": "Torrent", "evs": {"hp": 85, "atk": 85, "def": 85, "spa": 85, "spd": 85, "spe": 85}, "ivs": {"hp": 31, "atk": 31, "def": 31, "spa": 31, "spd": 31, "spe": 31}, "item": "Choice Specs", "teraType": "Water", "role": "Wallbreaker", "bvs": {"hp": 70, "atk": 85, "def": 65, "spa": 125, "spd": 65, "spe": 120}, "stats": {"hp": 246, "atk": 184, "def": 152, "spa": 249, "spd": 152, "spe": 241}, "types": ["Water"]}, "Swanna": {"name": "Swanna", "species": "Swanna", "speciesId": "swanna", "gender": "F", "shiny": false, "level": 89, "moves": ["roost", "bravebird", "defog", "hydropump"], "ability": "Hydration", "evs": {"hp": 85, "atk": 85, "def": 85, "spa": 85, "spd": 85, "spe": 85}, "ivs": {"hp": 31, "atk": 31, "def": 31, "spa": 31, "spd": 31, "spe": 31}, "item": "Heavy-Duty Boots", "teraType": "Ground", "role": "Bulky Support", "bvs": {"hp": 75, "atk": 87, "def": 63, "spa": 87, "spd": 63, "spe": 98}, "stats": {"hp": 278, "atk": 206, "def": 163, "spa": 206, "spd": 163, "spe": 225}, "types": ["Water", "Flying"]}}]}