{"id": "gen9randombattle-2641103130", "format": "[Gen 9] Random Battle", "players": ["notmetbh102", "AcquiredWolf"], "log": "|j|\u2606notmetbh102\n|j|\u2606AcquiredWolf\n|t:|1782740776\n|gametype|singles\n|player|p1|notmetbh102|2|2030\n|player|p2|AcquiredWolf|diantha|2136\n|gen|9\n|tier|[Gen 9] Random Battle\n|rated|\n|rule|Species Clause: Limit one of each Pok\u00e9mon\n|rule|HP Percentage Mod: HP is shown in percentages\n|rule|Sleep Clause Mod: Limit one foe put to sleep\n|rule|Illusion Level Mod: Illusion disguises the Pok\u00e9mon's true level\n|\n|t:|1782740776\n|teamsize|p1|6\n|teamsize|p2|6\n|start\n|switch|p1a: Heatran|Heatran, L79, M|273/273\n|switch|p2a: Beartic|Beartic, L91, F|321/321\n|-item|p1a: Heatran|Air Balloon\n|turn|1\n|inactive|Battle timer is ON: inactive players will automatically lose when time's up. (requested by notmetbh102)\n|c|\u2606notmetbh102|hf\n|\n|t:|1782740793\n|switch|p2a: Walking Wake|Walking Wake, L79|286/286\n|move|p1a: Heatran|Lava Plume|p2a: Walking Wake\n|-resisted|p2a: Walking Wake\n|-crit|p2a: Walking Wake\n|-damage|p2a: Walking Wake|248/286\n|\n|upkeep\n|turn|2\n|\n|t:|1782740800\n|switch|p1a: Abomasnow|Abomasnow, L84, F|287/287\n|-weather|Snowscape|[from] ability: Snow Warning|[of] p1a: Abomasnow\n|move|p2a: Walking Wake|Flip Turn|p1a: Abomasnow\n|-resisted|p1a: Abomasnow\n|-damage|p1a: Abomasnow|268/287\n|\n|t:|1782740808\n|-end|p2a: Walking Wake|Protosynthesis|[silent]\n|switch|p2a: Tyranitar|Tyranitar, L78, M|284/284|[from] Flip Turn\n|-weather|Sandstorm|[from] ability: Sand Stream|[of] p2a: Tyranitar\n|\n|-weather|Sandstorm|[upkeep]\n|-damage|p1a: Abomasnow|251/287|[from] Sandstorm\n|upkeep\n|turn|3\n|\n|t:|1782740817\n|switch|p1a: Quaquaval|Quaquaval, L79, M|264/264\n|move|p2a: Tyranitar|Dragon Dance|p2a: Tyranitar\n|-boost|p2a: Tyranitar|atk|1\n|-boost|p2a: Tyranitar|spe|1\n|\n|-weather|Sandstorm|[upkeep]\n|-damage|p1a: Quaquaval|248/264|[from] Sandstorm\n|upkeep\n|turn|4\n|\n|t:|1782740844\n|-terastallize|p2a: Tyranitar|Ghost\n|move|p2a: Tyranitar|Knock Off|p1a: Quaquaval\n|-resisted|p1a: Quaquaval\n|-damage|p1a: Quaquaval|153/264\n|-enditem|p1a: Quaquaval|Choice Band|[from] move: Knock Off|[of] p2a: Tyranitar\n|move|p1a: Quaquaval|Aqua Step|p2a: Tyranitar\n|-crit|p2a: Tyranitar\n|-damage|p2a: Tyranitar|164/284\n|-boost|p1a: Quaquaval|spe|1\n|\n|-weather|Sandstorm|[upkeep]\n|-damage|p1a: Quaquaval|137/264|[from] Sandstorm\n|-damage|p2a: Tyranitar|147/284|[from] Sandstorm\n|upkeep\n|turn|5\n|inactive|AcquiredWolf has 120 seconds left.\n|\n|t:|1782740861\n|move|p1a: Quaquaval|Knock Off|p2a: Tyranitar\n|-supereffective|p2a: Tyranitar\n|-damage|p2a: Tyranitar|13/284\n|-enditem|p2a: Tyranitar|Weakness Policy\n|-boost|p2a: Tyranitar|atk|2|[from] item: Weakness Policy\n|-boost|p2a: Tyranitar|spa|2|[from] item: Weakness Policy\n|move|p2a: Tyranitar|Stone Edge|p1a: Quaquaval\n|-resisted|p1a: Quaquaval\n|-damage|p1a: Quaquaval|0 fnt\n|faint|p1a: Quaquaval\n|\n|-weather|Sandstorm|[upkeep]\n|-damage|p2a: Tyranitar|0 fnt|[from] Sandstorm\n|faint|p2a: Tyranitar\n|upkeep\n|inactive|AcquiredWolf has 120 seconds left.\n|\n|t:|1782740877\n|switch|p1a: Cramorant|Cramorant, L86, F|261/261\n|switch|p2a: Metagross|Metagross, L79|256/256\n|turn|6\n|\n|t:|1782740887\n|switch|p2a: Noctowl|Noctowl, L95, F|344/344\n|move|p1a: Cramorant|Surf|p2a: Noctowl\n|-formechange|p1a: Cramorant|Cramorant-Gulping|\n|-damage|p2a: Noctowl|263/344\n|\n|-weather|none\n|upkeep\n|turn|7\n|inactive|AcquiredWolf has 120 seconds left.\n|\n|t:|1782740895\n|move|p1a: Cramorant|Brave Bird|p2a: Noctowl\n|-damage|p2a: Noctowl|113/344\n|-damage|p1a: Cramorant|211/261|[from] Recoil\n|move|p2a: Noctowl|Roost|p2a: Noctowl\n|-heal|p2a: Noctowl|285/344\n|-singleturn|p2a: Noctowl|move: Roost\n|\n|upkeep\n|turn|8\n|\n|t:|1782740904\n|move|p1a: Cramorant|Brave Bird|p2a: Noctowl\n|-damage|p2a: Noctowl|113/344\n|-damage|p1a: Cramorant|154/261|[from] Recoil\n|move|p2a: Noctowl|Roost|p2a: Noctowl\n|-heal|p2a: Noctowl|285/344\n|-singleturn|p2a: Noctowl|move: Roost\n|\n|upkeep\n|turn|9\n|\n|t:|1782740913\n|move|p1a: Cramorant|Roost|p1a: Cramorant\n|-heal|p1a: Cramorant|261/261\n|-singleturn|p1a: Cramorant|move: Roost\n|move|p2a: Noctowl|Roost|p2a: Noctowl\n|-heal|p2a: Noctowl|344/344\n|-singleturn|p2a: Noctowl|move: Roost\n|\n|upkeep\n|turn|10\n|\n|t:|1782740922\n|move|p1a: Cramorant|Surf|p2a: Noctowl\n|-damage|p2a: Noctowl|275/344\n|move|p2a: Noctowl|Nasty Plot|p2a: Noctowl\n|-boost|p2a: Noctowl|spa|2\n|\n|upkeep\n|turn|11\n|\n|t:|1782740928\n|move|p1a: Cramorant|Brave Bird|p2a: Noctowl\n|-damage|p2a: Noctowl|107/344\n|-damage|p1a: Cramorant|206/261|[from] Recoil\n|move|p2a: Noctowl|Roost|p2a: Noctowl\n|-heal|p2a: Noctowl|279/344\n|-singleturn|p2a: Noctowl|move: Roost\n|\n|upkeep\n|turn|12\n|\n|t:|1782740937\n|move|p1a: Cramorant|Brave Bird|p2a: Noctowl\n|-damage|p2a: Noctowl|116/344\n|-damage|p1a: Cramorant|152/261|[from] Recoil\n|move|p2a: Noctowl|Hurricane|p1a: Cramorant\n|-damage|p1a: Cramorant|0 fnt\n|-damage|p2a: Noctowl|30/344|[from] ability: Gulp Missile|[of] p1a: Cramorant\n|-unboost|p2a: Noctowl|def|1\n|-formechange|p1a: Cramorant|Cramorant|\n|faint|p1a: Cramorant\n|\n|upkeep\n|\n|t:|1782740937\n|switch|p1a: Flutter Mane|Flutter Mane, L74|203/203\n|turn|13\n|\n|t:|1782740951\n|move|p1a: Flutter Mane|Mystical Fire|p2a: Noctowl\n|-damage|p2a: Noctowl|0 fnt\n|faint|p2a: Noctowl\n|-damage|p1a: Flutter Mane|183/203|[from] item: Life Orb\n|\n|upkeep\n|\n|t:|1782740964\n|switch|p2a: Drednaw|Drednaw, L81, M|278/278\n|turn|14\n|\n|t:|1782740967\n|-end|p1a: Flutter Mane|Protosynthesis|[silent]\n|switch|p1a: Abomasnow|Abomasnow, L84, F|251/287\n|-weather|Snowscape|[from] ability: Snow Warning|[of] p1a: Abomasnow\n|move|p2a: Drednaw|Shell Smash|p2a: Drednaw\n|-unboost|p2a: Drednaw|def|1\n|-unboost|p2a: Drednaw|spd|1\n|-boost|p2a: Drednaw|atk|2\n|-boost|p2a: Drednaw|spa|2\n|-boost|p2a: Drednaw|spe|2\n|-enditem|p2a: Drednaw|White Herb\n|-clearnegativeboost|p2a: Drednaw|[silent]\n|\n|-weather|Snowscape|[upkeep]\n|upkeep\n|turn|15\n|\n|t:|1782740980\n|-terastallize|p1a: Abomasnow|Water\n|move|p2a: Drednaw|Stone Edge|p1a: Abomasnow\n|-damage|p1a: Abomasnow|7/287\n|move|p1a: Abomasnow|Wood Hammer|p2a: Drednaw\n|-supereffective|p2a: Drednaw\n|-damage|p2a: Drednaw|0 fnt\n|faint|p2a: Drednaw\n|-damage|p1a: Abomasnow|0 fnt|[from] Recoil\n|faint|p1a: Abomasnow\n|\n|-weather|Snowscape|[upkeep]\n|upkeep\n|inactive|AcquiredWolf has 120 seconds left.\n|\n|t:|1782741006\n|switch|p2a: Beartic|Beartic, L91, F|321/321\n|switch|p1a: Gallade|Gallade, L80, M|240/240\n|turn|16\n|\n|t:|1782741014\n|move|p1a: Gallade|Sacred Sword|p2a: Beartic\n|-supereffective|p2a: Beartic\n|-damage|p2a: Beartic|21/321\n|move|p2a: Beartic|Icicle Crash|p1a: Gallade\n|-damage|p1a: Gallade|65/240\n|\n|-weather|Snowscape|[upkeep]\n|upkeep\n|turn|17\n|\n|t:|1782741025\n|move|p2a: Beartic|Aqua Jet|p1a: Gallade\n|-damage|p1a: Gallade|7/240\n|move|p1a: Gallade|Sacred Sword|p2a: Beartic\n|-supereffective|p2a: Beartic\n|-damage|p2a: Beartic|0 fnt\n|faint|p2a: Beartic\n|\n|-weather|Snowscape|[upkeep]\n|upkeep\n|\n|t:|1782741034\n|switch|p2a: Walking Wake|Walking Wake, L79|248/286\n|turn|18\n|\n|t:|1782741038\n|move|p2a: Walking Wake|Flip Turn|p1a: Gallade\n|-damage|p1a: Gallade|0 fnt\n|faint|p1a: Gallade\n|\n|t:|1782741042\n|-end|p2a: Walking Wake|Protosynthesis|[silent]\n|switch|p2a: Metagross|Metagross, L79|256/256|[from] Flip Turn\n|\n|-weather|none\n|upkeep\n|\n|t:|1782741043\n|switch|p1a: Heatran|Heatran, L79, M|273/273\n|-item|p1a: Heatran|Air Balloon\n|turn|19\n|\n|t:|1782741057\n|switch|p1a: Flutter Mane|Flutter Mane, L74|183/203\n|switch|p2a: Walking Wake|Walking Wake, L79|248/286\n|\n|upkeep\n|turn|20\n|\n|t:|1782741067\n|move|p1a: Flutter Mane|Moonblast|p2a: Walking Wake\n|-supereffective|p2a: Walking Wake\n|-damage|p2a: Walking Wake|0 fnt\n|faint|p2a: Walking Wake\n|-end|p2a: Walking Wake|Protosynthesis|[silent]\n|-damage|p1a: Flutter Mane|163/203|[from] item: Life Orb\n|\n|upkeep\n|\n|t:|1782741073\n|switch|p2a: Metagross|Metagross, L79|256/256\n|turn|21\n|\n|t:|1782741076\n|move|p1a: Flutter Mane|Shadow Ball|p2a: Metagross\n|-supereffective|p2a: Metagross\n|-damage|p2a: Metagross|38/256\n|-enditem|p2a: Metagross|Weakness Policy\n|-boost|p2a: Metagross|atk|2|[from] item: Weakness Policy\n|-boost|p2a: Metagross|spa|2|[from] item: Weakness Policy\n|-damage|p1a: Flutter Mane|143/203|[from] item: Life Orb\n|move|p2a: Metagross|Agility|p2a: Metagross\n|-boost|p2a: Metagross|spe|2\n|\n|upkeep\n|turn|22\n|\n|t:|1782741087\n|move|p2a: Metagross|Heavy Slam|p1a: Flutter Mane\n|-supereffective|p1a: Flutter Mane\n|-damage|p1a: Flutter Mane|0 fnt\n|faint|p1a: Flutter Mane\n|-end|p1a: Flutter Mane|Protosynthesis|[silent]\n|\n|upkeep\n|\n|t:|1782741088\n|switch|p1a: Heatran|Heatran, L79, M|273/273\n|-item|p1a: Heatran|Air Balloon\n|turn|23\n|\n|t:|1782741096\n|move|p2a: Metagross|Knock Off|p1a: Heatran\n|-damage|p1a: Heatran|140/273\n|-enditem|p1a: Heatran|Air Balloon\n|move|p1a: Heatran|Earth Power|p2a: Metagross\n|-supereffective|p2a: Metagross\n|-damage|p2a: Metagross|0 fnt\n|faint|p2a: Metagross\n|\n|win|notmetbh102\n|raw|notmetbh102's rating: 2030 &rarr; <strong>2056</strong><br />(+26 for winning)\n|raw|AcquiredWolf's rating: 2136 &rarr; <strong>2110</strong><br />(-26 for losing)\n|c|\u2606notmetbh102|gg\n", "inputlog": ">version f8ac14003a5f27e1bdc8d8c59608a773c1cb96e5\n>start {\"formatid\":\"gen9randombattle\",\"seed\":\"sodium,5441ba9b6f50b58cb244ef2f7a64051e\",\"rated\":\"Rated battle\"}\n>player p1 {\"name\":\"notmetbh102\",\"avatar\":\"2\",\"rating\":2030,\"seed\":\"sodium,ae8a10864a42ca857001f3c6d6b1cf6b\"}\n>player p2 {\"name\":\"AcquiredWolf\",\"avatar\":\"diantha\",\"rating\":2136,\"seed\":\"sodium,5ef2da26c85a7c559aee04f4fcc3172f\"}\n>chat \u2606notmetbh102|hf\n>p1 move lavaplume\n>p2 switch 2\n>p1 switch 4\n>p2 move flipturn\n>p2 switch 3\n>p1 switch 2\n>p2 move dragondance\n>p1 move aquastep\n>p2 move knockoff terastallize\n>p1 move knockoff\n>p2 move stoneedge\n>p1 switch 6\n>p2 switch 4\n>p1 move surf\n>p2 switch 6\n>p1 move bravebird\n>p2 move roost\n>p1 move bravebird\n>p2 move roost\n>p1 move roost\n>p2 move roost\n>p1 move surf\n>p2 move nastyplot\n>p1 move bravebird\n>p2 move roost\n>p1 move bravebird\n>p2 move hurricane\n>p1 switch 3\n>p1 move mysticalfire\n>p2 move hurricane\n>p2 switch 5\n>p1 switch 2\n>p2 move shellsmash\n>p1 move woodhammer terastallize\n>p2 move stoneedge\n>p1 switch 5\n>p2 switch 2\n>p1 move sacredsword\n>p2 move iciclecrash\n>p1 move sacredsword\n>p2 move aquajet\n>p2 switch 3\n>p1 move sacredsword\n>p2 move flipturn\n>p2 switch 6\n>p1 switch 4\n>p1 switch 2\n>p2 switch 6\n>p1 move moonblast\n>p2 move flipturn\n>p2 switch 6\n>p1 move shadowball\n>p2 move agility\n>p1 move moonblast\n>p2 move heavyslam\n>p1 switch 2\n>p1 move earthpower\n>p2 move knockoff", "uploadtime": 1782741097, "views": 7, "formatid": "gen9randombattle", "rating": 2056, "private": 0, "password": null, "player_dets": [{"name": "notmetbh102", "avatar": "2", "rating": 2030, "seed": "sodium,ae8a10864a42ca857001f3c6d6b1cf6b"}, {"name": "AcquiredWolf", "avatar": "diantha", "rating": 2136, "seed": "sodium,5ef2da26c85a7c559aee04f4fcc3172f"}], "teams_full": [{"Heatran": {"name": "Heatran", "species": "Heatran", "speciesId": "heatran", "gender": "M", "shiny": false, "level": 79, "moves": ["heavyslam", "stealthrock", "earthpower", "lavaplume"], "ability": "Flash Fire", "evs": {"hp": 85, "atk": 85, "def": 85, "spa": 85, "spd": 85, "spe": 85}, "ivs": {"hp": 31, "atk": 31, "def": 31, "spa": 31, "spd": 31, "spe": 31}, "item": "Air Balloon", "teraType": "Grass", "role": "Bulky Support", "bvs": {"hp": 91, "atk": 90, "def": 106, "spa": 130, "spd": 106, "spe": 77}, "stats": {"hp": 273, "atk": 188, "def": 213, "spa": 251, "spd": 213, "spe": 167}, "types": ["Fire", "Steel"]}, "Quaquaval": {"name": "Quaquaval", "species": "Quaquaval", "speciesId": "quaquaval", "gender": "M", "shiny": false, "level": 79, "moves": ["closecombat", "knockoff", "tripleaxel", "aquastep"], "ability": "Moxie", "evs": {"hp": 85, "atk": 85, "def": 85, "spa": 85, "spd": 85, "spe": 85}, "ivs": {"hp": 31, "atk": 31, "def": 31, "spa": 31, "spd": 31, "spe": 31}, "item": "Choice Band", "teraType": "Fighting", "role": "Wallbreaker", "bvs": {"hp": 85, "atk": 120, "def": 80, "spa": 85, "spd": 75, "spe": 85}, "stats": {"hp": 264, "atk": 235, "def": 172, "spa": 180, "spd": 164, "spe": 180}, "types": ["Water", "Fighting"]}, "Flutter Mane": {"name": "Flutter Mane", "species": "Flutter Mane", "speciesId": "fluttermane", "gender": "N", "shiny": false, "level": 74, "moves": ["moonblast", "shadowball", "calmmind", "mysticalfire"], "ability": "Protosynthesis", "evs": {"hp": 85, "atk": 0, "def": 85, "spa": 85, "spd": 85, "spe": 85}, "ivs": {"hp": 31, "atk": 0, "def": 31, "spa": 31, "spd": 31, "spe": 31}, "item": "Life Orb", "teraType": "Ghost", "role": "Setup Sweeper", "bvs": {"hp": 55, "atk": 55, "def": 55, "spa": 135, "spd": 135, "spe": 135}, "stats": {"hp": 203, "atk": 86, "def": 124, "spa": 243, "spd": 243, "spe": 243}, "types": ["Ghost", "Fairy"]}, "Abomasnow": {"name": "Abomasnow", "species": "Abomasnow", "speciesId": "abomasnow", "gender": "F", "shiny": false, "level": 84, "moves": ["woodhammer", "blizzard", "auroraveil", "iceshard"], "ability": "Snow Warning", "evs": {"hp": 77, "atk": 85, "def": 85, "spa": 85, "spd": 85, "spe": 85}, "ivs": {"hp": 31, "atk": 31, "def": 31, "spa": 31, "spd": 31, "spe": 31}, "item": "Light Clay", "teraType": "Water", "role": "Bulky Support", "bvs": {"hp": 90, "atk": 92, "def": 75, "spa": 92, "spd": 85, "spe": 60}, "stats": {"hp": 287, "atk": 203, "def": 174, "spa": 203, "spd": 191, "spe": 149}, "types": ["Grass", "Ice"]}, "Gallade": {"name": "Gallade", "species": "Gallade", "speciesId": "gallade", "gender": "M", "shiny": false, "level": 80, "moves": ["leafblade", "nightslash", "sacredsword", "psychocut"], "ability": "Sharpness", "evs": {"hp": 85, "atk": 85, "def": 85, "spa": 85, "spd": 85, "spe": 85}, "ivs": {"hp": 31, "atk": 31, "def": 31, "spa": 31, "spd": 31, "spe": 31}, "item": "Choice Band", "teraType": "Dark", "role": "Fast Attacker", "bvs": {"hp": 68, "atk": 125, "def": 65, "spa": 65, "spd": 115, "spe": 80}, "stats": {"hp": 240, "atk": 246, "def": 150, "spa": 150, "spd": 230, "spe": 174}, "types": ["Psychic", "Fighting"]}, "Cramorant": {"name": "Cramorant", "species": "Cramorant", "speciesId": "cramorant", "gender": "F", "shiny": false, "level": 86, "moves": ["surf", "roost", "defog", "bravebird"], "ability": "Gulp Missile", "evs": {"hp": 85, "atk": 85, "def": 85, "spa": 85, "spd": 85, "spe": 85}, "ivs": {"hp": 31, "atk": 31, "def": 31, "spa": 31, "spd": 31, "spe": 31}, "item": "Heavy-Duty Boots", "teraType": "Ground", "role": "Bulky Support", "bvs": {"hp": 70, "atk": 85, "def": 55, "spa": 85, "spd": 95, "spe": 85}, "stats": {"hp": 261, "atk": 195, "def": 144, "spa": 195, "spd": 213, "spe": 195}, "types": ["Flying", "Water"]}}, {"Beartic": {"name": "Beartic", "species": "Beartic", "speciesId": "beartic", "gender": "F", "shiny": false, "level": 91, "moves": ["earthquake", "swordsdance", "iciclecrash", "aquajet"], "ability": "Swift Swim", "evs": {"hp": 85, "atk": 85, "def": 85, "spa": 85, "spd": 85, "spe": 85}, "ivs": {"hp": 31, "atk": 31, "def": 31, "spa": 31, "spd": 31, "spe": 31}, "item": "Heavy-Duty Boots", "teraType": "Ground", "role": "Wallbreaker", "bvs": {"hp": 95, "atk": 130, "def": 80, "spa": 70, "spd": 80, "spe": 50}, "stats": {"hp": 321, "atk": 288, "def": 197, "spa": 179, "spd": 197, "spe": 143}, "types": ["Ice"]}, "Walking Wake": {"name": "Walking Wake", "species": "Walking Wake", "speciesId": "walkingwake", "gender": "N", "shiny": false, "level": 79, "moves": ["hydropump", "flipturn", "dracometeor", "flamethrower"], "ability": "Protosynthesis", "evs": {"hp": 85, "atk": 85, "def": 85, "spa": 85, "spd": 85, "spe": 85}, "ivs": {"hp": 31, "atk": 31, "def": 31, "spa": 31, "spd": 31, "spe": 31}, "item": "Choice Specs", "teraType": "Water", "role": "Wallbreaker", "bvs": {"hp": 99, "atk": 83, "def": 91, "spa": 125, "spd": 83, "spe": 109}, "stats": {"hp": 286, "atk": 177, "def": 189, "spa": 243, "spd": 177, "spe": 218}, "types": ["Water", "Dragon"]}, "Tyranitar": {"name": "Tyranitar", "species": "Tyranitar", "speciesId": "tyranitar", "gender": "M", "shiny": false, "level": 78, "moves": ["stoneedge", "icepunch", "dragondance", "knockoff"], "ability": "Sand Stream", "evs": {"hp": 85, "atk": 85, "def": 85, "spa": 85, "spd": 85, "spe": 85}, "ivs": {"hp": 31, "atk": 31, "def": 31, "spa": 31, "spd": 31, "spe": 31}, "item": "Weakness Policy", "teraType": "Ghost", "role": "Bulky Setup", "bvs": {"hp": 100, "atk": 134, "def": 110, "spa": 95, "spd": 100, "spe": 61}, "stats": {"hp": 284, "atk": 254, "def": 217, "spa": 193, "spd": 201, "spe": 140}, "types": ["Rock", "Dark"]}, "Metagross": {"name": "Metagross", "species": "Metagross", "speciesId": "metagross", "gender": "N", "shiny": false, "level": 79, "moves": ["knockoff", "earthquake", "agility", "heavyslam"], "ability": "Clear Body", "evs": {"hp": 85, "atk": 85, "def": 85, "spa": 85, "spd": 85, "spe": 85}, "ivs": {"hp": 31, "atk": 31, "def": 31, "spa": 31, "spd": 31, "spe": 31}, "item": "Weakness Policy", "teraType": "Ground", "role": "Bulky Setup", "bvs": {"hp": 80, "atk": 135, "def": 130, "spa": 95, "spd": 90, "spe": 70}, "stats": {"hp": 256, "atk": 259, "def": 251, "spa": 196, "spd": 188, "spe": 156}, "types": ["Steel", "Psychic"]}, "Drednaw": {"name": "Drednaw", "species": "Drednaw", "speciesId": "drednaw", "gender": "M", "shiny": false, "level": 81, "moves": ["shellsmash", "liquidation", "stoneedge", "crunch"], "ability": "Strong Jaw", "evs": {"hp": 85, "atk": 85, "def": 85, "spa": 85, "spd": 85, "spe": 85}, "ivs": {"hp": 31, "atk": 31, "def": 31, "spa": 31, "spd": 31, "spe": 31}, "item": "White Herb", "teraType": "Dark", "role": "Setup Sweeper", "bvs": {"hp": 90, "atk": 115, "def": 90, "spa": 48, "spd": 68, "spe": 74}, "stats": {"hp": 278, "atk": 233, "def": 192, "spa": 124, "spd": 157, "spe": 167}, "types": ["Water", "Rock"]}, "Noctowl": {"name": "Noctowl", "species": "Noctowl", "speciesId": "noctowl", "gender": "F", "shiny": false, "level": 95, "moves": ["roost", "nastyplot", "hypervoice", "hurricane"], "ability": "Tinted Lens", "evs": {"hp": 85, "atk": 0, "def": 85, "spa": 85, "spd": 85, "spe": 85}, "ivs": {"hp": 31, "atk": 0, "def": 31, "spa": 31, "spd": 31, "spe": 31}, "item": "Heavy-Duty Boots", "teraType": "Steel", "role": "Bulky Attacker", "bvs": {"hp": 100, "atk": 50, "def": 50, "spa": 86, "spd": 96, "spe": 70}, "stats": {"hp": 344, "atk": 100, "def": 149, "spa": 217, "spd": 236, "spe": 187}, "types": ["Normal", "Flying"]}}]}