{"id": "gen9randombattle-2641550025", "format": "[Gen 9] Random Battle", "players": ["DAZHULAN", "Priyonto"], "log": "|j|\u2606DAZHULAN\n|j|\u2606Priyonto\n|t:|1782805915\n|gametype|singles\n|player|p1|DAZHULAN|cynthia|1942\n|player|p2|Priyonto|nate|2035\n|gen|9\n|tier|[Gen 9] Random Battle\n|rated|\n|rule|Species Clause: Limit one of each Pok\u00e9mon\n|rule|HP Percentage Mod: HP is shown in percentages\n|rule|Sleep Clause Mod: Limit one foe put to sleep\n|rule|Illusion Level Mod: Illusion disguises the Pok\u00e9mon's true level\n|\n|t:|1782805915\n|teamsize|p1|6\n|teamsize|p2|6\n|start\n|switch|p1a: Mightyena|Mightyena, L96, M|290/290\n|switch|p2a: Dragapult|Dragapult, L77, M|262/262\n|-ability|p1a: Mightyena|Intimidate|boost\n|-unboost|p2a: Dragapult|atk|1\n|turn|1\n|inactive|Battle timer is ON: inactive players will automatically lose when time's up. (requested by DAZHULAN)\n|\n|t:|1782805931\n|switch|p2a: Forretress|Forretress, L84, M|263/263\n|move|p1a: Mightyena|Poison Fang|p2a: Forretress\n|-immune|p2a: Forretress\n|\n|upkeep\n|turn|2\n|inactive|DAZHULAN has 120 seconds left.\n|\n|t:|1782805962\n|move|p1a: Mightyena|Super Fang|p2a: Forretress\n|-damage|p2a: Forretress|132/263\n|move|p2a: Forretress|Stealth Rock|p1a: Mightyena\n|-sidestart|p1: DAZHULAN|move: Stealth Rock\n|\n|-heal|p2a: Forretress|148/263|[from] item: Leftovers\n|upkeep\n|turn|3\n|inactive|DAZHULAN has 120 seconds left.\n|\n|t:|1782805975\n|move|p1a: Mightyena|Throat Chop|p2a: Forretress\n|-damage|p2a: Forretress|75/263\n|-start|p2a: Forretress|Throat Chop|[silent]\n|move|p2a: Forretress|Body Press|p1a: Mightyena\n|-supereffective|p1a: Mightyena\n|-damage|p1a: Mightyena|128/290\n|\n|-heal|p2a: Forretress|91/263|[from] item: Leftovers\n|upkeep\n|turn|4\n|inactive|DAZHULAN has 120 seconds left.\n|\n|t:|1782805993\n|switch|p1a: Overqwil|Overqwil, L82, M|274/274\n|-damage|p1a: Overqwil|240/274|[from] Stealth Rock\n|-ability|p1a: Overqwil|Intimidate|boost\n|-unboost|p2a: Forretress|atk|1\n|move|p2a: Forretress|Body Press|p1a: Overqwil\n|-damage|p1a: Overqwil|171/274\n|\n|-heal|p2a: Forretress|107/263|[from] item: Leftovers\n|-end|p2a: Forretress|Throat Chop|[silent]\n|upkeep\n|turn|5\n|inactive|DAZHULAN has 120 seconds left.\n|\n|t:|1782806003\n|move|p1a: Overqwil|Crunch|p2a: Forretress\n|-damage|p2a: Forretress|2/263\n|move|p2a: Forretress|Body Press|p1a: Overqwil\n|-damage|p1a: Overqwil|95/274\n|\n|-heal|p2a: Forretress|18/263|[from] item: Leftovers\n|upkeep\n|turn|6\n|\n|t:|1782806010\n|move|p1a: Overqwil|Crunch|p2a: Forretress\n|-damage|p2a: Forretress|0 fnt\n|faint|p2a: Forretress\n|\n|upkeep\n|\n|t:|1782806031\n|switch|p2a: Ogerpon|Ogerpon-Cornerstone, L76, F|247/247\n|turn|7\n|\n|t:|1782806042\n|move|p2a: Ogerpon|Ivy Cudgel|p1a: Overqwil|[anim] Ivy Cudgel Rock\n|-damage|p1a: Overqwil|0 fnt\n|faint|p1a: Overqwil\n|\n|upkeep\n|\n|t:|1782806060\n|switch|p1a: Tinkaton|Tinkaton, L82, F|274/274\n|-damage|p1a: Tinkaton|257/274|[from] Stealth Rock\n|-ability|p1a: Tinkaton|Mold Breaker\n|turn|8\n|\n|t:|1782806068\n|switch|p2a: Emboar|Emboar, L84, M|322/322\n|move|p1a: Tinkaton|Gigaton Hammer|p2a: Emboar\n|-resisted|p2a: Emboar\n|-damage|p2a: Emboar|245/322\n|\n|-heal|p1a: Tinkaton|274/274|[from] item: Leftovers\n|-heal|p2a: Emboar|265/322|[from] item: Leftovers\n|upkeep\n|turn|9\n|\n|t:|1782806081\n|switch|p1a: Mightyena|Mightyena, L96, M|128/290\n|-damage|p1a: Mightyena|92/290|[from] Stealth Rock\n|-ability|p1a: Mightyena|Intimidate|boost\n|-unboost|p2a: Emboar|atk|1\n|move|p2a: Emboar|Flare Blitz|p1a: Mightyena\n|-damage|p1a: Mightyena|0 fnt\n|faint|p1a: Mightyena\n|-damage|p2a: Emboar|235/322|[from] Recoil\n|\n|-heal|p2a: Emboar|255/322|[from] item: Leftovers\n|upkeep\n|inactive|DAZHULAN has 120 seconds left.\n|\n|t:|1782806103\n|switch|p1a: Falinks|Falinks, L84|246/246\n|-damage|p1a: Falinks|231/246|[from] Stealth Rock\n|turn|10\n|\n|t:|1782806108\n|move|p1a: Falinks|No Retreat|p1a: Falinks\n|-boost|p1a: Falinks|atk|1\n|-boost|p1a: Falinks|def|1\n|-boost|p1a: Falinks|spa|1\n|-boost|p1a: Falinks|spd|1\n|-boost|p1a: Falinks|spe|1\n|-start|p1a: Falinks|move: No Retreat\n|move|p2a: Emboar|Bulk Up|p2a: Emboar\n|-boost|p2a: Emboar|atk|1\n|-boost|p2a: Emboar|def|1\n|\n|-heal|p2a: Emboar|275/322|[from] item: Leftovers\n|upkeep\n|turn|11\n|\n|t:|1782806118\n|move|p1a: Falinks|Close Combat|p2a: Emboar\n|-damage|p2a: Emboar|67/322\n|-unboost|p1a: Falinks|def|1\n|-unboost|p1a: Falinks|spd|1\n|-damage|p1a: Falinks|207/246|[from] item: Life Orb\n|move|p2a: Emboar|Drain Punch|p1a: Falinks\n|-damage|p1a: Falinks|122/246\n|-heal|p2a: Emboar|110/322|[from] drain|[of] p1a: Falinks\n|\n|-heal|p2a: Emboar|130/322|[from] item: Leftovers\n|upkeep\n|turn|12\n|\n|t:|1782806131\n|move|p1a: Falinks|Close Combat|p2a: Emboar\n|-damage|p2a: Emboar|0 fnt\n|-unboost|p1a: Falinks|def|1\n|-unboost|p1a: Falinks|spd|1\n|faint|p2a: Emboar\n|-damage|p1a: Falinks|98/246|[from] item: Life Orb\n|\n|upkeep\n|inactive|Priyonto has 120 seconds left.\n|\n|t:|1782806158\n|switch|p2a: Ogerpon|Ogerpon-Cornerstone, L76, F|247/247\n|turn|13\n|\n|t:|1782806166\n|move|p1a: Falinks|Iron Head|p2a: Ogerpon\n|-supereffective|p2a: Ogerpon\n|-ability|p2a: Ogerpon|Sturdy\n|-damage|p2a: Ogerpon|1/247\n|-damage|p1a: Falinks|74/246|[from] item: Life Orb\n|cant|p2a: Ogerpon|flinch\n|\n|upkeep\n|turn|14\n|\n|t:|1782806176\n|move|p1a: Falinks|Knock Off|p2a: Ogerpon\n|-damage|p2a: Ogerpon|0 fnt\n|faint|p2a: Ogerpon\n|-damage|p1a: Falinks|50/246|[from] item: Life Orb\n|\n|upkeep\n|\n|t:|1782806182\n|switch|p2a: Infernape|Infernape, L82, F|259/259\n|turn|15\n|\n|t:|1782806188\n|move|p1a: Falinks|Close Combat|p2a: Infernape\n|-damage|p2a: Infernape|0 fnt\n|-unboost|p1a: Falinks|def|1\n|-unboost|p1a: Falinks|spd|1\n|faint|p2a: Infernape\n|-damage|p1a: Falinks|26/246|[from] item: Life Orb\n|\n|upkeep\n|\n|t:|1782806197\n|switch|p2a: Dragapult|Dragapult, L77, M|262/262\n|turn|16\n|\n|t:|1782806205\n|-terastallize|p2a: Dragapult|Dragon\n|move|p2a: Dragapult|U-turn|p1a: Falinks\n|-resisted|p1a: Falinks\n|-damage|p1a: Falinks|0 fnt\n|faint|p1a: Falinks\n|\n|t:|1782806211\n|switch|p2a: Gothitelle|Gothitelle, L90, M|272/272|[from] U-turn\n|\n|upkeep\n|\n|t:|1782806219\n|switch|p1a: Komala|Komala, L88, M|258/258\n|-damage|p1a: Komala|226/258|[from] Stealth Rock\n|-ability|p1a: Komala|Comatose\n|turn|17\n|\n|t:|1782806227\n|move|p2a: Gothitelle|Focus Blast|p1a: Komala\n|-supereffective|p1a: Komala\n|-damage|p1a: Komala|100/258\n|move|p1a: Komala|Knock Off|p2a: Gothitelle\n|-supereffective|p2a: Gothitelle\n|-damage|p2a: Gothitelle|110/272\n|-enditem|p2a: Gothitelle|Choice Scarf|[from] move: Knock Off|[of] p1a: Komala\n|\n|upkeep\n|turn|18\n|\n|t:|1782806250\n|move|p2a: Gothitelle|Psychic|p1a: Komala\n|-damage|p1a: Komala|39/258\n|move|p1a: Komala|Rapid Spin|p2a: Gothitelle\n|-damage|p2a: Gothitelle|50/272\n|-boost|p1a: Komala|spe|1\n|-sideend|p1: DAZHULAN|Stealth Rock|[from] move: Rapid Spin|[of] p1a: Komala\n|\n|upkeep\n|turn|19\n|\n|t:|1782806265\n|move|p1a: Komala|Knock Off|p2a: Gothitelle\n|-supereffective|p2a: Gothitelle\n|-damage|p2a: Gothitelle|0 fnt\n|faint|p2a: Gothitelle\n|\n|upkeep\n|\n|t:|1782806270\n|switch|p2a: Dragapult|Dragapult, L77, M, tera:Dragon|262/262\n|turn|20\n|\n|t:|1782806277\n|move|p2a: Dragapult|Fire Blast|p1a: Komala\n|-damage|p1a: Komala|0 fnt\n|faint|p1a: Komala\n|\n|upkeep\n|\n|t:|1782806289\n|switch|p1a: Tinkaton|Tinkaton, L82, F|274/274\n|-ability|p1a: Tinkaton|Mold Breaker\n|turn|21\n|\n|t:|1782806300\n|-terastallize|p1a: Tinkaton|Water\n|move|p2a: Dragapult|Fire Blast|p1a: Tinkaton\n|-resisted|p1a: Tinkaton\n|-damage|p1a: Tinkaton|232/274\n|move|p1a: Tinkaton|Thunder Wave|p2a: Dragapult\n|-status|p2a: Dragapult|par\n|\n|-heal|p1a: Tinkaton|249/274|[from] item: Leftovers\n|upkeep\n|turn|22\n|-message|Priyonto forfeited.\n|\n|win|DAZHULAN\n", "inputlog": ">version f8ac14003a5f27e1bdc8d8c59608a773c1cb96e5\n>start {\"formatid\":\"gen9randombattle\",\"seed\":\"sodium,a567e7df60f6e50e0dc9b0a7b11d6eeb\",\"rated\":\"Rated battle\"}\n>player p1 {\"name\":\"DAZHULAN\",\"avatar\":\"cynthia\",\"rating\":1942,\"seed\":\"sodium,eae92c07d1b6bd24cfbffc5f1c04dbe4\"}\n>player p2 {\"name\":\"Priyonto\",\"avatar\":\"nate\",\"rating\":2035,\"seed\":\"sodium,d67eca36083052e4d9c92cc9f419469e\"}\n>p1 move poisonfang\n>p2 switch 5\n>p1 move superfang\n>p2 move stealthrock\n>p1 move throatchop\n>p2 move bodypress\n>p1 switch 6\n>p2 move bodypress\n>p1 move crunch\n>p2 move bodypress\n>p1 move crunch\n>p2 move bodypress\n>p2 switch 6\n>p1 move crunch\n>p2 move ivycudgel\n>p1 switch 3\n>p1 move gigatonhammer\n>p2 switch 2\n>p1 switch 6\n>p2 move flareblitz\n>p1 switch 4\n>p1 move noretreat\n>p2 move bulkup\n>p1 move closecombat\n>p2 move drainpunch\n>p1 move closecombat\n>p2 move drainpunch\n>p2 switch 2\n>p1 move ironhead\n>p2 move powerwhip\n>p1 move knockoff\n>p2 move superpower\n>p2 switch 3\n>p1 move closecombat\n>p2 move knockoff\n>p2 switch 5\n>p1 move knockoff\n>p2 move uturn terastallize\n>p2 switch 4\n>p1 switch 2\n>p1 move knockoff\n>p2 move focusblast\n>p1 move rapidspin\n>p2 move psychic\n>p1 move knockoff\n>p2 move psychic\n>p2 switch 4\n>p1 move knockoff\n>p2 move fireblast\n>p1 switch 6\n>p1 move thunderwave terastallize\n>p2 move fireblast\n>forcelose p2", "uploadtime": 1782805919, "views": 9, "formatid": "gen9randombattle", "rating": null, "private": 0, "password": null, "player_dets": [{"name": "DAZHULAN", "avatar": "cynthia", "rating": 1942, "seed": "sodium,eae92c07d1b6bd24cfbffc5f1c04dbe4"}, {"name": "Priyonto", "avatar": "nate", "rating": 2035, "seed": "sodium,d67eca36083052e4d9c92cc9f419469e"}], "teams_full": [{"Mightyena": {"name": "Mightyena", "species": "Mightyena", "speciesId": "mightyena", "gender": "M", "shiny": false, "level": 96, "moves": ["superfang", "suckerpunch", "throatchop", "poisonfang"], "ability": "Intimidate", "evs": {"hp": 85, "atk": 85, "def": 85, "spa": 85, "spd": 85, "spe": 85}, "ivs": {"hp": 31, "atk": 31, "def": 31, "spa": 31, "spd": 31, "spe": 31}, "item": "Assault Vest", "teraType": "Poison", "role": "AV Pivot", "bvs": {"hp": 70, "atk": 90, "def": 70, "spa": 60, "spd": 60, "spe": 70}, "stats": {"hp": 290, "atk": 227, "def": 189, "spa": 170, "spd": 170, "spe": 189}, "types": ["Dark"]}, "Komala": {"name": "Komala", "species": "Komala", "speciesId": "komala", "gender": "M", "shiny": false, "level": 88, "moves": ["rapidspin", "bodyslam", "earthquake", "knockoff"], "ability": "Comatose", "evs": {"hp": 85, "atk": 85, "def": 85, "spa": 85, "spd": 85, "spe": 85}, "ivs": {"hp": 31, "atk": 31, "def": 31, "spa": 31, "spd": 31, "spe": 31}, "item": "Assault Vest", "teraType": "Ghost", "role": "Bulky Support", "bvs": {"hp": 65, "atk": 115, "def": 65, "spa": 75, "spd": 95, "spe": 65}, "stats": {"hp": 258, "atk": 253, "def": 165, "spa": 182, "spd": 217, "spe": 165}, "types": ["Normal"]}, "Tinkaton": {"name": "Tinkaton", "species": "Tinkaton", "speciesId": "tinkaton", "gender": "F", "shiny": false, "level": 82, "moves": ["thunderwave", "gigatonhammer", "playrough", "stealthrock"], "ability": "Mold Breaker", "evs": {"hp": 85, "atk": 85, "def": 85, "spa": 85, "spd": 85, "spe": 85}, "ivs": {"hp": 31, "atk": 31, "def": 31, "spa": 31, "spd": 31, "spe": 31}, "item": "Leftovers", "teraType": "Water", "role": "Bulky Attacker", "bvs": {"hp": 85, "atk": 75, "def": 77, "spa": 70, "spd": 105, "spe": 94}, "stats": {"hp": 274, "atk": 170, "def": 173, "spa": 162, "spd": 219, "spe": 201}, "types": ["Fairy", "Steel"]}, "Falinks": {"name": "Falinks", "species": "Falinks", "speciesId": "falinks", "gender": "N", "shiny": false, "level": 84, "moves": ["closecombat", "noretreat", "knockoff", "ironhead"], "ability": "Defiant", "evs": {"hp": 85, "atk": 85, "def": 85, "spa": 85, "spd": 85, "spe": 85}, "ivs": {"hp": 31, "atk": 31, "def": 31, "spa": 31, "spd": 31, "spe": 31}, "item": "Life Orb", "teraType": "Steel", "role": "Setup Sweeper", "bvs": {"hp": 65, "atk": 100, "def": 100, "spa": 70, "spd": 60, "spe": 75}, "stats": {"hp": 246, "atk": 216, "def": 216, "spa": 166, "spd": 149, "spe": 174}, "types": ["Fighting"]}, "Zangoose": {"name": "Zangoose", "species": "Zangoose", "speciesId": "zangoose", "gender": "M", "shiny": false, "level": 85, "moves": ["closecombat", "knockoff", "facade", "swordsdance"], "ability": "Toxic Boost", "evs": {"hp": 85, "atk": 85, "def": 85, "spa": 85, "spd": 85, "spe": 85}, "ivs": {"hp": 31, "atk": 31, "def": 31, "spa": 31, "spd": 31, "spe": 31}, "item": "Toxic Orb", "teraType": "Normal", "role": "Fast Attacker", "bvs": {"hp": 73, "atk": 115, "def": 60, "spa": 60, "spd": 60, "spe": 90}, "stats": {"hp": 263, "atk": 244, "def": 151, "spa": 151, "spd": 151, "spe": 202}, "types": ["Normal"]}, "Overqwil": {"name": "Overqwil", "species": "Overqwil", "speciesId": "overqwil", "gender": "M", "shiny": false, "level": 82, "moves": ["gunkshot", "liquidation", "aquajet", "crunch"], "ability": "Intimidate", "evs": {"hp": 85, "atk": 85, "def": 85, "spa": 85, "spd": 85, "spe": 85}, "ivs": {"hp": 31, "atk": 31, "def": 31, "spa": 31, "spd": 31, "spe": 31}, "item": "Choice Band", "teraType": "Water", "role": "Fast Attacker", "bvs": {"hp": 85, "atk": 115, "def": 95, "spa": 65, "spd": 65, "spe": 85}, "stats": {"hp": 274, "atk": 236, "def": 203, "spa": 154, "spd": 154, "spe": 187}, "types": ["Dark", "Poison"]}}, {"Dragapult": {"name": "Dragapult", "species": "Dragapult", "speciesId": "dragapult", "gender": "M", "shiny": false, "level": 77, "moves": ["dracometeor", "fireblast", "shadowball", "uturn"], "ability": "Infiltrator", "evs": {"hp": 85, "atk": 85, "def": 85, "spa": 85, "spd": 85, "spe": 85}, "ivs": {"hp": 31, "atk": 31, "def": 31, "spa": 31, "spd": 31, "spe": 31}, "item": "Choice Specs", "teraType": "Dragon", "role": "Fast Attacker", "bvs": {"hp": 88, "atk": 120, "def": 75, "spa": 100, "spd": 75, "spe": 142}, "stats": {"hp": 262, "atk": 229, "def": 160, "spa": 199, "spd": 160, "spe": 263}, "types": ["Dragon", "Ghost"]}, "Emboar": {"name": "Emboar", "species": "Emboar", "speciesId": "emboar", "gender": "M", "shiny": false, "level": 84, "moves": ["trailblaze", "flareblitz", "bulkup", "drainpunch"], "ability": "Reckless", "evs": {"hp": 85, "atk": 85, "def": 85, "spa": 85, "spd": 85, "spe": 85}, "ivs": {"hp": 31, "atk": 31, "def": 31, "spa": 31, "spd": 31, "spe": 31}, "item": "Leftovers", "teraType": "Grass", "role": "Bulky Setup", "bvs": {"hp": 110, "atk": 123, "def": 65, "spa": 100, "spd": 65, "spe": 65}, "stats": {"hp": 322, "atk": 255, "def": 157, "spa": 216, "spd": 157, "spe": 157}, "types": ["Fire", "Fighting"]}, "Infernape": {"name": "Infernape", "species": "Infernape", "speciesId": "infernape", "gender": "F", "shiny": false, "level": 82, "moves": ["knockoff", "closecombat", "flareblitz", "swordsdance"], "ability": "Blaze", "evs": {"hp": 85, "atk": 85, "def": 85, "spa": 85, "spd": 85, "spe": 85}, "ivs": {"hp": 31, "atk": 31, "def": 31, "spa": 31, "spd": 31, "spe": 31}, "item": "Life Orb", "teraType": "Fighting", "role": "Fast Support", "bvs": {"hp": 76, "atk": 104, "def": 71, "spa": 104, "spd": 71, "spe": 108}, "stats": {"hp": 259, "atk": 218, "def": 164, "spa": 218, "spd": 164, "spe": 224}, "types": ["Fire", "Fighting"]}, "Gothitelle": {"name": "Gothitelle", "species": "Gothitelle", "speciesId": "gothitelle", "gender": "M", "shiny": false, "level": 90, "moves": ["psychic", "focusblast", "trick", "darkpulse"], "ability": "Shadow Tag", "evs": {"hp": 85, "atk": 0, "def": 85, "spa": 85, "spd": 85, "spe": 85}, "ivs": {"hp": 31, "atk": 0, "def": 31, "spa": 31, "spd": 31, "spe": 31}, "item": "Choice Scarf", "teraType": "Fighting", "role": "Fast Attacker", "bvs": {"hp": 70, "atk": 55, "def": 95, "spa": 95, "spd": 110, "spe": 65}, "stats": {"hp": 272, "atk": 104, "def": 222, "spa": 222, "spd": 249, "spe": 168}, "types": ["Psychic"]}, "Forretress": {"name": "Forretress", "species": "Forretress", "speciesId": "forretress", "gender": "M", "shiny": false, "level": 84, "moves": ["rapidspin", "ironhead", "bodypress", "stealthrock"], "ability": "Sturdy", "evs": {"hp": 85, "atk": 85, "def": 85, "spa": 85, "spd": 85, "spe": 85}, "ivs": {"hp": 31, "atk": 31, "def": 31, "spa": 31, "spd": 31, "spe": 31}, "item": "Leftovers", "teraType": "Fighting", "role": "Bulky Attacker", "bvs": {"hp": 75, "atk": 90, "def": 140, "spa": 60, "spd": 60, "spe": 40}, "stats": {"hp": 263, "atk": 199, "def": 283, "spa": 149, "spd": 149, "spe": 115}, "types": ["Bug", "Steel"]}, "Ogerpon": {"name": "Ogerpon", "species": "Ogerpon-Cornerstone", "speciesId": "ogerponcornerstone", "gender": "F", "shiny": false, "level": 76, "moves": ["superpower", "swordsdance", "powerwhip", "ivycudgel"], "ability": "Sturdy", "evs": {"hp": 85, "atk": 85, "def": 85, "spa": 85, "spd": 85, "spe": 85}, "ivs": {"hp": 31, "atk": 31, "def": 31, "spa": 31, "spd": 31, "spe": 31}, "item": "Cornerstone Mask", "teraType": "Rock", "role": "Setup Sweeper", "bvs": {"hp": 80, "atk": 120, "def": 84, "spa": 60, "spd": 96, "spe": 110}, "stats": {"hp": 247, "atk": 226, "def": 172, "spa": 135, "spd": 190, "spe": 211}, "types": ["Grass", "Rock"]}}]}