{"id": "gen9randombattle-2641617832", "format": "[Gen 9] Random Battle", "players": ["Basic-Burger", "blattou"], "log": "|j|\u2606Basic-Burger\n|j|\u2606blattou\n|t:|1782819660\n|gametype|singles\n|player|p1|Basic-Burger|artist|1609\n|player|p2|blattou|guitarist|1573\n|gen|9\n|tier|[Gen 9] Random Battle\n|rated|\n|rule|Species Clause: Limit one of each Pok\u00e9mon\n|rule|HP Percentage Mod: HP is shown in percentages\n|rule|Sleep Clause Mod: Limit one foe put to sleep\n|rule|Illusion Level Mod: Illusion disguises the Pok\u00e9mon's true level\n|\n|t:|1782819660\n|teamsize|p1|6\n|teamsize|p2|6\n|start\n|switch|p1a: Hariyama|Hariyama, L87, M|392/392\n|switch|p2a: Galvantula|Galvantula, L82, F|249/249\n|turn|1\n|inactive|Battle timer is ON: inactive players will automatically lose when time's up. (requested by Basic-Burger)\n|inactive|Basic-Burger has 120 seconds left.\n|\n|t:|1782819706\n|switch|p1a: Garchomp|Garchomp, L74, M|282/282\n|move|p2a: Galvantula|Sticky Web|p1a: Garchomp\n|-sidestart|p1: Basic-Burger|move: Sticky Web\n|\n|upkeep\n|turn|2\n|\n|t:|1782819730\n|move|p2a: Galvantula|Bug Buzz|p1a: Garchomp\n|-damage|p1a: Garchomp|179/282\n|move|p1a: Garchomp|Swords Dance|p1a: Garchomp\n|-boost|p1a: Garchomp|atk|2\n|\n|upkeep\n|turn|3\n|\n|t:|1782819739\n|switch|p2a: Tinkaton|Tinkaton, L82, F|274/274\n|-ability|p2a: Tinkaton|Mold Breaker\n|move|p1a: Garchomp|Scale Shot|p2a: Tinkaton\n|-immune|p2a: Tinkaton\n|\n|upkeep\n|turn|4\n|\n|t:|1782819752\n|-terastallize|p1a: Garchomp|Fire\n|move|p2a: Tinkaton|Play Rough|p1a: Garchomp\n|-resisted|p1a: Garchomp\n|-damage|p1a: Garchomp|136/282\n|-unboost|p1a: Garchomp|atk|1\n|-damage|p2a: Tinkaton|240/274|[from] ability: Rough Skin|[of] p1a: Garchomp\n|move|p1a: Garchomp|Earthquake|p2a: Tinkaton\n|-supereffective|p2a: Tinkaton\n|-damage|p2a: Tinkaton|0 fnt\n|faint|p2a: Tinkaton\n|\n|upkeep\n|inactive|blattou has 120 seconds left.\n|\n|t:|1782819793\n|switch|p2a: Articuno|Articuno-Galar, L84|288/288\n|turn|5\n|\n|t:|1782819797\n|move|p2a: Articuno|Freezing Glare|p1a: Garchomp\n|-damage|p1a: Garchomp|12/282\n|move|p1a: Garchomp|Scale Shot|p2a: Articuno\n|-damage|p2a: Articuno|248/288\n|-damage|p2a: Articuno|211/288\n|-damage|p2a: Articuno|172/288\n|-damage|p2a: Articuno|129/288\n|-hitcount|p2a: Articuno|4\n|-unboost|p1a: Garchomp|def|1\n|-boost|p1a: Garchomp|spe|1\n|\n|upkeep\n|turn|6\n|\n|t:|1782819811\n|-terastallize|p2a: Articuno|Steel\n|move|p1a: Garchomp|Scale Shot|p2a: Articuno\n|-resisted|p2a: Articuno\n|-damage|p2a: Articuno|109/288\n|-resisted|p2a: Articuno\n|-damage|p2a: Articuno|91/288\n|-resisted|p2a: Articuno\n|-damage|p2a: Articuno|71/288\n|-resisted|p2a: Articuno\n|-damage|p2a: Articuno|51/288\n|-hitcount|p2a: Articuno|4\n|-unboost|p1a: Garchomp|def|1\n|-boost|p1a: Garchomp|spe|1\n|move|p2a: Articuno|Freezing Glare|p1a: Garchomp\n|-damage|p1a: Garchomp|0 fnt\n|faint|p1a: Garchomp\n|\n|upkeep\n|\n|t:|1782819830\n|switch|p1a: Hariyama|Hariyama, L87, M|392/392\n|-activate|p1a: Hariyama|move: Sticky Web\n|-unboost|p1a: Hariyama|spe|1\n|turn|7\n|inactive|blattou has 120 seconds left.\n|\n|t:|1782819838\n|switch|p2a: Rotom|Rotom, L88|231/231\n|move|p1a: Hariyama|Bullet Punch|p2a: Rotom\n|-resisted|p2a: Rotom\n|-damage|p2a: Rotom|211/231\n|\n|upkeep\n|turn|8\n|\n|t:|1782819846\n|move|p2a: Rotom|Will-O-Wisp|p1a: Hariyama\n|-status|p1a: Hariyama|brn\n|move|p1a: Hariyama|Knock Off|p2a: Rotom\n|-supereffective|p2a: Rotom\n|-damage|p2a: Rotom|126/231\n|-enditem|p2a: Rotom|Life Orb|[from] move: Knock Off|[of] p1a: Hariyama\n|\n|-damage|p1a: Hariyama|368/392 brn|[from] brn\n|upkeep\n|turn|9\n|\n|t:|1782819859\n|move|p2a: Rotom|Thunderbolt|p1a: Hariyama\n|-damage|p1a: Hariyama|283/392 brn\n|move|p1a: Hariyama|Knock Off|p2a: Rotom\n|-supereffective|p2a: Rotom\n|-damage|p2a: Rotom|62/231\n|\n|-damage|p1a: Hariyama|259/392 brn|[from] brn\n|upkeep\n|turn|10\n|\n|t:|1782819872\n|move|p2a: Rotom|Thunderbolt|p1a: Hariyama\n|-damage|p1a: Hariyama|174/392 brn\n|move|p1a: Hariyama|Knock Off|p2a: Rotom\n|-supereffective|p2a: Rotom\n|-damage|p2a: Rotom|0 fnt\n|faint|p2a: Rotom\n|\n|-damage|p1a: Hariyama|150/392 brn|[from] brn\n|upkeep\n|\n|t:|1782819880\n|switch|p2a: Articuno|Articuno-Galar, L84, tera:Steel|51/288\n|turn|11\n|inactive|Basic-Burger has 120 seconds left.\n|\n|t:|1782819923\n|move|p1a: Hariyama|Bullet Punch|p2a: Articuno\n|-resisted|p2a: Articuno\n|-damage|p2a: Articuno|43/288\n|move|p2a: Articuno|Freezing Glare|p1a: Hariyama\n|-supereffective|p1a: Hariyama\n|-damage|p1a: Hariyama|0 fnt\n|faint|p1a: Hariyama\n|\n|upkeep\n|\n|t:|1782819929\n|switch|p1a: Cresselia|Cresselia, L80, F|323/323\n|turn|12\n|inactive|blattou has 120 seconds left.\n|\n|t:|1782819957\n|switch|p2a: Magmortar|Magmortar, L88, M|275/275\n|move|p1a: Cresselia|Calm Mind|p1a: Cresselia\n|-boost|p1a: Cresselia|spa|1\n|-boost|p1a: Cresselia|spd|1\n|\n|upkeep\n|turn|13\n|inactive|Basic-Burger has 120 seconds left.\n|\n|t:|1782819988\n|move|p2a: Magmortar|Knock Off|p1a: Cresselia\n|-supereffective|p1a: Cresselia\n|-damage|p1a: Cresselia|199/323\n|-enditem|p1a: Cresselia|Leftovers|[from] move: Knock Off|[of] p2a: Magmortar\n|move|p1a: Cresselia|Moonlight|p1a: Cresselia\n|-heal|p1a: Cresselia|323/323\n|\n|upkeep\n|turn|14\n|\n|t:|1782820002\n|move|p2a: Magmortar|Taunt|p1a: Cresselia\n|-start|p1a: Cresselia|move: Taunt\n|cant|p1a: Cresselia|move: Taunt|Calm Mind\n|\n|upkeep\n|turn|15\n|\n|t:|1782820010\n|move|p2a: Magmortar|Knock Off|p1a: Cresselia\n|-supereffective|p1a: Cresselia\n|-damage|p1a: Cresselia|237/323\n|move|p1a: Cresselia|Psyshock|p2a: Magmortar\n|-damage|p2a: Magmortar|164/275\n|\n|upkeep\n|turn|16\n|\n|t:|1782820020\n|move|p2a: Magmortar|Knock Off|p1a: Cresselia\n|-supereffective|p1a: Cresselia\n|-damage|p1a: Cresselia|143/323\n|move|p1a: Cresselia|Psyshock|p2a: Magmortar\n|-damage|p2a: Magmortar|49/275\n|\n|-end|p1a: Cresselia|move: Taunt\n|upkeep\n|turn|17\n|\n|t:|1782820035\n|move|p2a: Magmortar|Taunt|p1a: Cresselia\n|-start|p1a: Cresselia|move: Taunt\n|move|p1a: Cresselia|Psyshock|p2a: Magmortar\n|-damage|p2a: Magmortar|0 fnt\n|faint|p2a: Magmortar\n|\n|upkeep\n|\n|t:|1782820051\n|switch|p2a: Galvantula|Galvantula, L82, F|249/249\n|turn|18\n|\n|t:|1782820059\n|move|p2a: Galvantula|Bug Buzz|p1a: Cresselia\n|-supereffective|p1a: Cresselia\n|-damage|p1a: Cresselia|45/323\n|move|p1a: Cresselia|Psyshock|p2a: Galvantula\n|-damage|p2a: Galvantula|126/249\n|\n|upkeep\n|turn|19\n|\n|t:|1782820074\n|move|p2a: Galvantula|Bug Buzz|p1a: Cresselia\n|-supereffective|p1a: Cresselia\n|-damage|p1a: Cresselia|0 fnt\n|faint|p1a: Cresselia\n|\n|upkeep\n|\n|t:|1782820093\n|switch|p1a: Glastrier|Glastrier, L86|311/311\n|-activate|p1a: Glastrier|move: Sticky Web\n|-unboost|p1a: Glastrier|spe|1\n|turn|20\n|\n|t:|1782820116\n|move|p2a: Galvantula|Volt Switch|p1a: Glastrier\n|-damage|p1a: Glastrier|248/311\n|\n|t:|1782820118\n|switch|p2a: Gothitelle|Gothitelle, L90, M|272/272|[from] Volt Switch\n|move|p1a: Glastrier|Icicle Crash|p2a: Gothitelle\n|-damage|p2a: Gothitelle|113/272\n|\n|-heal|p2a: Gothitelle|130/272|[from] item: Leftovers\n|upkeep\n|turn|21\n|\n|t:|1782820132\n|move|p2a: Gothitelle|Focus Blast|p1a: Glastrier|[miss]\n|-miss|p2a: Gothitelle|p1a: Glastrier\n|move|p1a: Glastrier|Icicle Crash|p2a: Gothitelle\n|-damage|p2a: Gothitelle|0 fnt\n|faint|p2a: Gothitelle\n|-ability|p1a: Glastrier|Chilling Neigh|boost\n|-boost|p1a: Glastrier|atk|1\n|\n|upkeep\n|\n|t:|1782820140\n|switch|p2a: Articuno|Articuno-Galar, L84, tera:Steel|43/288\n|turn|22\n|c|\u2606Basic-Burger|Is this the ultimate come back?\n|\n|t:|1782820162\n|move|p2a: Articuno|Recover|p2a: Articuno\n|-heal|p2a: Articuno|187/288\n|move|p1a: Glastrier|Icicle Crash|p2a: Articuno|[miss]\n|-miss|p1a: Glastrier|p2a: Articuno\n|\n|upkeep\n|turn|23\n|c|\u2606Basic-Burger|Nope\n|c|\u2606blattou|of whom\n|c|\u2606Basic-Burger|Just another chance for horse to fall short\n|inactive|Basic-Burger has 120 seconds left.\n|c|\u2606blattou|You've been ahead the whole game\n|inactive|blattou has 120 seconds left.\n|\n|t:|1782820193\n|move|p2a: Articuno|Freezing Glare|p1a: Glastrier\n|-damage|p1a: Glastrier|157/311\n|move|p1a: Glastrier|Icicle Crash|p2a: Articuno\n|-resisted|p2a: Articuno\n|-crit|p2a: Articuno\n|-damage|p2a: Articuno|0 fnt\n|faint|p2a: Articuno\n|-ability|p1a: Glastrier|Chilling Neigh|boost\n|-boost|p1a: Glastrier|atk|1\n|\n|upkeep\n|inactive|blattou has 120 seconds left.\n|\n|t:|1782820207\n|switch|p2a: Galvantula|Galvantula, L82, F|126/249\n|turn|24\n|inactive|blattou has 120 seconds left.\n|inactive|Basic-Burger has 120 seconds left.\n|c|\u2606Basic-Burger|Nah I was playing on hope from turn one. I had no speed and no removal\n|\n|t:|1782820225\n|move|p2a: Galvantula|Thunder|p1a: Glastrier\n|-damage|p1a: Glastrier|58/311\n|move|p1a: Glastrier|Icicle Crash|p2a: Galvantula\n|-damage|p2a: Galvantula|0 fnt\n|faint|p2a: Galvantula\n|\n|win|Basic-Burger\n|raw|Basic-Burger's rating: 1609 &rarr; <strong>1627</strong><br />(+18 for winning)\n|raw|blattou's rating: 1573 &rarr; <strong>1555</strong><br />(-18 for losing)\n|c|\u2606blattou|lol\n|c|\u2606Basic-Burger|Gg\n|c|\u2606blattou|You had 1 mon more than me from turn 3\n|l|\u2606blattou\n|player|p2|\n|c|\u2606Basic-Burger|And that mons name Albert Einstein\n", "inputlog": ">version f8ac14003a5f27e1bdc8d8c59608a773c1cb96e5\n>start {\"formatid\":\"gen9randombattle\",\"seed\":\"sodium,e1bb5eb925d7027b276442984e47f74f\",\"rated\":\"Rated battle\"}\n>player p1 {\"name\":\"Basic-Burger\",\"avatar\":\"artist\",\"rating\":1609,\"seed\":\"sodium,451f538ed13aa5324b7969c69a9ee211\"}\n>player p2 {\"name\":\"blattou\",\"avatar\":\"guitarist\",\"rating\":1573,\"seed\":\"sodium,e38b43a47f3ac925dcc7d9dc40ddf027\"}\n>p1 switch 3\n>p2 move stickyweb\n>p1 move swordsdance\n>p2 move bugbuzz\n>p1 move scaleshot\n>p2 switch 6\n>p1 move earthquake terastallize\n>p2 move playrough\n>p2 switch 4\n>p1 move scaleshot\n>p2 move freezingglare\n>p1 move scaleshot\n>p2 move freezingglare terastallize\n>p1 switch 3\n>p1 move bulletpunch\n>p2 switch 5\n>p1 move knockoff\n>p2 move willowisp\n>p1 move knockoff\n>p2 move thunderbolt\n>p1 move knockoff\n>p2 move thunderbolt\n>p2 switch 5\n>p1 move bulletpunch\n>p2 move freezingglare\n>p1 switch 2\n>p1 move calmmind\n>p2 switch 2\n>p1 move moonlight\n>p2 move knockoff\n>p1 move calmmind\n>p2 move taunt\n>p1 move psyshock\n>p2 move knockoff\n>p1 move psyshock\n>p2 move knockoff\n>p1 move psyshock\n>p2 move taunt\n>p2 switch 6\n>p1 move psyshock\n>p2 move bugbuzz\n>p1 move psyshock\n>p2 move bugbuzz\n>p1 switch 4\n>p1 move iciclecrash\n>p2 move voltswitch\n>p2 switch 3\n>p1 move iciclecrash\n>p2 move focusblast\n>p2 switch 2\n>chat \u2606Basic-Burger|Is this the ultimate come back?\n>p1 move iciclecrash\n>p2 move recover\n>chat \u2606Basic-Burger|Nope\n>chat \u2606blattou|of whom\n>chat \u2606Basic-Burger|Just another chance for horse to fall short\n>chat \u2606blattou|You've been ahead the whole game \n>p1 move iciclecrash\n>p2 move freezingglare\n>p2 switch 3\n>chat \u2606Basic-Burger|Nah I was playing on hope from turn one. I had no speed and no removal \n>p1 move iciclecrash\n>p2 move thunder", "uploadtime": 1782820234, "views": 6, "formatid": "gen9randombattle", "rating": 1555, "private": 0, "password": null, "player_dets": [{"name": "Basic-Burger", "avatar": "artist", "rating": 1609, "seed": "sodium,451f538ed13aa5324b7969c69a9ee211"}, {"name": "blattou", "avatar": "guitarist", "rating": 1573, "seed": "sodium,e38b43a47f3ac925dcc7d9dc40ddf027"}], "teams_full": [{"Hariyama": {"name": "Hariyama", "species": "Hariyama", "speciesId": "hariyama", "gender": "M", "shiny": false, "level": 87, "moves": ["knockoff", "heavyslam", "bulletpunch", "closecombat"], "ability": "Thick Fat", "evs": {"hp": 85, "atk": 85, "def": 85, "spa": 85, "spd": 85, "spe": 85}, "ivs": {"hp": 31, "atk": 31, "def": 31, "spa": 31, "spd": 31, "spe": 31}, "item": "Assault Vest", "teraType": "Steel", "role": "AV Pivot", "bvs": {"hp": 144, "atk": 120, "def": 60, "spa": 40, "spd": 60, "spe": 50}, "stats": {"hp": 392, "atk": 259, "def": 154, "spa": 119, "spd": 154, "spe": 137}, "types": ["Fighting"]}, "Cresselia": {"name": "Cresselia", "species": "Cresselia", "speciesId": "cresselia", "gender": "F", "shiny": false, "level": 80, "moves": ["calmmind", "moonlight", "moonblast", "psyshock"], "ability": "Levitate", "evs": {"hp": 85, "atk": 0, "def": 85, "spa": 85, "spd": 85, "spe": 85}, "ivs": {"hp": 31, "atk": 0, "def": 31, "spa": 31, "spd": 31, "spe": 31}, "item": "Leftovers", "teraType": "Fairy", "role": "Bulky Setup", "bvs": {"hp": 120, "atk": 70, "def": 110, "spa": 75, "spd": 120, "spe": 85}, "stats": {"hp": 323, "atk": 117, "def": 222, "spa": 166, "spd": 238, "spe": 182}, "types": ["Psychic"]}, "Garchomp": {"name": "Garchomp", "species": "Garchomp", "speciesId": "garchomp", "gender": "M", "shiny": false, "level": 74, "moves": ["swordsdance", "firefang", "earthquake", "scaleshot"], "ability": "Rough Skin", "evs": {"hp": 85, "atk": 85, "def": 85, "spa": 85, "spd": 85, "spe": 85}, "ivs": {"hp": 31, "atk": 31, "def": 31, "spa": 31, "spd": 31, "spe": 31}, "item": "Loaded Dice", "teraType": "Fire", "role": "Setup Sweeper", "bvs": {"hp": 108, "atk": 130, "def": 95, "spa": 80, "spd": 85, "spe": 102}, "stats": {"hp": 282, "atk": 235, "def": 184, "spa": 161, "spd": 169, "spe": 194}, "types": ["Dragon", "Ground"]}, "Glastrier": {"name": "Glastrier", "species": "Glastrier", "speciesId": "glastrier", "gender": "N", "shiny": false, "level": 86, "moves": ["heavyslam", "highhorsepower", "iciclecrash", "closecombat"], "ability": "Chilling Neigh", "evs": {"hp": 81, "atk": 85, "def": 85, "spa": 85, "spd": 85, "spe": 85}, "ivs": {"hp": 31, "atk": 31, "def": 31, "spa": 31, "spd": 31, "spe": 31}, "item": "Choice Band", "teraType": "Fighting", "role": "Bulky Attacker", "bvs": {"hp": 100, "atk": 145, "def": 130, "spa": 65, "spd": 110, "spe": 30}, "stats": {"hp": 311, "atk": 299, "def": 273, "spa": 161, "spd": 238, "spe": 101}, "types": ["Ice"]}, "Metagross": {"name": "Metagross", "species": "Metagross", "speciesId": "metagross", "gender": "N", "shiny": false, "level": 79, "moves": ["heavyslam", "agility", "psychicfangs", "earthquake"], "ability": "Clear Body", "evs": {"hp": 85, "atk": 85, "def": 85, "spa": 85, "spd": 85, "spe": 85}, "ivs": {"hp": 31, "atk": 31, "def": 31, "spa": 31, "spd": 31, "spe": 31}, "item": "Weakness Policy", "teraType": "Ground", "role": "Bulky Setup", "bvs": {"hp": 80, "atk": 135, "def": 130, "spa": 95, "spd": 90, "spe": 70}, "stats": {"hp": 256, "atk": 259, "def": 251, "spa": 196, "spd": 188, "spe": 156}, "types": ["Steel", "Psychic"]}, "Dewgong": {"name": "Dewgong", "species": "Dewgong", "speciesId": "dewgong", "gender": "M", "shiny": false, "level": 94, "moves": ["flipturn", "surf", "encore", "tripleaxel"], "ability": "Thick Fat", "evs": {"hp": 85, "atk": 85, "def": 85, "spa": 85, "spd": 85, "spe": 85}, "ivs": {"hp": 31, "atk": 31, "def": 31, "spa": 31, "spd": 31, "spe": 31}, "item": "Heavy-Duty Boots", "teraType": "Grass", "role": "Bulky Attacker", "bvs": {"hp": 90, "atk": 70, "def": 80, "spa": 70, "spd": 95, "spe": 70}, "stats": {"hp": 322, "atk": 185, "def": 204, "spa": 185, "spd": 232, "spe": 185}, "types": ["Water", "Ice"]}}, {"Galvantula": {"name": "Galvantula", "species": "Galvantula", "speciesId": "galvantula", "gender": "F", "shiny": false, "level": 82, "moves": ["thunder", "bugbuzz", "voltswitch", "stickyweb"], "ability": "Compound Eyes", "evs": {"hp": 85, "atk": 0, "def": 85, "spa": 85, "spd": 85, "spe": 85}, "ivs": {"hp": 31, "atk": 0, "def": 31, "spa": 31, "spd": 31, "spe": 31}, "item": "Focus Sash", "teraType": "Electric", "role": "Fast Support", "bvs": {"hp": 70, "atk": 77, "def": 60, "spa": 97, "spd": 60, "spe": 108}, "stats": {"hp": 249, "atk": 131, "def": 146, "spa": 206, "spd": 146, "spe": 224}, "types": ["Bug", "Electric"]}, "Magmortar": {"name": "Magmortar", "species": "Magmortar", "speciesId": "magmortar", "gender": "M", "shiny": false, "level": 88, "moves": ["knockoff", "taunt", "focusblast", "fireblast"], "ability": "Flame Body", "evs": {"hp": 85, "atk": 85, "def": 85, "spa": 85, "spd": 85, "spe": 85}, "ivs": {"hp": 31, "atk": 31, "def": 31, "spa": 31, "spd": 31, "spe": 31}, "item": "Heavy-Duty Boots", "teraType": "Fighting", "role": "Wallbreaker", "bvs": {"hp": 75, "atk": 95, "def": 67, "spa": 125, "spd": 95, "spe": 83}, "stats": {"hp": 275, "atk": 217, "def": 168, "spa": 270, "spd": 217, "spe": 196}, "types": ["Fire"]}, "Gothitelle": {"name": "Gothitelle", "species": "Gothitelle", "speciesId": "gothitelle", "gender": "M", "shiny": false, "level": 90, "moves": ["darkpulse", "calmmind", "focusblast", "psychicnoise"], "ability": "Shadow Tag", "evs": {"hp": 85, "atk": 0, "def": 85, "spa": 85, "spd": 85, "spe": 85}, "ivs": {"hp": 31, "atk": 0, "def": 31, "spa": 31, "spd": 31, "spe": 31}, "item": "Leftovers", "teraType": "Fairy", "role": "Bulky Setup", "bvs": {"hp": 70, "atk": 55, "def": 95, "spa": 95, "spd": 110, "spe": 65}, "stats": {"hp": 272, "atk": 104, "def": 222, "spa": 222, "spd": 249, "spe": 168}, "types": ["Psychic"]}, "Articuno": {"name": "Articuno", "species": "Articuno-Galar", "speciesId": "articunogalar", "gender": "N", "shiny": false, "level": 84, "moves": ["calmmind", "hurricane", "freezingglare", "recover"], "ability": "Competitive", "evs": {"hp": 85, "atk": 0, "def": 85, "spa": 85, "spd": 85, "spe": 85}, "ivs": {"hp": 31, "atk": 0, "def": 31, "spa": 31, "spd": 31, "spe": 31}, "item": "Heavy-Duty Boots", "teraType": "Steel", "role": "Fast Bulky Setup", "bvs": {"hp": 90, "atk": 85, "def": 85, "spa": 125, "spd": 100, "spe": 95}, "stats": {"hp": 288, "atk": 147, "def": 191, "spa": 258, "spd": 216, "spe": 208}, "types": ["Psychic", "Flying"]}, "Rotom": {"name": "Rotom", "species": "Rotom", "speciesId": "rotom", "gender": "N", "shiny": false, "level": 88, "moves": ["thunderbolt", "shadowball", "willowisp", "nastyplot"], "ability": "Levitate", "evs": {"hp": 85, "atk": 0, "def": 85, "spa": 85, "spd": 85, "spe": 85}, "ivs": {"hp": 31, "atk": 0, "def": 31, "spa": 31, "spd": 31, "spe": 31}, "item": "Life Orb", "teraType": "Electric", "role": "Fast Attacker", "bvs": {"hp": 50, "atk": 50, "def": 77, "spa": 95, "spd": 77, "spe": 91}, "stats": {"hp": 231, "atk": 93, "def": 186, "spa": 217, "spd": 186, "spe": 210}, "types": ["Electric", "Ghost"]}, "Tinkaton": {"name": "Tinkaton", "species": "Tinkaton", "speciesId": "tinkaton", "gender": "F", "shiny": false, "level": 82, "moves": ["swordsdance", "gigatonhammer", "playrough", "knockoff"], "ability": "Mold Breaker", "evs": {"hp": 85, "atk": 85, "def": 85, "spa": 85, "spd": 85, "spe": 85}, "ivs": {"hp": 31, "atk": 31, "def": 31, "spa": 31, "spd": 31, "spe": 31}, "item": "Leftovers", "teraType": "Steel", "role": "Bulky Setup", "bvs": {"hp": 85, "atk": 75, "def": 77, "spa": 70, "spd": 105, "spe": 94}, "stats": {"hp": 274, "atk": 170, "def": 173, "spa": 162, "spd": 219, "spe": 201}, "types": ["Fairy", "Steel"]}}]}