{"id": "gen9randombattle-2641495514", "format": "[Gen 9] Random Battle", "players": ["vinodthapa", "BIDOFGOD69420"], "log": "|j|\u2606vinodthapa\n|j|\u2606BIDOFGOD69420\n|t:|1782794401\n|gametype|singles\n|player|p1|vinodthapa|hilbert-wonderlauncher|1064\n|player|p2|BIDOFGOD69420|byron|1112\n|gen|9\n|tier|[Gen 9] Random Battle\n|rated|\n|rule|Species Clause: Limit one of each Pok\u00e9mon\n|rule|HP Percentage Mod: HP is shown in percentages\n|rule|Sleep Clause Mod: Limit one foe put to sleep\n|rule|Illusion Level Mod: Illusion disguises the Pok\u00e9mon's true level\n|\n|t:|1782794401\n|teamsize|p1|6\n|teamsize|p2|6\n|start\n|switch|p1a: Camerupt|Camerupt, L91, F|275/275\n|switch|p2a: Smeargle|Smeargle, L95, F|258/258\n|turn|1\n|inactive|Battle timer is ON: inactive players will automatically lose when time's up. (requested by vinodthapa)\n|\n|t:|1782794421\n|move|p2a: Smeargle|Spore|p1a: Camerupt\n|-status|p1a: Camerupt|slp|[from] move: Spore\n|cant|p1a: Camerupt|slp\n|\n|upkeep\n|turn|2\n|\n|t:|1782794429\n|move|p2a: Smeargle|Sticky Web|p1a: Camerupt\n|-sidestart|p1: vinodthapa|move: Sticky Web\n|-curestatus|p1a: Camerupt|slp|[msg]\n|move|p1a: Camerupt|Overheat|p2a: Smeargle\n|-damage|p2a: Smeargle|32/258\n|-unboost|p1a: Camerupt|spa|2\n|\n|upkeep\n|turn|3\n|\n|t:|1782794437\n|move|p2a: Smeargle|Spore|p1a: Camerupt\n|-status|p1a: Camerupt|slp|[from] move: Spore\n|cant|p1a: Camerupt|slp\n|\n|upkeep\n|turn|4\n|\n|t:|1782794443\n|move|p2a: Smeargle|Stealth Rock|p1a: Camerupt\n|-sidestart|p1: vinodthapa|move: Stealth Rock\n|cant|p1a: Camerupt|slp\n|\n|upkeep\n|turn|5\n|\n|t:|1782794448\n|move|p2a: Smeargle|Ceaseless Edge|p1a: Camerupt|[miss]\n|-miss|p2a: Smeargle|p1a: Camerupt\n|-curestatus|p1a: Camerupt|slp|[msg]\n|move|p1a: Camerupt|Overheat|p2a: Smeargle\n|-damage|p2a: Smeargle|0 fnt\n|-unboost|p1a: Camerupt|spa|2\n|faint|p2a: Smeargle\n|\n|upkeep\n|\n|t:|1782794470\n|switch|p2a: Maushold|Maushold, L76|238/238\n|turn|6\n|\n|t:|1782794477\n|-terastallize|p2a: Maushold|Normal\n|move|p2a: Maushold|Population Bomb|p1a: Camerupt\n|-damage|p1a: Camerupt|241/275\n|-damage|p1a: Camerupt|205/275\n|-damage|p1a: Camerupt|173/275\n|-damage|p1a: Camerupt|137/275\n|-damage|p1a: Camerupt|105/275\n|-damage|p1a: Camerupt|71/275\n|-damage|p1a: Camerupt|37/275\n|-damage|p1a: Camerupt|3/275\n|-damage|p1a: Camerupt|0 fnt\n|faint|p1a: Camerupt\n|-hitcount|p1: Camerupt|9\n|\n|upkeep\n|c|\u2606vinodthapa|Hacker\n|n|!vinodthapa|vinodthapa\n|inactive|vinodthapa has 120 seconds left.\n|\n|t:|1782794526\n|switch|p1a: Pelipper|Pelipper, L86, M|243/243\n|-damage|p1a: Pelipper|183/243|[from] Stealth Rock\n|-weather|RainDance|[from] ability: Drizzle|[of] p1a: Pelipper\n|turn|7\n|c|\u2606BIDOFGOD69420|How am I hacking?\n|\n|t:|1782794540\n|move|p2a: Maushold|Population Bomb|p1a: Pelipper\n|-damage|p1a: Pelipper|157/243\n|-damage|p1a: Pelipper|129/243\n|-damage|p1a: Pelipper|101/243\n|-damage|p1a: Pelipper|73/243\n|-damage|p1a: Pelipper|45/243\n|-damage|p1a: Pelipper|17/243\n|-damage|p1a: Pelipper|0 fnt\n|faint|p1a: Pelipper\n|-hitcount|p1: Pelipper|7\n|\n|-weather|RainDance|[upkeep]\n|upkeep\n|\n|t:|1782794555\n|switch|p1a: Copperajah|Copperajah, L86, F|350/350\n|-activate|p1a: Copperajah|move: Sticky Web\n|-unboost|p1a: Copperajah|spe|1\n|-damage|p1a: Copperajah|329/350|[from] Stealth Rock\n|turn|8\n|\n|t:|1782794567\n|move|p2a: Maushold|Population Bomb|p1a: Copperajah\n|-resisted|p1a: Copperajah\n|-damage|p1a: Copperajah|311/350\n|-resisted|p1a: Copperajah\n|-damage|p1a: Copperajah|294/350\n|-resisted|p1a: Copperajah\n|-damage|p1a: Copperajah|276/350\n|-resisted|p1a: Copperajah\n|-damage|p1a: Copperajah|257/350\n|-resisted|p1a: Copperajah\n|-damage|p1a: Copperajah|238/350\n|-resisted|p1a: Copperajah\n|-damage|p1a: Copperajah|221/350\n|-resisted|p1a: Copperajah\n|-damage|p1a: Copperajah|203/350\n|-resisted|p1a: Copperajah\n|-damage|p1a: Copperajah|185/350\n|-resisted|p1a: Copperajah\n|-damage|p1a: Copperajah|168/350\n|-resisted|p1a: Copperajah\n|-damage|p1a: Copperajah|149/350\n|-hitcount|p1a: Copperajah|10\n|move|p1a: Copperajah|Superpower|p2a: Maushold\n|-supereffective|p2a: Maushold\n|-damage|p2a: Maushold|0 fnt\n|-unboost|p1a: Copperajah|atk|1\n|-unboost|p1a: Copperajah|def|1\n|faint|p2a: Maushold\n|-damage|p1a: Copperajah|114/350|[from] item: Life Orb\n|\n|-weather|RainDance|[upkeep]\n|upkeep\n|\n|t:|1782794581\n|switch|p2a: Reshiram|Reshiram, L76|277/277\n|-ability|p2a: Reshiram|Turboblaze\n|turn|9\n|\n|t:|1782794596\n|move|p2a: Reshiram|Flare Blitz|p1a: Copperajah\n|-supereffective|p1a: Copperajah\n|-damage|p1a: Copperajah|0 fnt\n|faint|p1a: Copperajah\n|-damage|p2a: Reshiram|239/277|[from] Recoil\n|\n|-weather|RainDance|[upkeep]\n|upkeep\n|\n|t:|1782794605\n|switch|p1a: Archaludon|Archaludon, L78, F|268/268\n|-activate|p1a: Archaludon|move: Sticky Web\n|-unboost|p1a: Archaludon|spe|1\n|-damage|p1a: Archaludon|252/268|[from] Stealth Rock\n|turn|10\n|\n|t:|1782794627\n|move|p2a: Reshiram|Flare Blitz|p1a: Archaludon\n|-damage|p1a: Archaludon|206/268\n|-ability|p1a: Archaludon|Stamina|boost\n|-boost|p1a: Archaludon|def|1\n|-damage|p2a: Reshiram|224/277|[from] Recoil\n|move|p1a: Archaludon|Draco Meteor|p2a: Reshiram\n|-supereffective|p2a: Reshiram\n|-damage|p2a: Reshiram|0 fnt\n|-unboost|p1a: Archaludon|spa|2\n|faint|p2a: Reshiram\n|\n|-weather|RainDance|[upkeep]\n|upkeep\n|\n|t:|1782794642\n|switch|p2a: Whimsicott|Whimsicott, L84, F|238/238\n|turn|11\n|inactive|vinodthapa has 120 seconds left.\n|inactive|vinodthapa has 90 seconds left.\n|\n|t:|1782794684\n|move|p2a: Whimsicott|Encore|p1a: Archaludon\n|-start|p1a: Archaludon|Encore\n|move|p1a: Archaludon|Draco Meteor|p2a: Whimsicott\n|-immune|p2a: Whimsicott\n|\n|-weather|none\n|upkeep\n|turn|12\n|inactive|vinodthapa has 90 seconds left.\n|\n|t:|1782794696\n|switch|p1a: Ogerpon|Ogerpon-Hearthflame, L74, F|239/239\n|-activate|p1a: Ogerpon|move: Sticky Web\n|-unboost|p1a: Ogerpon|spe|1\n|-damage|p1a: Ogerpon|180/239|[from] Stealth Rock\n|-ability|p1a: Ogerpon|Mold Breaker\n|move|p2a: Whimsicott|Moonblast|p1a: Ogerpon\n|-resisted|p1a: Ogerpon\n|-damage|p1a: Ogerpon|138/239\n|-unboost|p1a: Ogerpon|spa|1\n|\n|upkeep\n|turn|13\n|inactive|vinodthapa has 90 seconds left.\n|\n|t:|1782794713\n|switch|p2a: Carbink|Carbink, L90|236/236\n|move|p1a: Ogerpon|Ivy Cudgel|p2a: Carbink|[anim] Ivy Cudgel Fire\n|-resisted|p2a: Carbink\n|-damage|p2a: Carbink|202/236\n|\n|-heal|p2a: Carbink|216/236|[from] item: Leftovers\n|upkeep\n|turn|14\n|l|!vinodthapa\n|inactive|vinodthapa disconnected and has a minute to reconnect!\n|player|p1|\n|inactive|vinodthapa has 30 seconds to reconnect!\n|inactive|vinodthapa has 20 seconds to reconnect!\n|inactive|vinodthapa has 15 seconds to reconnect!\n|inactive|vinodthapa has 10 seconds to reconnect!\n|inactive|vinodthapa has 5 seconds to reconnect!\n|-message|vinodthapa lost due to inactivity.\n|\n|win|BIDOFGOD69420\n", "inputlog": ">version f8ac14003a5f27e1bdc8d8c59608a773c1cb96e5\n>start {\"formatid\":\"gen9randombattle\",\"seed\":\"sodium,7f75ae5e2c768d072c0730ce91996730\",\"rated\":\"Rated battle\"}\n>player p1 {\"name\":\"vinodthapa\",\"avatar\":\"hilbert-wonderlauncher\",\"rating\":1064,\"seed\":\"sodium,073e5d0b8c6182aa0f55674995e6a93c\"}\n>player p2 {\"name\":\"BIDOFGOD69420\",\"avatar\":\"byron\",\"rating\":1112,\"seed\":\"sodium,393690d9697e7adcf3c2e746ce9e2cc3\"}\n>p1 move overheat\n>p2 move spore\n>p1 move overheat\n>p2 move stickyweb\n>p1 move overheat\n>p2 move spore\n>p1 move overheat\n>p2 move stealthrock\n>p1 move overheat\n>p2 move ceaselessedge\n>p2 switch 6\n>p1 move overheat\n>p2 move populationbomb terastallize\n>chat \u2606vinodthapa|Hacker\n>chat \u2606vinodthapa|Fuck u hacker \n>p1 switch 4\n>chat \u2606BIDOFGOD69420|How am I hacking?\n>p1 move hydropump\n>p2 move populationbomb\n>p1 switch 2\n>p1 move superpower\n>p2 move populationbomb\n>p2 switch 3\n>p1 move playrough\n>p2 move flareblitz\n>p1 switch 3\n>p1 move dracometeor\n>p2 move flareblitz\n>p2 switch 2\n>p1 move flashcannon\n>p2 move encore\n>p1 switch 6\n>p2 move moonblast\n>p1 move ivycudgel\n>p2 switch 4\n>forcelose p1", "uploadtime": 1782794502, "views": 2, "formatid": "gen9randombattle", "rating": null, "private": 0, "password": null, "player_dets": [{"name": "vinodthapa", "avatar": "hilbert-wonderlauncher", "rating": 1064, "seed": "sodium,073e5d0b8c6182aa0f55674995e6a93c"}, {"name": "BIDOFGOD69420", "avatar": "byron", "rating": 1112, "seed": "sodium,393690d9697e7adcf3c2e746ce9e2cc3"}], "teams_full": [{"Camerupt": {"name": "Camerupt", "species": "Camerupt", "speciesId": "camerupt", "gender": "F", "shiny": false, "level": 91, "moves": ["stealthrock", "roar", "earthquake", "overheat"], "ability": "Solid Rock", "evs": {"hp": 85, "atk": 85, "def": 85, "spa": 85, "spd": 85, "spe": 85}, "ivs": {"hp": 31, "atk": 31, "def": 31, "spa": 31, "spd": 31, "spe": 31}, "item": "Leftovers", "teraType": "Water", "role": "Bulky Support", "bvs": {"hp": 70, "atk": 100, "def": 70, "spa": 105, "spd": 75, "spe": 40}, "stats": {"hp": 275, "atk": 234, "def": 179, "spa": 243, "spd": 188, "spe": 125}, "types": ["Fire", "Ground"]}, "Copperajah": {"name": "Copperajah", "species": "Copperajah", "speciesId": "copperajah", "gender": "F", "shiny": false, "level": 86, "moves": ["ironhead", "playrough", "superpower", "rockslide"], "ability": "Sheer Force", "evs": {"hp": 85, "atk": 85, "def": 85, "spa": 85, "spd": 85, "spe": 85}, "ivs": {"hp": 31, "atk": 31, "def": 31, "spa": 31, "spd": 31, "spe": 31}, "item": "Life Orb", "teraType": "Fairy", "role": "Wallbreaker", "bvs": {"hp": 122, "atk": 130, "def": 69, "spa": 80, "spd": 69, "spe": 30}, "stats": {"hp": 350, "atk": 273, "def": 168, "spa": 187, "spd": 168, "spe": 101}, "types": ["Steel"]}, "Archaludon": {"name": "Archaludon", "species": "Archaludon", "speciesId": "archaludon", "gender": "F", "shiny": false, "level": 78, "moves": ["dracometeor", "dragontail", "flashcannon", "bodypress"], "ability": "Stamina", "evs": {"hp": 85, "atk": 85, "def": 85, "spa": 85, "spd": 85, "spe": 85}, "ivs": {"hp": 31, "atk": 31, "def": 31, "spa": 31, "spd": 31, "spe": 31}, "item": "Assault Vest", "teraType": "Fighting", "role": "Bulky Attacker", "bvs": {"hp": 90, "atk": 105, "def": 130, "spa": 125, "spd": 65, "spe": 85}, "stats": {"hp": 268, "atk": 209, "def": 248, "spa": 240, "spd": 146, "spe": 178}, "types": ["Steel", "Dragon"]}, "Pelipper": {"name": "Pelipper", "species": "Pelipper", "speciesId": "pelipper", "gender": "M", "shiny": false, "level": 86, "moves": ["hydropump", "uturn", "hurricane", "weatherball"], "ability": "Drizzle", "evs": {"hp": 85, "atk": 85, "def": 85, "spa": 85, "spd": 85, "spe": 85}, "ivs": {"hp": 31, "atk": 31, "def": 31, "spa": 31, "spd": 31, "spe": 31}, "item": "Choice Specs", "teraType": "Water", "role": "Wallbreaker", "bvs": {"hp": 60, "atk": 50, "def": 100, "spa": 95, "spd": 70, "spe": 65}, "stats": {"hp": 243, "atk": 135, "def": 221, "spa": 213, "spd": 170, "spe": 161}, "types": ["Water", "Flying"]}, "Salamence": {"name": "Salamence", "species": "Salamence", "speciesId": "salamence", "gender": "M", "shiny": false, "level": 77, "moves": ["dragondance", "earthquake", "dualwingbeat", "outrage"], "ability": "Moxie", "evs": {"hp": 85, "atk": 85, "def": 85, "spa": 85, "spd": 85, "spe": 85}, "ivs": {"hp": 31, "atk": 31, "def": 31, "spa": 31, "spd": 31, "spe": 31}, "item": "Heavy-Duty Boots", "teraType": "Dragon", "role": "Setup Sweeper", "bvs": {"hp": 95, "atk": 135, "def": 80, "spa": 110, "spd": 80, "spe": 100}, "stats": {"hp": 273, "atk": 252, "def": 168, "spa": 214, "spd": 168, "spe": 199}, "types": ["Dragon", "Flying"]}, "Ogerpon": {"name": "Ogerpon", "species": "Ogerpon-Hearthflame", "speciesId": "ogerponhearthflame", "gender": "F", "shiny": false, "level": 74, "moves": ["stompingtantrum", "powerwhip", "swordsdance", "ivycudgel"], "ability": "Mold Breaker", "evs": {"hp": 77, "atk": 85, "def": 85, "spa": 85, "spd": 85, "spe": 85}, "ivs": {"hp": 31, "atk": 31, "def": 31, "spa": 31, "spd": 31, "spe": 31}, "item": "Hearthflame Mask", "teraType": "Fire", "role": "Setup Sweeper", "bvs": {"hp": 80, "atk": 120, "def": 84, "spa": 60, "spd": 96, "spe": 110}, "stats": {"hp": 239, "atk": 221, "def": 167, "spa": 132, "spd": 185, "spe": 206}, "types": ["Grass", "Fire"]}}, {"Smeargle": {"name": "Smeargle", "species": "Smeargle", "speciesId": "smeargle", "gender": "F", "shiny": false, "level": 95, "moves": ["stickyweb", "spore", "ceaselessedge", "stealthrock"], "ability": "Own Tempo", "evs": {"hp": 85, "atk": 85, "def": 85, "spa": 85, "spd": 85, "spe": 85}, "ivs": {"hp": 31, "atk": 31, "def": 31, "spa": 31, "spd": 31, "spe": 31}, "item": "Focus Sash", "teraType": "Ghost", "role": "Fast Support", "bvs": {"hp": 55, "atk": 20, "def": 35, "spa": 20, "spd": 45, "spe": 75}, "stats": {"hp": 258, "atk": 92, "def": 120, "spa": 92, "spd": 139, "spe": 196}, "types": ["Normal"]}, "Whimsicott": {"name": "Whimsicott", "species": "Whimsicott", "speciesId": "whimsicott", "gender": "F", "shiny": false, "level": 84, "moves": ["moonblast", "gigadrain", "uturn", "encore"], "ability": "Prankster", "evs": {"hp": 85, "atk": 85, "def": 85, "spa": 85, "spd": 85, "spe": 85}, "ivs": {"hp": 31, "atk": 31, "def": 31, "spa": 31, "spd": 31, "spe": 31}, "item": "Heavy-Duty Boots", "teraType": "Steel", "role": "Fast Support", "bvs": {"hp": 60, "atk": 67, "def": 85, "spa": 77, "spd": 75, "spe": 116}, "stats": {"hp": 238, "atk": 161, "def": 191, "spa": 178, "spd": 174, "spe": 243}, "types": ["Grass", "Fairy"]}, "Reshiram": {"name": "Reshiram", "species": "Reshiram", "speciesId": "reshiram", "gender": "N", "shiny": false, "level": 76, "moves": ["flareblitz", "outrage", "dragondance", "stoneedge"], "ability": "Turboblaze", "evs": {"hp": 85, "atk": 85, "def": 85, "spa": 85, "spd": 85, "spe": 85}, "ivs": {"hp": 31, "atk": 31, "def": 31, "spa": 31, "spd": 31, "spe": 31}, "item": "Heavy-Duty Boots", "teraType": "Fire", "role": "Setup Sweeper", "bvs": {"hp": 100, "atk": 120, "def": 100, "spa": 150, "spd": 120, "spe": 90}, "stats": {"hp": 277, "atk": 226, "def": 196, "spa": 272, "spd": 226, "spe": 181}, "types": ["Dragon", "Fire"]}, "Carbink": {"name": "Carbink", "species": "Carbink", "speciesId": "carbink", "gender": "N", "shiny": false, "level": 90, "moves": ["bodypress", "moonblast", "irondefense", "rockpolish"], "ability": "Sturdy", "evs": {"hp": 85, "atk": 0, "def": 85, "spa": 85, "spd": 85, "spe": 85}, "ivs": {"hp": 31, "atk": 0, "def": 31, "spa": 31, "spd": 31, "spe": 31}, "item": "Leftovers", "teraType": "Fighting", "role": "Fast Bulky Setup", "bvs": {"hp": 50, "atk": 50, "def": 150, "spa": 50, "spd": 150, "spe": 50}, "stats": {"hp": 236, "atk": 95, "def": 321, "spa": 141, "spd": 321, "spe": 141}, "types": ["Rock", "Fairy"]}, "Kingambit": {"name": "Kingambit", "species": "Kingambit", "speciesId": "kingambit", "gender": "F", "shiny": false, "level": 74, "moves": ["swordsdance", "suckerpunch", "kowtowcleave", "ironhead"], "ability": "Supreme Overlord", "evs": {"hp": 85, "atk": 85, "def": 85, "spa": 85, "spd": 85, "spe": 85}, "ivs": {"hp": 31, "atk": 31, "def": 31, "spa": 31, "spd": 31, "spe": 31}, "item": "Leftovers", "teraType": "Dark", "role": "Bulky Attacker", "bvs": {"hp": 100, "atk": 135, "def": 120, "spa": 60, "spd": 85, "spe": 50}, "stats": {"hp": 270, "atk": 243, "def": 221, "spa": 132, "spd": 169, "spe": 117}, "types": ["Dark", "Steel"]}, "Maushold": {"name": "Maushold", "species": "Maushold", "speciesId": "maushold", "gender": "N", "shiny": false, "level": 76, "moves": ["bite", "encore", "populationbomb", "tidyup"], "ability": "Technician", "evs": {"hp": 85, "atk": 85, "def": 85, "spa": 85, "spd": 85, "spe": 85}, "ivs": {"hp": 31, "atk": 31, "def": 31, "spa": 31, "spd": 31, "spe": 31}, "item": "Wide Lens", "teraType": "Normal", "role": "Setup Sweeper", "bvs": {"hp": 74, "atk": 75, "def": 70, "spa": 65, "spd": 75, "spe": 111}, "stats": {"hp": 238, "atk": 158, "def": 150, "spa": 143, "spd": 158, "spe": 213}, "types": ["Normal"]}}]}