{"id": "gen9randombattle-2641165512", "format": "[Gen 9] Random Battle", "players": ["Amphajack", "boombaby55555"], "log": "|j|\u2606Amphajack\n|j|\u2606boombaby55555\n|t:|1782748568\n|gametype|singles\n|player|p1|Amphajack|265|1681\n|player|p2|boombaby55555|266|1668\n|gen|9\n|tier|[Gen 9] Random Battle\n|rated|\n|rule|Species Clause: Limit one of each Pok\u00e9mon\n|rule|HP Percentage Mod: HP is shown in percentages\n|rule|Sleep Clause Mod: Limit one foe put to sleep\n|rule|Illusion Level Mod: Illusion disguises the Pok\u00e9mon's true level\n|\n|t:|1782748568\n|teamsize|p1|6\n|teamsize|p2|6\n|start\n|switch|p1a: Virizion|Virizion, L82|283/283\n|switch|p2a: Arcanine|Arcanine, L84, M|288/288\n|-ability|p2a: Arcanine|Intimidate|boost\n|-unboost|p1a: Virizion|atk|1\n|turn|1\n|inactive|Battle timer is ON: inactive players will automatically lose when time's up. (requested by boombaby55555)\n|\n|t:|1782748588\n|switch|p1a: Deoxys|Deoxys-Defense, L84|221/221\n|-ability|p1a: Deoxys|Pressure\n|move|p2a: Arcanine|Flare Blitz|p1a: Deoxys\n|-damage|p1a: Deoxys|136/221\n|-damage|p2a: Arcanine|260/288|[from] Recoil\n|\n|-heal|p1a: Deoxys|149/221|[from] item: Leftovers\n|upkeep\n|turn|2\n|\n|t:|1782748595\n|move|p2a: Arcanine|Flare Blitz|p1a: Deoxys\n|-damage|p1a: Deoxys|68/221\n|-damage|p2a: Arcanine|233/288|[from] Recoil\n|move|p1a: Deoxys|Cosmic Power|p1a: Deoxys\n|-boost|p1a: Deoxys|def|1\n|-boost|p1a: Deoxys|spd|1\n|\n|-heal|p1a: Deoxys|81/221|[from] item: Leftovers\n|upkeep\n|turn|3\n|\n|t:|1782748600\n|switch|p2a: Scream Tail|Scream Tail, L84|330/330\n|move|p1a: Deoxys|Recover|p1a: Deoxys\n|-heal|p1a: Deoxys|192/221\n|\n|-heal|p1a: Deoxys|205/221|[from] item: Leftovers\n|upkeep\n|turn|4\n|\n|t:|1782748613\n|switch|p1a: Ariados|Ariados, L95, M|287/287\n|move|p2a: Scream Tail|Encore||[still]\n|-fail|p2a: Scream Tail\n|\n|upkeep\n|turn|5\n|\n|t:|1782748632\n|-end|p2a: Scream Tail|Protosynthesis|[silent]\n|switch|p2a: Arcanine|Arcanine, L84, M|233/288\n|-ability|p2a: Arcanine|Intimidate|boost\n|-unboost|p1a: Ariados|atk|1\n|move|p1a: Ariados|Sticky Web|p2a: Arcanine\n|-sidestart|p2: boombaby55555|move: Sticky Web\n|\n|upkeep\n|turn|6\n|\n|t:|1782748644\n|switch|p1a: Deoxys|Deoxys-Defense, L84|205/221\n|-ability|p1a: Deoxys|Pressure\n|move|p2a: Arcanine|Flare Blitz|p1a: Deoxys\n|-damage|p1a: Deoxys|112/221\n|-damage|p2a: Arcanine|202/288|[from] Recoil\n|\n|-heal|p1a: Deoxys|125/221|[from] item: Leftovers\n|upkeep\n|turn|7\n|\n|t:|1782748648\n|move|p2a: Arcanine|Flare Blitz|p1a: Deoxys\n|-damage|p1a: Deoxys|37/221\n|-damage|p2a: Arcanine|173/288|[from] Recoil\n|move|p1a: Deoxys|Recover|p1a: Deoxys\n|-heal|p1a: Deoxys|148/221\n|\n|-heal|p1a: Deoxys|161/221|[from] item: Leftovers\n|upkeep\n|turn|8\n|\n|t:|1782748651\n|switch|p2a: Scream Tail|Scream Tail, L84|330/330\n|-activate|p2a: Scream Tail|move: Sticky Web\n|-unboost|p2a: Scream Tail|spe|1\n|move|p1a: Deoxys|Cosmic Power|p1a: Deoxys\n|-boost|p1a: Deoxys|def|1\n|-boost|p1a: Deoxys|spd|1\n|\n|-heal|p1a: Deoxys|174/221|[from] item: Leftovers\n|upkeep\n|turn|9\n|\n|t:|1782748663\n|move|p1a: Deoxys|Night Shade|p2a: Scream Tail\n|-damage|p2a: Scream Tail|246/330\n|move|p2a: Scream Tail|Encore|p1a: Deoxys\n|-start|p1a: Deoxys|Encore\n|\n|-heal|p1a: Deoxys|187/221|[from] item: Leftovers\n|-heal|p2a: Scream Tail|266/330|[from] item: Leftovers\n|upkeep\n|turn|10\n|\n|t:|1782748667\n|move|p1a: Deoxys|Night Shade|p2a: Scream Tail\n|-damage|p2a: Scream Tail|182/330\n|move|p2a: Scream Tail|Wish|p2a: Scream Tail\n|\n|-heal|p1a: Deoxys|200/221|[from] item: Leftovers\n|-heal|p2a: Scream Tail|202/330|[from] item: Leftovers\n|upkeep\n|turn|11\n|\n|t:|1782748684\n|switch|p1a: Farigiraf|Farigiraf, L90, M|362/362\n|-end|p2a: Scream Tail|Protosynthesis|[silent]\n|switch|p2a: Crawdaunt|Crawdaunt, L84, M|243/243\n|-activate|p2a: Crawdaunt|move: Sticky Web\n|-unboost|p2a: Crawdaunt|spe|1\n|\n|upkeep\n|turn|12\n|\n|t:|1782748703\n|-terastallize|p1a: Farigiraf|Water\n|move|p1a: Farigiraf|Body Slam|p2a: Crawdaunt\n|-damage|p2a: Crawdaunt|146/243\n|move|p2a: Crawdaunt|Knock Off|p1a: Farigiraf\n|-damage|p1a: Farigiraf|128/362\n|-enditem|p1a: Farigiraf|Leftovers|[from] move: Knock Off|[of] p2a: Crawdaunt\n|-damage|p2a: Crawdaunt|122/243|[from] item: Life Orb\n|\n|upkeep\n|turn|13\n|\n|t:|1782748711\n|move|p1a: Farigiraf|Body Slam|p2a: Crawdaunt\n|-damage|p2a: Crawdaunt|19/243\n|move|p2a: Crawdaunt|Knock Off|p1a: Farigiraf\n|-damage|p1a: Farigiraf|0 fnt\n|faint|p1a: Farigiraf\n|-damage|p2a: Crawdaunt|0 fnt|[from] item: Life Orb\n|faint|p2a: Crawdaunt\n|\n|upkeep\n|\n|t:|1782748723\n|switch|p1a: Phione|Phione, L91|293/293\n|switch|p2a: Arcanine|Arcanine, L84, M|173/288\n|-ability|p2a: Arcanine|Intimidate|boost\n|-unboost|p1a: Phione|atk|1\n|turn|14\n|\n|t:|1782748728\n|switch|p2a: Scream Tail|Scream Tail, L84|202/330\n|-activate|p2a: Scream Tail|move: Sticky Web\n|-unboost|p2a: Scream Tail|spe|1\n|move|p1a: Phione|Scald|p2a: Scream Tail\n|-damage|p2a: Scream Tail|129/330\n|\n|-heal|p2a: Scream Tail|149/330|[from] item: Leftovers\n|upkeep\n|turn|15\n|\n|t:|1782748738\n|move|p1a: Phione|Scald|p2a: Scream Tail\n|-damage|p2a: Scream Tail|79/330\n|move|p2a: Scream Tail|Wish|p2a: Scream Tail\n|\n|-heal|p2a: Scream Tail|99/330|[from] item: Leftovers\n|upkeep\n|turn|16\n|\n|t:|1782748749\n|move|p1a: Phione|Take Heart|p1a: Phione\n|-boost|p1a: Phione|spa|1\n|-boost|p1a: Phione|spd|1\n|move|p2a: Scream Tail|Dazzling Gleam|p1a: Phione\n|-damage|p1a: Phione|247/293\n|\n|-heal|p2a: Scream Tail|264/330|[from] move: Wish|[wisher] Scream Tail\n|-heal|p1a: Phione|265/293|[from] item: Leftovers\n|-heal|p2a: Scream Tail|284/330|[from] item: Leftovers\n|upkeep\n|turn|17\n|\n|t:|1782748755\n|move|p1a: Phione|Scald|p2a: Scream Tail\n|-damage|p2a: Scream Tail|185/330\n|-status|p2a: Scream Tail|brn\n|move|p2a: Scream Tail|Encore|p1a: Phione\n|-start|p1a: Phione|Encore\n|\n|-heal|p1a: Phione|283/293|[from] item: Leftovers\n|-heal|p2a: Scream Tail|205/330 brn|[from] item: Leftovers\n|-damage|p2a: Scream Tail|185/330 brn|[from] brn\n|upkeep\n|turn|18\n|\n|t:|1782748759\n|move|p1a: Phione|Scald|p2a: Scream Tail\n|-damage|p2a: Scream Tail|86/330 brn\n|move|p2a: Scream Tail|Wish|p2a: Scream Tail\n|\n|-heal|p1a: Phione|293/293|[from] item: Leftovers\n|-heal|p2a: Scream Tail|106/330 brn|[from] item: Leftovers\n|-damage|p2a: Scream Tail|86/330 brn|[from] brn\n|upkeep\n|turn|19\n|\n|t:|1782748766\n|-end|p2a: Scream Tail|Protosynthesis|[silent]\n|switch|p2a: Deoxys|Deoxys-Defense, L84|221/221\n|-activate|p2a: Deoxys|move: Sticky Web\n|-unboost|p2a: Deoxys|spe|1\n|-ability|p2a: Deoxys|Pressure\n|move|p1a: Phione|Scald|p2a: Deoxys\n|-damage|p2a: Deoxys|142/221\n|-status|p2a: Deoxys|brn\n|\n|-heal|p2a: Deoxys|221/221 brn|[from] move: Wish|[wisher] Scream Tail\n|-damage|p2a: Deoxys|208/221 brn|[from] brn\n|upkeep\n|turn|20\n|\n|t:|1782748788\n|switch|p1a: Deoxys|Deoxys-Defense, L84|200/221\n|-ability|p1a: Deoxys|Pressure\n|move|p2a: Deoxys|Psychic Noise|p1a: Deoxys\n|-resisted|p1a: Deoxys\n|-damage|p1a: Deoxys|179/221\n|-start|p1a: Deoxys|move: Heal Block\n|\n|-damage|p2a: Deoxys|195/221 brn|[from] brn\n|upkeep\n|turn|21\n|\n|t:|1782748793\n|move|p1a: Deoxys|Cosmic Power|p1a: Deoxys\n|-boost|p1a: Deoxys|def|1\n|-boost|p1a: Deoxys|spd|1\n|move|p2a: Deoxys|Stealth Rock|p1a: Deoxys\n|-sidestart|p1: Amphajack|move: Stealth Rock\n|\n|-damage|p2a: Deoxys|182/221 brn|[from] brn\n|-end|p1a: Deoxys|move: Heal Block\n|upkeep\n|turn|22\n|\n|t:|1782748797\n|move|p1a: Deoxys|Cosmic Power|p1a: Deoxys\n|-boost|p1a: Deoxys|def|1\n|-boost|p1a: Deoxys|spd|1\n|move|p2a: Deoxys|Teleport|p2a: Deoxys\n|\n|t:|1782748802\n|switch|p2a: Scream Tail|Scream Tail, L84|86/330 brn|[from] Teleport\n|-activate|p2a: Scream Tail|move: Sticky Web\n|-unboost|p2a: Scream Tail|spe|1\n|\n|-heal|p1a: Deoxys|192/221|[from] item: Leftovers\n|-heal|p2a: Scream Tail|106/330 brn|[from] item: Leftovers\n|-damage|p2a: Scream Tail|86/330 brn|[from] brn\n|upkeep\n|turn|23\n|\n|t:|1782748806\n|move|p1a: Deoxys|Stored Power|p2a: Scream Tail\n|-resisted|p2a: Scream Tail\n|-damage|p2a: Scream Tail|55/330 brn\n|move|p2a: Scream Tail|Encore|p1a: Deoxys\n|-start|p1a: Deoxys|Encore\n|\n|-heal|p1a: Deoxys|205/221|[from] item: Leftovers\n|-heal|p2a: Scream Tail|75/330 brn|[from] item: Leftovers\n|-damage|p2a: Scream Tail|55/330 brn|[from] brn\n|upkeep\n|turn|24\n|\n|t:|1782748810\n|move|p1a: Deoxys|Stored Power|p2a: Scream Tail\n|-resisted|p2a: Scream Tail\n|-damage|p2a: Scream Tail|18/330 brn\n|move|p2a: Scream Tail|Wish|p2a: Scream Tail\n|\n|-heal|p1a: Deoxys|218/221|[from] item: Leftovers\n|-heal|p2a: Scream Tail|38/330 brn|[from] item: Leftovers\n|-damage|p2a: Scream Tail|18/330 brn|[from] brn\n|upkeep\n|turn|25\n|\n|t:|1782748817\n|move|p2a: Scream Tail|Protect|p2a: Scream Tail\n|-singleturn|p2a: Scream Tail|Protect\n|move|p1a: Deoxys|Stored Power|p2a: Scream Tail\n|-activate|p2a: Scream Tail|move: Protect\n|\n|-heal|p2a: Scream Tail|183/330 brn|[from] move: Wish|[wisher] Scream Tail\n|-heal|p1a: Deoxys|221/221|[from] item: Leftovers\n|-heal|p2a: Scream Tail|203/330 brn|[from] item: Leftovers\n|-damage|p2a: Scream Tail|183/330 brn|[from] brn\n|upkeep\n|turn|26\n|\n|t:|1782748828\n|switch|p1a: Ariados|Ariados, L95, M|287/287\n|move|p2a: Scream Tail|Wish|p2a: Scream Tail\n|\n|-heal|p2a: Scream Tail|203/330 brn|[from] item: Leftovers\n|-damage|p2a: Scream Tail|183/330 brn|[from] brn\n|upkeep\n|turn|27\n|\n|t:|1782748836\n|-end|p2a: Scream Tail|Protosynthesis|[silent]\n|switch|p2a: Arcanine|Arcanine, L84, M|173/288\n|-ability|p2a: Arcanine|Intimidate|boost\n|-unboost|p1a: Ariados|atk|1\n|move|p1a: Ariados|Knock Off|p2a: Arcanine\n|-damage|p2a: Arcanine|111/288\n|-enditem|p2a: Arcanine|Heavy-Duty Boots|[from] move: Knock Off|[of] p1a: Ariados\n|\n|-heal|p2a: Arcanine|276/288|[from] move: Wish|[wisher] Scream Tail\n|upkeep\n|turn|28\n|\n|t:|1782748845\n|switch|p1a: Deoxys|Deoxys-Defense, L84|221/221\n|-damage|p1a: Deoxys|194/221|[from] Stealth Rock\n|-ability|p1a: Deoxys|Pressure\n|move|p2a: Arcanine|Flare Blitz|p1a: Deoxys\n|-damage|p1a: Deoxys|113/221\n|-damage|p2a: Arcanine|249/288|[from] Recoil\n|\n|-heal|p1a: Deoxys|126/221|[from] item: Leftovers\n|upkeep\n|turn|29\n|\n|t:|1782748849\n|move|p2a: Arcanine|Flare Blitz|p1a: Deoxys\n|-damage|p1a: Deoxys|42/221\n|-damage|p2a: Arcanine|221/288|[from] Recoil\n|move|p1a: Deoxys|Recover|p1a: Deoxys\n|-heal|p1a: Deoxys|153/221\n|\n|-heal|p1a: Deoxys|166/221|[from] item: Leftovers\n|upkeep\n|turn|30\n|\n|t:|1782748862\n|switch|p2a: Scream Tail|Scream Tail, L84|183/330 brn\n|-activate|p2a: Scream Tail|move: Sticky Web\n|-unboost|p2a: Scream Tail|spe|1\n|move|p1a: Deoxys|Cosmic Power|p1a: Deoxys\n|-boost|p1a: Deoxys|def|1\n|-boost|p1a: Deoxys|spd|1\n|\n|-heal|p1a: Deoxys|179/221|[from] item: Leftovers\n|-heal|p2a: Scream Tail|203/330 brn|[from] item: Leftovers\n|-damage|p2a: Scream Tail|183/330 brn|[from] brn\n|upkeep\n|turn|31\n|\n|t:|1782748870\n|move|p1a: Deoxys|Night Shade|p2a: Scream Tail\n|-damage|p2a: Scream Tail|99/330 brn\n|move|p2a: Scream Tail|Encore|p1a: Deoxys\n|-start|p1a: Deoxys|Encore\n|\n|-heal|p1a: Deoxys|192/221|[from] item: Leftovers\n|-heal|p2a: Scream Tail|119/330 brn|[from] item: Leftovers\n|-damage|p2a: Scream Tail|99/330 brn|[from] brn\n|upkeep\n|turn|32\n|\n|t:|1782748875\n|move|p1a: Deoxys|Night Shade|p2a: Scream Tail\n|-damage|p2a: Scream Tail|15/330 brn\n|move|p2a: Scream Tail|Wish|p2a: Scream Tail\n|\n|-heal|p1a: Deoxys|205/221|[from] item: Leftovers\n|-heal|p2a: Scream Tail|35/330 brn|[from] item: Leftovers\n|-damage|p2a: Scream Tail|15/330 brn|[from] brn\n|upkeep\n|turn|33\n|\n|t:|1782748898\n|switch|p1a: Phione|Phione, L91|293/293\n|-damage|p1a: Phione|257/293|[from] Stealth Rock\n|move|p2a: Scream Tail|Protect||[still]\n|-fail|p2a: Scream Tail\n|\n|-heal|p2a: Scream Tail|180/330 brn|[from] move: Wish|[wisher] Scream Tail\n|-heal|p1a: Phione|275/293|[from] item: Leftovers\n|-heal|p2a: Scream Tail|200/330 brn|[from] item: Leftovers\n|-damage|p2a: Scream Tail|180/330 brn|[from] brn\n|upkeep\n|turn|34\n|\n|t:|1782748905\n|move|p1a: Phione|Take Heart|p1a: Phione\n|-boost|p1a: Phione|spa|1\n|-boost|p1a: Phione|spd|1\n|move|p2a: Scream Tail|Dazzling Gleam|p1a: Phione\n|-damage|p1a: Phione|236/293\n|\n|-heal|p1a: Phione|254/293|[from] item: Leftovers\n|-heal|p2a: Scream Tail|200/330 brn|[from] item: Leftovers\n|-damage|p2a: Scream Tail|180/330 brn|[from] brn\n|upkeep\n|turn|35\n|\n|t:|1782748909\n|move|p1a: Phione|Scald|p2a: Scream Tail\n|-damage|p2a: Scream Tail|74/330 brn\n|move|p2a: Scream Tail|Wish|p2a: Scream Tail\n|\n|-heal|p1a: Phione|272/293|[from] item: Leftovers\n|-heal|p2a: Scream Tail|94/330 brn|[from] item: Leftovers\n|-damage|p2a: Scream Tail|74/330 brn|[from] brn\n|upkeep\n|turn|36\n|\n|t:|1782748916\n|-end|p2a: Scream Tail|Protosynthesis|[silent]\n|switch|p2a: Vivillon|Vivillon-Savanna, L83, M|268/268\n|move|p1a: Phione|Take Heart|p1a: Phione\n|-boost|p1a: Phione|spa|1\n|-boost|p1a: Phione|spd|1\n|\n|-heal|p1a: Phione|290/293|[from] item: Leftovers\n|upkeep\n|turn|37\n|\n|t:|1782748921\n|move|p1a: Phione|Ice Beam|p2a: Vivillon\n|-supereffective|p2a: Vivillon\n|-damage|p2a: Vivillon|0 fnt\n|faint|p2a: Vivillon\n|\n|-heal|p1a: Phione|293/293|[from] item: Leftovers\n|upkeep\n|l|\u2606boombaby55555\n|inactive|boombaby55555 disconnected and has a minute to reconnect!\n|player|p2|\n|inactive|boombaby55555 has 30 seconds to reconnect!\n|inactive|boombaby55555 has 20 seconds to reconnect!\n|inactive|boombaby55555 has 15 seconds to reconnect!\n|inactive|boombaby55555 has 10 seconds to reconnect!\n|inactive|boombaby55555 has 5 seconds to reconnect!\n|-message|boombaby55555 lost due to inactivity.\n|\n|win|Amphajack\n|raw|Amphajack's rating: 1681 &rarr; <strong>1700</strong><br />(+19 for winning)\n|raw|boombaby55555's rating: 1668 &rarr; <strong>1649</strong><br />(-19 for losing)\n", "inputlog": ">version f8ac14003a5f27e1bdc8d8c59608a773c1cb96e5\n>start {\"formatid\":\"gen9randombattle\",\"seed\":\"sodium,9e77018aacdd7b475c8a435b5cad0240\",\"rated\":\"Rated battle\"}\n>player p1 {\"name\":\"Amphajack\",\"avatar\":\"265\",\"rating\":1681,\"seed\":\"sodium,a87830503aa4bdf7abe07ed155eadc13\"}\n>player p2 {\"name\":\"boombaby55555\",\"avatar\":\"266\",\"rating\":1668,\"seed\":\"sodium,178eeffde025fd5a7d748977f43c34f3\"}\n>p1 switch 3\n>p2 move flareblitz\n>p1 move cosmicpower\n>p2 move flareblitz\n>p1 move recover\n>p2 switch 2\n>p1 switch 5\n>p2 move encore\n>p1 move stickyweb\n>p2 switch 2\n>p1 switch 5\n>p2 move flareblitz\n>p1 move recover\n>p2 move flareblitz\n>p1 move cosmicpower\n>p2 switch 2\n>p1 move nightshade\n>p2 move encore\n>p1 move nightshade\n>p2 move wish\n>p1 switch 2\n>p2 switch 6\n>p1 move bodyslam terastallize\n>p2 move knockoff\n>p1 move bodyslam\n>p2 move knockoff\n>p1 switch 6\n>p2 switch 2\n>p1 move scald\n>p2 switch 6\n>p1 move scald\n>p2 move wish\n>p1 move takeheart\n>p2 move dazzlinggleam\n>p1 move scald\n>p2 move encore\n>p1 move scald\n>p2 move wish\n>p1 move scald\n>p2 switch 3\n>p1 switch 2\n>p2 move psychicnoise\n>p1 move cosmicpower\n>p2 move stealthrock\n>p1 move cosmicpower\n>p2 move teleport\n>p2 switch 3\n>p1 move storedpower\n>p2 move encore\n>p1 move storedpower\n>p2 move wish\n>p1 move storedpower\n>p2 move protect\n>p1 switch 5\n>p2 move wish\n>p1 move knockoff\n>p2 switch 6\n>p1 switch 5\n>p2 move flareblitz\n>p1 move recover\n>p2 move flareblitz\n>p1 move cosmicpower\n>p2 switch 6\n>p1 move nightshade\n>p2 move encore\n>p1 move nightshade\n>p2 move wish\n>p1 switch 2\n>p2 move protect\n>p1 move takeheart\n>p2 move dazzlinggleam\n>p1 move scald\n>p2 move wish\n>p1 move takeheart\n>p2 switch 5\n>p1 move icebeam\n>p2 move quiverdance\n>forcelose p2", "uploadtime": 1782749005, "views": 7, "formatid": "gen9randombattle", "rating": 1649, "private": 0, "password": null, "player_dets": [{"name": "Amphajack", "avatar": "265", "rating": 1681, "seed": "sodium,a87830503aa4bdf7abe07ed155eadc13"}, {"name": "boombaby55555", "avatar": "266", "rating": 1668, "seed": "sodium,178eeffde025fd5a7d748977f43c34f3"}], "teams_full": [{"Virizion": {"name": "Virizion", "species": "Virizion", "speciesId": "virizion", "gender": "N", "shiny": false, "level": 82, "moves": ["closecombat", "swordsdance", "stoneedge", "leafblade"], "ability": "Justified", "evs": {"hp": 85, "atk": 85, "def": 85, "spa": 85, "spd": 85, "spe": 85}, "ivs": {"hp": 31, "atk": 31, "def": 31, "spa": 31, "spd": 31, "spe": 31}, "item": "Life Orb", "teraType": "Rock", "role": "Setup Sweeper", "bvs": {"hp": 91, "atk": 90, "def": 72, "spa": 90, "spd": 129, "spe": 108}, "stats": {"hp": 283, "atk": 195, "def": 165, "spa": 195, "spd": 259, "spe": 224}, "types": ["Grass", "Fighting"]}, "Farigiraf": {"name": "Farigiraf", "species": "Farigiraf", "speciesId": "farigiraf", "gender": "M", "shiny": false, "level": 90, "moves": ["bodyslam", "protect", "psychicnoise", "wish"], "ability": "Sap Sipper", "evs": {"hp": 85, "atk": 85, "def": 85, "spa": 85, "spd": 85, "spe": 85}, "ivs": {"hp": 31, "atk": 31, "def": 31, "spa": 31, "spd": 31, "spe": 31}, "item": "Leftovers", "teraType": "Water", "role": "Bulky Support", "bvs": {"hp": 120, "atk": 90, "def": 70, "spa": 110, "spd": 70, "spe": 60}, "stats": {"hp": 362, "atk": 213, "def": 177, "spa": 249, "spd": 177, "spe": 159}, "types": ["Normal", "Psychic"]}, "Deoxys": {"name": "Deoxys", "species": "Deoxys-Defense", "speciesId": "deoxysdefense", "gender": "N", "shiny": false, "level": 84, "moves": ["cosmicpower", "storedpower", "nightshade", "recover"], "ability": "Pressure", "evs": {"hp": 85, "atk": 0, "def": 85, "spa": 85, "spd": 85, "spe": 85}, "ivs": {"hp": 31, "atk": 0, "def": 31, "spa": 31, "spd": 31, "spe": 31}, "item": "Leftovers", "teraType": "Steel", "role": "Bulky Setup", "bvs": {"hp": 50, "atk": 70, "def": 160, "spa": 70, "spd": 160, "spe": 90}, "stats": {"hp": 221, "atk": 122, "def": 317, "spa": 166, "spd": 317, "spe": 199}, "types": ["Psychic"]}, "Magearna": {"name": "Magearna", "species": "Magearna", "speciesId": "magearna", "gender": "N", "shiny": false, "level": 77, "moves": ["shiftgear", "calmmind", "fleurcannon", "flashcannon"], "ability": "Soul-Heart", "evs": {"hp": 85, "atk": 0, "def": 85, "spa": 85, "spd": 85, "spe": 85}, "ivs": {"hp": 31, "atk": 0, "def": 31, "spa": 31, "spd": 31, "spe": 31}, "item": "Leftovers", "teraType": "Water", "role": "Bulky Setup", "bvs": {"hp": 80, "atk": 95, "def": 115, "spa": 130, "spd": 115, "spe": 65}, "stats": {"hp": 250, "atk": 151, "def": 222, "spa": 245, "spd": 222, "spe": 145}, "types": ["Steel", "Fairy"]}, "Ariados": {"name": "Ariados", "species": "Ariados", "speciesId": "ariados", "gender": "M", "shiny": false, "level": 95, "moves": ["poisonjab", "knockoff", "stickyweb", "megahorn"], "ability": "Insomnia", "evs": {"hp": 85, "atk": 85, "def": 85, "spa": 85, "spd": 85, "spe": 85}, "ivs": {"hp": 31, "atk": 31, "def": 31, "spa": 31, "spd": 31, "spe": 31}, "item": "Heavy-Duty Boots", "teraType": "Ghost", "role": "Fast Support", "bvs": {"hp": 70, "atk": 90, "def": 70, "spa": 60, "spd": 70, "spe": 40}, "stats": {"hp": 287, "atk": 225, "def": 187, "spa": 168, "spd": 187, "spe": 130}, "types": ["Bug", "Poison"]}, "Phione": {"name": "Phione", "species": "Phione", "speciesId": "phione", "gender": "N", "shiny": false, "level": 91, "moves": ["scald", "grassknot", "icebeam", "takeheart"], "ability": "Hydration", "evs": {"hp": 85, "atk": 0, "def": 85, "spa": 85, "spd": 85, "spe": 85}, "ivs": {"hp": 31, "atk": 0, "def": 31, "spa": 31, "spd": 31, "spe": 31}, "item": "Leftovers", "teraType": "Steel", "role": "Bulky Attacker", "bvs": {"hp": 80, "atk": 80, "def": 80, "spa": 80, "spd": 80, "spe": 80}, "stats": {"hp": 293, "atk": 150, "def": 197, "spa": 197, "spd": 197, "spe": 197}, "types": ["Water"]}}, {"Arcanine": {"name": "Arcanine", "species": "Arcanine", "speciesId": "arcanine", "gender": "M", "shiny": false, "level": 84, "moves": ["morningsun", "extremespeed", "willowisp", "flareblitz"], "ability": "Intimidate", "evs": {"hp": 85, "atk": 85, "def": 85, "spa": 85, "spd": 85, "spe": 85}, "ivs": {"hp": 31, "atk": 31, "def": 31, "spa": 31, "spd": 31, "spe": 31}, "item": "Heavy-Duty Boots", "teraType": "Normal", "role": "Bulky Attacker", "bvs": {"hp": 90, "atk": 110, "def": 80, "spa": 100, "spd": 80, "spe": 95}, "stats": {"hp": 288, "atk": 233, "def": 183, "spa": 216, "spd": 183, "spe": 208}, "types": ["Fire"]}, "Scream Tail": {"name": "Scream Tail", "species": "Scream Tail", "speciesId": "screamtail", "gender": "N", "shiny": false, "level": 84, "moves": ["encore", "protect", "dazzlinggleam", "wish"], "ability": "Protosynthesis", "evs": {"hp": 85, "atk": 0, "def": 85, "spa": 85, "spd": 85, "spe": 85}, "ivs": {"hp": 31, "atk": 0, "def": 31, "spa": 31, "spd": 31, "spe": 31}, "item": "Leftovers", "teraType": "Steel", "role": "Bulky Attacker", "bvs": {"hp": 115, "atk": 65, "def": 99, "spa": 65, "spd": 115, "spe": 111}, "stats": {"hp": 330, "atk": 114, "def": 215, "spa": 157, "spd": 241, "spe": 235}, "types": ["Fairy", "Psychic"]}, "Deoxys": {"name": "Deoxys", "species": "Deoxys-Defense", "speciesId": "deoxysdefense", "gender": "N", "shiny": false, "level": 84, "moves": ["stealthrock", "psychicnoise", "recover", "teleport"], "ability": "Pressure", "evs": {"hp": 85, "atk": 0, "def": 85, "spa": 85, "spd": 85, "spe": 85}, "ivs": {"hp": 31, "atk": 0, "def": 31, "spa": 31, "spd": 31, "spe": 31}, "item": "Rocky Helmet", "teraType": "Dark", "role": "Bulky Support", "bvs": {"hp": 50, "atk": 70, "def": 160, "spa": 70, "spd": 160, "spe": 90}, "stats": {"hp": 221, "atk": 122, "def": 317, "spa": 166, "spd": 317, "spe": 199}, "types": ["Psychic"]}, "Ursaluna": {"name": "Ursaluna", "species": "Ursaluna-Bloodmoon", "speciesId": "ursalunabloodmoon", "gender": "M", "shiny": false, "level": 79, "moves": ["calmmind", "moonlight", "earthpower", "bloodmoon"], "ability": "Mind's Eye", "evs": {"hp": 85, "atk": 0, "def": 85, "spa": 85, "spd": 85, "spe": 85}, "ivs": {"hp": 31, "atk": 0, "def": 31, "spa": 31, "spd": 31, "spe": 31}, "item": "Leftovers", "teraType": "Ghost", "role": "Bulky Attacker", "bvs": {"hp": 113, "atk": 70, "def": 120, "spa": 135, "spd": 65, "spe": 52}, "stats": {"hp": 308, "atk": 115, "def": 235, "spa": 259, "spd": 148, "spe": 128}, "types": ["Ground", "Normal"]}, "Vivillon": {"name": "Vivillon", "species": "Vivillon-Savanna", "speciesId": "vivillon", "gender": "M", "shiny": false, "level": 83, "moves": ["bugbuzz", "hurricane", "quiverdance", "sleeppowder"], "ability": "Compound Eyes", "evs": {"hp": 85, "atk": 0, "def": 85, "spa": 85, "spd": 85, "spe": 85}, "ivs": {"hp": 31, "atk": 0, "def": 31, "spa": 31, "spd": 31, "spe": 31}, "item": "Heavy-Duty Boots", "teraType": "Flying", "role": "Fast Bulky Setup", "bvs": {"hp": 80, "atk": 52, "def": 50, "spa": 90, "spd": 50, "spe": 89}, "stats": {"hp": 268, "atk": 91, "def": 131, "spa": 197, "spd": 131, "spe": 195}, "types": ["Bug", "Flying"]}, "Crawdaunt": {"name": "Crawdaunt", "species": "Crawdaunt", "speciesId": "crawdaunt", "gender": "M", "shiny": false, "level": 84, "moves": ["crabhammer", "dragondance", "knockoff", "closecombat"], "ability": "Adaptability", "evs": {"hp": 85, "atk": 85, "def": 85, "spa": 85, "spd": 85, "spe": 85}, "ivs": {"hp": 31, "atk": 31, "def": 31, "spa": 31, "spd": 31, "spe": 31}, "item": "Life Orb", "teraType": "Fighting", "role": "Fast Attacker", "bvs": {"hp": 63, "atk": 120, "def": 85, "spa": 90, "spd": 55, "spe": 55}, "stats": {"hp": 243, "atk": 250, "def": 191, "spa": 199, "spd": 141, "spe": 141}, "types": ["Water", "Dark"]}}]}