{"id": "gen9randombattle-2641690121", "format": "[Gen 9] Random Battle", "players": ["Mundilloo", "Estrace"], "log": "|j|\u2606Mundilloo\n|j|\u2606Estrace\n|t:|1782830212\n|gametype|singles\n|player|p1|Mundilloo|1|1946\n|player|p2|Estrace|clair|2010\n|gen|9\n|tier|[Gen 9] Random Battle\n|rated|\n|rule|Species Clause: Limit one of each Pok\u00e9mon\n|rule|HP Percentage Mod: HP is shown in percentages\n|rule|Sleep Clause Mod: Limit one foe put to sleep\n|rule|Illusion Level Mod: Illusion disguises the Pok\u00e9mon's true level\n|\n|t:|1782830212\n|teamsize|p1|6\n|teamsize|p2|6\n|start\n|switch|p1a: Conkeldurr|Conkeldurr, L80, M|299/299\n|switch|p2a: Typhlosion|Typhlosion, L84, F|267/267\n|turn|1\n|inactive|Battle timer is ON: inactive players will automatically lose when time's up. (requested by Estrace)\n|\n|t:|1782830242\n|switch|p2a: Froslass|Froslass, L87, F|263/263\n|switch|p1a: Gardevoir|Gardevoir, L83, M|249/249\n|-ability|p1a: Gardevoir|Cursed Body|Trace|[from] ability: Trace|[of] p2a: Froslass\n|\n|upkeep\n|turn|2\n|\n|t:|1782830250\n|switch|p1a: Krookodile|Krookodile, L79, M|280/280\n|-ability|p1a: Krookodile|Intimidate|boost\n|-unboost|p2a: Froslass|atk|1\n|move|p2a: Froslass|Poltergeist|p1a: Krookodile\n|-activate|p1a: Krookodile|move: Poltergeist|Leftovers\n|-resisted|p1a: Krookodile\n|-damage|p1a: Krookodile|241/280\n|\n|-heal|p1a: Krookodile|258/280|[from] item: Leftovers\n|upkeep\n|turn|3\n|\n|t:|1782830261\n|switch|p1a: Chandelure|Chandelure, L83, M|235/235\n|move|p2a: Froslass|Will-O-Wisp|p1a: Chandelure\n|-start|p1a: Chandelure|ability: Flash Fire\n|\n|upkeep\n|turn|4\n|\n|t:|1782830269\n|move|p1a: Chandelure|Shadow Ball|p2a: Froslass\n|-supereffective|p2a: Froslass\n|-damage|p2a: Froslass|3/263\n|move|p2a: Froslass|Poltergeist|p1a: Chandelure\n|-activate|p1a: Chandelure|move: Poltergeist|Choice Scarf\n|-supereffective|p1a: Chandelure\n|-damage|p1a: Chandelure|79/235\n|\n|upkeep\n|turn|5\n|\n|t:|1782830277\n|switch|p2a: Hydreigon|Hydreigon, L79, M|275/275\n|move|p1a: Chandelure|Shadow Ball|p2a: Hydreigon\n|-resisted|p2a: Hydreigon\n|-damage|p2a: Hydreigon|212/275\n|\n|upkeep\n|turn|6\n|\n|t:|1782830283\n|-end|p1a: Chandelure|ability: Flash Fire|[silent]\n|switch|p1a: Gardevoir|Gardevoir, L83, M|249/249\n|-ability|p1a: Gardevoir|Levitate|Trace|[from] ability: Trace|[of] p2a: Hydreigon\n|move|p2a: Hydreigon|Nasty Plot|p2a: Hydreigon\n|-boost|p2a: Hydreigon|spa|2\n|\n|upkeep\n|turn|7\n|\n|t:|1782830298\n|switch|p1a: Chandelure|Chandelure, L83, M|79/235\n|move|p2a: Hydreigon|Flash Cannon|p1a: Chandelure\n|-resisted|p1a: Chandelure\n|-damage|p1a: Chandelure|1/235\n|-damage|p2a: Hydreigon|185/275|[from] item: Life Orb\n|\n|upkeep\n|turn|8\n|\n|t:|1782830307\n|move|p1a: Chandelure|Trick|p2a: Hydreigon\n|-activate|p1a: Chandelure|move: Trick|[of] p2a: Hydreigon\n|-item|p2a: Hydreigon|Choice Scarf|[from] move: Trick\n|-item|p1a: Chandelure|Life Orb|[from] move: Trick\n|move|p2a: Hydreigon|Flash Cannon|p1a: Chandelure\n|-resisted|p1a: Chandelure\n|-damage|p1a: Chandelure|0 fnt\n|faint|p1a: Chandelure\n|\n|upkeep\n|\n|t:|1782830317\n|switch|p1a: Conkeldurr|Conkeldurr, L80, M|299/299\n|turn|9\n|\n|t:|1782830322\n|move|p2a: Hydreigon|Flash Cannon|p1a: Conkeldurr\n|-damage|p1a: Conkeldurr|128/299\n|move|p1a: Conkeldurr|Close Combat|p2a: Hydreigon\n|-supereffective|p2a: Hydreigon\n|-damage|p2a: Hydreigon|0 fnt\n|-unboost|p1a: Conkeldurr|def|1\n|-unboost|p1a: Conkeldurr|spd|1\n|faint|p2a: Hydreigon\n|\n|-status|p1a: Conkeldurr|brn|[from] item: Flame Orb\n|upkeep\n|\n|t:|1782830329\n|switch|p2a: Froslass|Froslass, L87, F|3/263\n|turn|10\n|\n|t:|1782830337\n|switch|p1a: Krookodile|Krookodile, L79, M|258/280\n|-ability|p1a: Krookodile|Intimidate|boost\n|-unboost|p2a: Froslass|atk|1\n|move|p2a: Froslass|Triple Axel|p1a: Krookodile\n|-supereffective|p1a: Krookodile\n|-damage|p1a: Krookodile|226/280\n|-supereffective|p1a: Krookodile\n|-damage|p1a: Krookodile|160/280\n|-supereffective|p1a: Krookodile\n|-damage|p1a: Krookodile|68/280\n|-hitcount|p1a: Krookodile|3\n|\n|-heal|p1a: Krookodile|85/280|[from] item: Leftovers\n|upkeep\n|turn|11\n|\n|t:|1782830347\n|move|p2a: Froslass|Triple Axel|p1a: Krookodile\n|-supereffective|p1a: Krookodile\n|-damage|p1a: Krookodile|55/280\n|-supereffective|p1a: Krookodile\n|-damage|p1a: Krookodile|0 fnt\n|faint|p1a: Krookodile\n|-hitcount|p1: Krookodile|2\n|\n|upkeep\n|\n|t:|1782830355\n|switch|p1a: Gardevoir|Gardevoir, L83, M|249/249\n|-ability|p1a: Gardevoir|Cursed Body|Trace|[from] ability: Trace|[of] p2a: Froslass\n|turn|12\n|\n|t:|1782830361\n|move|p2a: Froslass|Poltergeist|p1a: Gardevoir\n|-activate|p1a: Gardevoir|move: Poltergeist|Life Orb\n|-supereffective|p1a: Gardevoir\n|-damage|p1a: Gardevoir|63/249\n|-start|p2a: Froslass|Disable|Poltergeist|[from] ability: Cursed Body|[of] p1a: Gardevoir\n|move|p1a: Gardevoir|Psyshock|p2a: Froslass\n|-damage|p2a: Froslass|0 fnt\n|-start|p1a: Gardevoir|Disable|Psyshock|[from] ability: Cursed Body|[of] p2a: Froslass\n|faint|p2a: Froslass\n|-damage|p1a: Gardevoir|39/249|[from] item: Life Orb\n|\n|upkeep\n|\n|t:|1782830373\n|switch|p2a: Suicune|Suicune, L82|298/298\n|-ability|p2a: Suicune|Pressure\n|turn|13\n|\n|t:|1782830382\n|switch|p1a: Ogerpon|Ogerpon-Cornerstone, L76, F|247/247\n|move|p2a: Suicune|Substitute|p2a: Suicune\n|-start|p2a: Suicune|Substitute\n|-damage|p2a: Suicune|224/298\n|\n|-heal|p2a: Suicune|242/298|[from] item: Leftovers\n|upkeep\n|turn|14\n|\n|t:|1782830389\n|move|p1a: Ogerpon|Encore|p2a: Suicune\n|-start|p2a: Suicune|Encore\n|move|p2a: Suicune|Substitute|p2a: Suicune\n|-fail|p2a: Suicune|move: Substitute\n|\n|-heal|p2a: Suicune|260/298|[from] item: Leftovers\n|upkeep\n|turn|15\n|\n|t:|1782830395\n|switch|p2a: Quaquaval|Quaquaval, L79, F|264/264\n|move|p1a: Ogerpon|Ivy Cudgel|p2a: Quaquaval|[anim] Ivy Cudgel Rock\n|-resisted|p2a: Quaquaval\n|-damage|p2a: Quaquaval|198/264\n|\n|upkeep\n|turn|16\n|\n|t:|1782830408\n|-terastallize|p2a: Quaquaval|Fighting\n|move|p1a: Ogerpon|Power Whip|p2a: Quaquaval|[miss]\n|-miss|p1a: Ogerpon|p2a: Quaquaval\n|move|p2a: Quaquaval|Triple Axel|p1a: Ogerpon\n|-supereffective|p1a: Ogerpon\n|-damage|p1a: Ogerpon|199/247\n|-supereffective|p1a: Ogerpon\n|-damage|p1a: Ogerpon|91/247\n|-hitcount|p1a: Ogerpon|2\n|\n|upkeep\n|turn|17\n|c|\u2606Estrace|ope\n|\n|t:|1782830424\n|-terastallize|p1a: Ogerpon|Rock\n|detailschange|p1a: Ogerpon|Ogerpon-Cornerstone-Tera, L76, F, tera:Rock\n|-ability|p1a: Ogerpon|Embody Aspect (Cornerstone)|boost\n|-boost|p1a: Ogerpon|def|1\n|move|p1a: Ogerpon|Encore|p2a: Quaquaval\n|-start|p2a: Quaquaval|Encore\n|move|p2a: Quaquaval|Triple Axel|p1a: Ogerpon\n|-damage|p1a: Ogerpon|72/247\n|-damage|p1a: Ogerpon|38/247\n|-damage|p1a: Ogerpon|0 fnt\n|faint|p1a: Ogerpon\n|detailschange|p1: Ogerpon|Ogerpon-Cornerstone, L76, F|[silent]\n|-ability|p2a: Quaquaval|Moxie|boost\n|-boost|p2a: Quaquaval|atk|1\n|-hitcount|p1: Ogerpon|3\n|\n|upkeep\n|\n|t:|1782830434\n|switch|p1a: Gardevoir|Gardevoir, L83, M|39/249\n|-ability|p1a: Gardevoir|Moxie|Trace|[from] ability: Trace|[of] p2a: Quaquaval\n|turn|18\n|\n|t:|1782830440\n|move|p2a: Quaquaval|Triple Axel|p1a: Gardevoir\n|-damage|p1a: Gardevoir|0 fnt\n|faint|p1a: Gardevoir\n|-ability|p2a: Quaquaval|Moxie|boost\n|-boost|p2a: Quaquaval|atk|1\n|-hitcount|p1: Gardevoir|1\n|\n|upkeep\n|-message|Mundilloo forfeited.\n|\n|win|Estrace\n", "inputlog": ">version f8ac14003a5f27e1bdc8d8c59608a773c1cb96e5\n>start {\"formatid\":\"gen9randombattle\",\"seed\":\"sodium,62e2354eafee371eb0402b51d617820f\",\"rated\":\"Rated battle\"}\n>player p1 {\"name\":\"Mundilloo\",\"avatar\":\"1\",\"rating\":1946,\"seed\":\"sodium,edd0cfe969cfc5903971c60ac11d7bf6\"}\n>player p2 {\"name\":\"Estrace\",\"avatar\":\"clair\",\"rating\":2010,\"seed\":\"sodium,b361e61c91dd374d11596e308268aea9\"}\n>p1 switch 6\n>p2 switch 5\n>p1 switch 2\n>p2 move poltergeist\n>p1 switch 3\n>p2 move willowisp\n>p1 move shadowball\n>p2 move poltergeist\n>p1 move shadowball\n>p2 switch 2\n>p1 switch 2\n>p2 move nastyplot\n>p1 switch 2\n>p2 move flashcannon\n>p1 move trick\n>p2 move flashcannon\n>p1 switch 6\n>p1 move closecombat\n>p2 move flashcannon\n>p2 switch 2\n>p1 switch 3\n>p2 move tripleaxel\n>p1 move knockoff\n>p2 move tripleaxel\n>p1 switch 2\n>p1 move psyshock\n>p2 move poltergeist\n>p2 switch 3\n>p1 switch 5\n>p2 move substitute\n>p1 move encore\n>p2 move scald\n>p1 move ivycudgel\n>p2 switch 6\n>p1 move powerwhip\n>p2 move tripleaxel terastallize\n>chat \u2606Estrace|ope\n>p1 move encore terastallize\n>p2 move tripleaxel\n>p1 switch 5\n>p1 move moonblast\n>p2 move tripleaxel\n>forcelose p1", "uploadtime": 1782830214, "views": 3, "formatid": "gen9randombattle", "rating": null, "private": 0, "password": null, "player_dets": [{"name": "Mundilloo", "avatar": "1", "rating": 1946, "seed": "sodium,edd0cfe969cfc5903971c60ac11d7bf6"}, {"name": "Estrace", "avatar": "clair", "rating": 2010, "seed": "sodium,b361e61c91dd374d11596e308268aea9"}], "teams_full": [{"Conkeldurr": {"name": "Conkeldurr", "species": "Conkeldurr", "speciesId": "conkeldurr", "gender": "M", "shiny": false, "level": 80, "moves": ["closecombat", "facade", "machpunch", "knockoff"], "ability": "Guts", "evs": {"hp": 85, "atk": 85, "def": 85, "spa": 85, "spd": 85, "spe": 85}, "ivs": {"hp": 31, "atk": 31, "def": 31, "spa": 31, "spd": 31, "spe": 31}, "item": "Flame Orb", "teraType": "Normal", "role": "Wallbreaker", "bvs": {"hp": 105, "atk": 140, "def": 95, "spa": 55, "spd": 65, "spe": 45}, "stats": {"hp": 299, "atk": 270, "def": 198, "spa": 134, "spd": 150, "spe": 118}, "types": ["Fighting"]}, "Krookodile": {"name": "Krookodile", "species": "Krookodile", "speciesId": "krookodile", "gender": "M", "shiny": false, "level": 79, "moves": ["earthquake", "gunkshot", "knockoff", "bulkup"], "ability": "Intimidate", "evs": {"hp": 85, "atk": 85, "def": 85, "spa": 85, "spd": 85, "spe": 85}, "ivs": {"hp": 31, "atk": 31, "def": 31, "spa": 31, "spd": 31, "spe": 31}, "item": "Leftovers", "teraType": "Poison", "role": "Bulky Setup", "bvs": {"hp": 95, "atk": 117, "def": 80, "spa": 65, "spd": 70, "spe": 92}, "stats": {"hp": 280, "atk": 230, "def": 172, "spa": 148, "spd": 156, "spe": 191}, "types": ["Ground", "Dark"]}, "Chandelure": {"name": "Chandelure", "species": "Chandelure", "speciesId": "chandelure", "gender": "M", "shiny": false, "level": 83, "moves": ["shadowball", "trick", "energyball", "fireblast"], "ability": "Flash Fire", "evs": {"hp": 85, "atk": 0, "def": 85, "spa": 85, "spd": 85, "spe": 85}, "ivs": {"hp": 31, "atk": 0, "def": 31, "spa": 31, "spd": 31, "spe": 31}, "item": "Choice Scarf", "teraType": "Ghost", "role": "Fast Attacker", "bvs": {"hp": 60, "atk": 55, "def": 90, "spa": 145, "spd": 90, "spe": 80}, "stats": {"hp": 235, "atk": 96, "def": 197, "spa": 288, "spd": 197, "spe": 180}, "types": ["Ghost", "Fire"]}, "Rhydon": {"name": "Rhydon", "species": "Rhydon", "speciesId": "rhydon", "gender": "F", "shiny": false, "level": 85, "moves": ["megahorn", "stoneedge", "earthquake", "swordsdance"], "ability": "Lightning Rod", "evs": {"hp": 85, "atk": 85, "def": 85, "spa": 85, "spd": 85, "spe": 85}, "ivs": {"hp": 31, "atk": 31, "def": 31, "spa": 31, "spd": 31, "spe": 31}, "item": "Eviolite", "teraType": "Fairy", "role": "Bulky Attacker", "bvs": {"hp": 105, "atk": 130, "def": 120, "spa": 45, "spd": 45, "spe": 40}, "stats": {"hp": 317, "atk": 270, "def": 253, "spa": 125, "spd": 125, "spe": 117}, "types": ["Ground", "Rock"]}, "Ogerpon": {"name": "Ogerpon", "species": "Ogerpon-Cornerstone", "speciesId": "ogerponcornerstone", "gender": "F", "shiny": false, "level": 76, "moves": ["synthesis", "ivycudgel", "encore", "powerwhip"], "ability": "Sturdy", "evs": {"hp": 85, "atk": 85, "def": 85, "spa": 85, "spd": 85, "spe": 85}, "ivs": {"hp": 31, "atk": 31, "def": 31, "spa": 31, "spd": 31, "spe": 31}, "item": "Cornerstone Mask", "teraType": "Rock", "role": "Bulky Attacker", "bvs": {"hp": 80, "atk": 120, "def": 84, "spa": 60, "spd": 96, "spe": 110}, "stats": {"hp": 247, "atk": 226, "def": 172, "spa": 135, "spd": 190, "spe": 211}, "types": ["Grass", "Rock"]}, "Gardevoir": {"name": "Gardevoir", "species": "Gardevoir", "speciesId": "gardevoir", "gender": "M", "shiny": false, "level": 83, "moves": ["mysticalfire", "calmmind", "moonblast", "psyshock"], "ability": "Trace", "evs": {"hp": 85, "atk": 0, "def": 85, "spa": 85, "spd": 85, "spe": 85}, "ivs": {"hp": 31, "atk": 0, "def": 31, "spa": 31, "spd": 31, "spe": 31}, "item": "Life Orb", "teraType": "Fire", "role": "Fast Attacker", "bvs": {"hp": 68, "atk": 65, "def": 65, "spa": 125, "spd": 115, "spe": 80}, "stats": {"hp": 249, "atk": 112, "def": 156, "spa": 255, "spd": 239, "spe": 180}, "types": ["Psychic", "Fairy"]}}, {"Typhlosion": {"name": "Typhlosion", "species": "Typhlosion", "speciesId": "typhlosion", "gender": "F", "shiny": false, "level": 84, "moves": ["eruption", "fireblast", "scorchingsands", "focusblast"], "ability": "Blaze", "evs": {"hp": 81, "atk": 0, "def": 85, "spa": 85, "spd": 85, "spe": 85}, "ivs": {"hp": 31, "atk": 0, "def": 31, "spa": 31, "spd": 31, "spe": 31}, "item": "Choice Scarf", "teraType": "Fire", "role": "Fast Attacker", "bvs": {"hp": 78, "atk": 84, "def": 78, "spa": 109, "spd": 85, "spe": 100}, "stats": {"hp": 267, "atk": 146, "def": 179, "spa": 231, "spd": 191, "spe": 216}, "types": ["Fire"]}, "Hydreigon": {"name": "Hydreigon", "species": "Hydreigon", "speciesId": "hydreigon", "gender": "M", "shiny": false, "level": 79, "moves": ["nastyplot", "flashcannon", "dracometeor", "darkpulse"], "ability": "Levitate", "evs": {"hp": 85, "atk": 0, "def": 85, "spa": 85, "spd": 85, "spe": 85}, "ivs": {"hp": 31, "atk": 0, "def": 31, "spa": 31, "spd": 31, "spe": 31}, "item": "Life Orb", "teraType": "Dark", "role": "Fast Attacker", "bvs": {"hp": 92, "atk": 105, "def": 90, "spa": 125, "spd": 90, "spe": 98}, "stats": {"hp": 275, "atk": 170, "def": 188, "spa": 243, "spd": 188, "spe": 200}, "types": ["Dark", "Dragon"]}, "Suicune": {"name": "Suicune", "species": "Suicune", "speciesId": "suicune", "gender": "N", "shiny": false, "level": 82, "moves": ["calmmind", "protect", "substitute", "scald"], "ability": "Pressure", "evs": {"hp": 85, "atk": 0, "def": 85, "spa": 85, "spd": 85, "spe": 85}, "ivs": {"hp": 31, "atk": 0, "def": 31, "spa": 31, "spd": 31, "spe": 31}, "item": "Leftovers", "teraType": "Steel", "role": "Fast Support", "bvs": {"hp": 100, "atk": 75, "def": 115, "spa": 90, "spd": 115, "spe": 85}, "stats": {"hp": 298, "atk": 127, "def": 236, "spa": 195, "spd": 236, "spe": 187}, "types": ["Water"]}, "Kingambit": {"name": "Kingambit", "species": "Kingambit", "speciesId": "kingambit", "gender": "M", "shiny": false, "level": 74, "moves": ["swordsdance", "kowtowcleave", "suckerpunch", "ironhead"], "ability": "Supreme Overlord", "evs": {"hp": 85, "atk": 85, "def": 85, "spa": 85, "spd": 85, "spe": 85}, "ivs": {"hp": 31, "atk": 31, "def": 31, "spa": 31, "spd": 31, "spe": 31}, "item": "Leftovers", "teraType": "Dark", "role": "Bulky Attacker", "bvs": {"hp": 100, "atk": 135, "def": 120, "spa": 60, "spd": 85, "spe": 50}, "stats": {"hp": 270, "atk": 243, "def": 221, "spa": 132, "spd": 169, "spe": 117}, "types": ["Dark", "Steel"]}, "Froslass": {"name": "Froslass", "species": "Froslass", "speciesId": "froslass", "gender": "F", "shiny": false, "level": 87, "moves": ["willowisp", "tripleaxel", "taunt", "poltergeist"], "ability": "Cursed Body", "evs": {"hp": 81, "atk": 85, "def": 85, "spa": 85, "spd": 85, "spe": 85}, "ivs": {"hp": 31, "atk": 31, "def": 31, "spa": 31, "spd": 31, "spe": 31}, "item": "Wide Lens", "teraType": "Ice", "role": "Fast Support", "bvs": {"hp": 70, "atk": 80, "def": 70, "spa": 80, "spd": 70, "spe": 110}, "stats": {"hp": 263, "atk": 189, "def": 172, "spa": 189, "spd": 172, "spe": 241}, "types": ["Ice", "Ghost"]}, "Quaquaval": {"name": "Quaquaval", "species": "Quaquaval", "speciesId": "quaquaval", "gender": "F", "shiny": false, "level": 79, "moves": ["uturn", "aquastep", "closecombat", "tripleaxel"], "ability": "Moxie", "evs": {"hp": 85, "atk": 85, "def": 85, "spa": 85, "spd": 85, "spe": 85}, "ivs": {"hp": 31, "atk": 31, "def": 31, "spa": 31, "spd": 31, "spe": 31}, "item": "Choice Band", "teraType": "Fighting", "role": "Wallbreaker", "bvs": {"hp": 85, "atk": 120, "def": 80, "spa": 85, "spd": 75, "spe": 85}, "stats": {"hp": 264, "atk": 235, "def": 172, "spa": 180, "spd": 164, "spe": 180}, "types": ["Water", "Fighting"]}}]}