{"id": "gen9randombattle-2641212455", "format": "[Gen 9] Random Battle", "players": ["EduArdo1516", "Galarian Gas"], "log": "|j|\u2606EduArdo1516\n|j|\u203dGalarian Gas\n|t:|1782754375\n|gametype|singles\n|player|p1|EduArdo1516|1|2046\n|player|p2|Galarian Gas|170|2120\n|gen|9\n|tier|[Gen 9] Random Battle\n|rated|\n|rule|Species Clause: Limit one of each Pok\u00e9mon\n|rule|HP Percentage Mod: HP is shown in percentages\n|rule|Sleep Clause Mod: Limit one foe put to sleep\n|rule|Illusion Level Mod: Illusion disguises the Pok\u00e9mon's true level\n|\n|t:|1782754375\n|teamsize|p1|6\n|teamsize|p2|6\n|start\n|switch|p1a: Probopass|Probopass, L91, F|257/257\n|switch|p2a: Eternatus|Eternatus, L69|308/308\n|-ability|p2a: Eternatus|Pressure\n|turn|1\n|inactive|Battle timer is ON: inactive players will automatically lose when time's up. (requested by EduArdo1516)\n|\n|t:|1782754403\n|switch|p2a: Ampharos|Ampharos, L88, F|302/302\n|move|p1a: Probopass|Iron Defense|p1a: Probopass\n|-boost|p1a: Probopass|def|2\n|\n|upkeep\n|turn|2\n|\n|t:|1782754416\n|move|p2a: Ampharos|Discharge|p1a: Probopass\n|-damage|p1a: Probopass|194/257\n|move|p1a: Probopass|Body Press|p2a: Ampharos\n|-damage|p2a: Ampharos|124/302\n|\n|upkeep\n|turn|3\n|\n|t:|1782754424\n|move|p2a: Ampharos|Discharge|p1a: Probopass\n|-crit|p1a: Probopass\n|-damage|p1a: Probopass|88/257\n|move|p1a: Probopass|Body Press|p2a: Ampharos\n|-damage|p2a: Ampharos|0 fnt\n|faint|p2a: Ampharos\n|\n|upkeep\n|\n|t:|1782754446\n|switch|p2a: Jolteon|Jolteon, L84, F|246/246\n|turn|4\n|\n|t:|1782754451\n|switch|p1a: Mamoswine|Mamoswine, L81, M|311/311\n|move|p2a: Jolteon|Thunderbolt|p1a: Mamoswine\n|-immune|p1a: Mamoswine\n|\n|upkeep\n|turn|5\n|\n|t:|1782754459\n|switch|p2a: Mamoswine|Mamoswine, L81, F|311/311\n|move|p1a: Mamoswine|Icicle Crash|p2a: Mamoswine\n|-damage|p2a: Mamoswine|223/311\n|\n|upkeep\n|turn|6\n|\n|t:|1782754478\n|switch|p1a: Probopass|Probopass, L91, F|88/257\n|move|p2a: Mamoswine|Earthquake|p1a: Probopass\n|-supereffective|p1a: Probopass\n|-damage|p1a: Probopass|0 fnt\n|faint|p1a: Probopass\n|\n|upkeep\n|\n|t:|1782754487\n|switch|p1a: Barraskewda|Barraskewda, L81, F|231/231\n|turn|7\n|\n|t:|1782754492\n|switch|p2a: Eternatus|Eternatus, L69|308/308\n|-ability|p2a: Eternatus|Pressure\n|move|p1a: Barraskewda|Flip Turn|p2a: Eternatus\n|-resisted|p2a: Eternatus\n|-damage|p2a: Eternatus|242/308\n|-damage|p1a: Barraskewda|193/231|[from] item: Rocky Helmet|[of] p2a: Eternatus\n|\n|t:|1782754499\n|switch|p1a: Mamoswine|Mamoswine, L81, M|311/311|[from] Flip Turn\n|\n|upkeep\n|turn|8\n|\n|t:|1782754506\n|switch|p2a: Mamoswine|Mamoswine, L81, F|223/311\n|move|p1a: Mamoswine|Earthquake|p2a: Mamoswine\n|-damage|p2a: Mamoswine|12/311\n|\n|upkeep\n|turn|9\n|\n|t:|1782754519\n|move|p1a: Mamoswine|Earthquake|p2a: Mamoswine\n|-damage|p2a: Mamoswine|0 fnt\n|faint|p2a: Mamoswine\n|\n|upkeep\n|\n|t:|1782754523\n|switch|p2a: Scyther|Scyther, L82, F|249/249\n|turn|10\n|\n|t:|1782754529\n|switch|p1a: Diancie|Diancie, L82|216/216\n|move|p2a: Scyther|Swords Dance|p2a: Scyther\n|-boost|p2a: Scyther|atk|2\n|\n|upkeep\n|turn|11\n|\n|t:|1782754534\n|switch|p2a: Victreebel|Victreebel, L90, F|290/290\n|move|p1a: Diancie|Diamond Storm|p2a: Victreebel\n|-damage|p2a: Victreebel|166/290\n|-boost|p1a: Diancie|def|2\n|\n|upkeep\n|turn|12\n|\n|t:|1782754544\n|move|p2a: Victreebel|Power Whip|p1a: Diancie|[miss]\n|-miss|p2a: Victreebel|p1a: Diancie\n|move|p1a: Diancie|Diamond Storm|p2a: Victreebel\n|-damage|p2a: Victreebel|46/290\n|\n|upkeep\n|turn|13\n|\n|t:|1782754550\n|move|p2a: Victreebel|Power Whip|p1a: Diancie\n|-supereffective|p1a: Diancie\n|-damage|p1a: Diancie|76/216\n|-damage|p2a: Victreebel|17/290|[from] item: Life Orb\n|move|p1a: Diancie|Diamond Storm|p2a: Victreebel\n|-damage|p2a: Victreebel|0 fnt\n|faint|p2a: Victreebel\n|\n|-heal|p1a: Diancie|89/216|[from] item: Leftovers\n|upkeep\n|\n|t:|1782754570\n|switch|p2a: Jolteon|Jolteon, L84, F|246/246\n|turn|14\n|\n|t:|1782754575\n|move|p2a: Jolteon|Thunderbolt|p1a: Diancie\n|-damage|p1a: Diancie|0 fnt\n|faint|p1a: Diancie\n|\n|upkeep\n|\n|t:|1782754603\n|switch|p1a: Mamoswine|Mamoswine, L81, M|311/311\n|turn|15\n|\n|t:|1782754609\n|switch|p2a: Eternatus|Eternatus, L69|242/308\n|-ability|p2a: Eternatus|Pressure\n|move|p1a: Mamoswine|Icicle Crash|p2a: Eternatus\n|-supereffective|p2a: Eternatus\n|-damage|p2a: Eternatus|0 fnt\n|faint|p2a: Eternatus\n|\n|upkeep\n|\n|t:|1782754611\n|switch|p2a: Scyther|Scyther, L82, F|249/249\n|turn|16\n|\n|t:|1782754626\n|-terastallize|p2a: Scyther|Fighting\n|move|p2a: Scyther|Close Combat|p1a: Mamoswine\n|-supereffective|p1a: Mamoswine\n|-damage|p1a: Mamoswine|15/311\n|-unboost|p2a: Scyther|def|1\n|-unboost|p2a: Scyther|spd|1\n|move|p1a: Mamoswine|Icicle Crash|p2a: Scyther\n|-damage|p2a: Scyther|0 fnt\n|faint|p2a: Scyther\n|\n|upkeep\n|-message|Galarian Gas forfeited.\n|\n|win|EduArdo1516\n|raw|EduArdo1516's rating: 2046 &rarr; <strong>2070</strong><br />(+24 for winning)\n|raw|Galarian Gas's rating: 2120 &rarr; <strong>2096</strong><br />(-24 for losing)\n", "inputlog": ">version f8ac14003a5f27e1bdc8d8c59608a773c1cb96e5\n>start {\"formatid\":\"gen9randombattle\",\"seed\":\"sodium,98d0b4a706ca38238ebf193d32177b14\",\"rated\":\"Rated battle\"}\n>player p1 {\"name\":\"EduArdo1516\",\"avatar\":\"1\",\"rating\":2046,\"seed\":\"sodium,2e705a431c2be2c1eeb93af5e22dd911\"}\n>player p2 {\"name\":\"Galarian Gas\",\"avatar\":\"170\",\"rating\":2120,\"seed\":\"sodium,1451008bb38fae79cc432de4c7341ff5\"}\n>p1 move irondefense\n>p2 switch 6\n>p1 move bodypress\n>p2 move discharge\n>p1 move bodypress\n>p2 move discharge\n>p2 switch 5\n>p1 switch 6\n>p2 move thunderbolt\n>p1 move iciclecrash\n>p2 switch 2\n>p1 switch 6\n>p2 move earthquake\n>p1 switch 2\n>p1 move flipturn\n>p2 switch 6\n>p1 switch 6\n>p1 move earthquake\n>p2 switch 6\n>p1 move earthquake\n>p2 move earthquake\n>p2 switch 4\n>p1 switch 3\n>p2 move swordsdance\n>p1 move diamondstorm\n>p2 switch 3\n>p1 move diamondstorm\n>p2 move powerwhip\n>p1 move diamondstorm\n>p2 move powerwhip\n>p2 switch 2\n>p1 move earthpower\n>p2 move thunderbolt\n>p1 switch 3\n>p1 move iciclecrash\n>p2 switch 6\n>p2 switch 3\n>p1 move iciclecrash\n>p2 move closecombat terastallize\n>forcelose p2", "uploadtime": 1782754634, "views": 6, "formatid": "gen9randombattle", "rating": 2070, "private": 0, "password": null, "player_dets": [{"name": "EduArdo1516", "avatar": "1", "rating": 2046, "seed": "sodium,2e705a431c2be2c1eeb93af5e22dd911"}, {"name": "Galarian Gas", "avatar": "170", "rating": 2120, "seed": "sodium,1451008bb38fae79cc432de4c7341ff5"}], "teams_full": [{"Probopass": {"name": "Probopass", "species": "Probopass", "speciesId": "probopass", "gender": "F", "shiny": false, "level": 91, "moves": ["rest", "irondefense", "flashcannon", "bodypress"], "ability": "Magnet Pull", "evs": {"hp": 85, "atk": 0, "def": 85, "spa": 85, "spd": 85, "spe": 85}, "ivs": {"hp": 31, "atk": 0, "def": 31, "spa": 31, "spd": 31, "spe": 31}, "item": "Chesto Berry", "teraType": "Fighting", "role": "Bulky Setup", "bvs": {"hp": 60, "atk": 55, "def": 145, "spa": 75, "spd": 150, "spe": 40}, "stats": {"hp": 257, "atk": 105, "def": 316, "spa": 188, "spd": 325, "spe": 125}, "types": ["Rock", "Steel"]}, "Barraskewda": {"name": "Barraskewda", "species": "Barraskewda", "speciesId": "barraskewda", "gender": "F", "shiny": false, "level": 81, "moves": ["flipturn", "waterfall", "poisonjab", "closecombat"], "ability": "Swift Swim", "evs": {"hp": 85, "atk": 85, "def": 85, "spa": 85, "spd": 85, "spe": 85}, "ivs": {"hp": 31, "atk": 31, "def": 31, "spa": 31, "spd": 31, "spe": 31}, "item": "Choice Band", "teraType": "Fighting", "role": "Wallbreaker", "bvs": {"hp": 61, "atk": 123, "def": 60, "spa": 60, "spd": 50, "spe": 136}, "stats": {"hp": 231, "atk": 246, "def": 144, "spa": 144, "spd": 128, "spe": 267}, "types": ["Water"]}, "Diancie": {"name": "Diancie", "species": "Diancie", "speciesId": "diancie", "gender": "N", "shiny": false, "level": 82, "moves": ["earthpower", "diamondstorm", "drainingkiss", "calmmind"], "ability": "Clear Body", "evs": {"hp": 85, "atk": 85, "def": 85, "spa": 85, "spd": 85, "spe": 85}, "ivs": {"hp": 31, "atk": 31, "def": 31, "spa": 31, "spd": 31, "spe": 31}, "item": "Leftovers", "teraType": "Fairy", "role": "Bulky Setup", "bvs": {"hp": 50, "atk": 100, "def": 150, "spa": 100, "spd": 150, "spe": 50}, "stats": {"hp": 216, "atk": 211, "def": 293, "spa": 211, "spd": 293, "spe": 129}, "types": ["Rock", "Fairy"]}, "Pachirisu": {"name": "Pachirisu", "species": "Pachirisu", "speciesId": "pachirisu", "gender": "M", "shiny": false, "level": 96, "moves": ["uturn", "thunderbolt", "superfang", "nuzzle"], "ability": "Volt Absorb", "evs": {"hp": 85, "atk": 85, "def": 85, "spa": 85, "spd": 85, "spe": 85}, "ivs": {"hp": 31, "atk": 31, "def": 31, "spa": 31, "spd": 31, "spe": 31}, "item": "Assault Vest", "teraType": "Flying", "role": "AV Pivot", "bvs": {"hp": 60, "atk": 45, "def": 70, "spa": 45, "spd": 90, "spe": 95}, "stats": {"hp": 271, "atk": 141, "def": 189, "spa": 141, "spd": 227, "spe": 237}, "types": ["Electric"]}, "Smeargle": {"name": "Smeargle", "species": "Smeargle", "speciesId": "smeargle", "gender": "M", "shiny": false, "level": 95, "moves": ["shellsmash", "populationbomb", "spore", "powertrip"], "ability": "Technician", "evs": {"hp": 85, "atk": 85, "def": 85, "spa": 85, "spd": 85, "spe": 85}, "ivs": {"hp": 31, "atk": 31, "def": 31, "spa": 31, "spd": 31, "spe": 31}, "item": "Wide Lens", "teraType": "Normal", "role": "Setup Sweeper", "bvs": {"hp": 55, "atk": 20, "def": 35, "spa": 20, "spd": 45, "spe": 75}, "stats": {"hp": 258, "atk": 92, "def": 120, "spa": 92, "spd": 139, "spe": 196}, "types": ["Normal"]}, "Mamoswine": {"name": "Mamoswine", "species": "Mamoswine", "speciesId": "mamoswine", "gender": "M", "shiny": false, "level": 81, "moves": ["iciclecrash", "iceshard", "knockoff", "earthquake"], "ability": "Thick Fat", "evs": {"hp": 85, "atk": 85, "def": 85, "spa": 85, "spd": 85, "spe": 85}, "ivs": {"hp": 31, "atk": 31, "def": 31, "spa": 31, "spd": 31, "spe": 31}, "item": "Choice Band", "teraType": "Ground", "role": "Wallbreaker", "bvs": {"hp": 110, "atk": 130, "def": 80, "spa": 70, "spd": 60, "spe": 80}, "stats": {"hp": 311, "atk": 257, "def": 176, "spa": 160, "spd": 144, "spe": 176}, "types": ["Ice", "Ground"]}}, {"Eternatus": {"name": "Eternatus", "species": "Eternatus", "speciesId": "eternatus", "gender": "N", "shiny": false, "level": 69, "moves": ["sludgebomb", "dynamaxcannon", "fireblast", "recover"], "ability": "Pressure", "evs": {"hp": 85, "atk": 0, "def": 85, "spa": 85, "spd": 85, "spe": 85}, "ivs": {"hp": 31, "atk": 0, "def": 31, "spa": 31, "spd": 31, "spe": 31}, "item": "Rocky Helmet", "teraType": "Fire", "role": "Bulky Attacker", "bvs": {"hp": 140, "atk": 85, "def": 95, "spa": 145, "spd": 95, "spe": 130}, "stats": {"hp": 308, "atk": 122, "def": 171, "spa": 240, "spd": 171, "spe": 220}, "types": ["Poison", "Dragon"]}, "Mamoswine": {"name": "Mamoswine", "species": "Mamoswine", "speciesId": "mamoswine", "gender": "F", "shiny": false, "level": 81, "moves": ["knockoff", "iceshard", "earthquake", "iciclecrash"], "ability": "Thick Fat", "evs": {"hp": 85, "atk": 85, "def": 85, "spa": 85, "spd": 85, "spe": 85}, "ivs": {"hp": 31, "atk": 31, "def": 31, "spa": 31, "spd": 31, "spe": 31}, "item": "Choice Band", "teraType": "Ground", "role": "Wallbreaker", "bvs": {"hp": 110, "atk": 130, "def": 80, "spa": 70, "spd": 60, "spe": 80}, "stats": {"hp": 311, "atk": 257, "def": 176, "spa": 160, "spd": 144, "spe": 176}, "types": ["Ice", "Ground"]}, "Victreebel": {"name": "Victreebel", "species": "Victreebel", "speciesId": "victreebel", "gender": "F", "shiny": false, "level": 90, "moves": ["poisonjab", "powerwhip", "swordsdance", "suckerpunch"], "ability": "Chlorophyll", "evs": {"hp": 85, "atk": 85, "def": 85, "spa": 85, "spd": 85, "spe": 85}, "ivs": {"hp": 31, "atk": 31, "def": 31, "spa": 31, "spd": 31, "spe": 31}, "item": "Life Orb", "teraType": "Dark", "role": "Setup Sweeper", "bvs": {"hp": 80, "atk": 105, "def": 65, "spa": 100, "spd": 70, "spe": 70}, "stats": {"hp": 290, "atk": 240, "def": 168, "spa": 231, "spd": 177, "spe": 177}, "types": ["Grass", "Poison"]}, "Scyther": {"name": "Scyther", "species": "Scyther", "speciesId": "scyther", "gender": "F", "shiny": false, "level": 82, "moves": ["closecombat", "dualwingbeat", "bugbite", "swordsdance"], "ability": "Technician", "evs": {"hp": 85, "atk": 85, "def": 85, "spa": 85, "spd": 85, "spe": 85}, "ivs": {"hp": 31, "atk": 31, "def": 31, "spa": 31, "spd": 31, "spe": 31}, "item": "Heavy-Duty Boots", "teraType": "Fighting", "role": "Setup Sweeper", "bvs": {"hp": 70, "atk": 110, "def": 80, "spa": 55, "spd": 80, "spe": 105}, "stats": {"hp": 249, "atk": 228, "def": 178, "spa": 137, "spd": 178, "spe": 219}, "types": ["Bug", "Flying"]}, "Jolteon": {"name": "Jolteon", "species": "Jolteon", "speciesId": "jolteon", "gender": "F", "shiny": false, "level": 84, "moves": ["thunderbolt", "alluringvoice", "voltswitch", "shadowball"], "ability": "Volt Absorb", "evs": {"hp": 85, "atk": 0, "def": 85, "spa": 85, "spd": 85, "spe": 85}, "ivs": {"hp": 31, "atk": 0, "def": 31, "spa": 31, "spd": 31, "spe": 31}, "item": "Choice Specs", "teraType": "Fairy", "role": "Fast Attacker", "bvs": {"hp": 65, "atk": 65, "def": 60, "spa": 110, "spd": 95, "spe": 130}, "stats": {"hp": 246, "atk": 114, "def": 149, "spa": 233, "spd": 208, "spe": 267}, "types": ["Electric"]}, "Ampharos": {"name": "Ampharos", "species": "Ampharos", "speciesId": "ampharos", "gender": "F", "shiny": false, "level": 88, "moves": ["dazzlinggleam", "voltswitch", "discharge", "dragontail"], "ability": "Static", "evs": {"hp": 85, "atk": 85, "def": 85, "spa": 85, "spd": 85, "spe": 85}, "ivs": {"hp": 31, "atk": 31, "def": 31, "spa": 31, "spd": 31, "spe": 31}, "item": "Assault Vest", "teraType": "Fairy", "role": "AV Pivot", "bvs": {"hp": 90, "atk": 75, "def": 85, "spa": 115, "spd": 90, "spe": 55}, "stats": {"hp": 302, "atk": 182, "def": 200, "spa": 253, "spd": 209, "spe": 147}, "types": ["Electric"]}}]}