{"id": "gen9randombattle-2641662660", "format": "[Gen 9] Random Battle", "players": ["doobu", "Marikeinen"], "log": "|j|\u2606doobu\n|j|\u2606Marikeinen\n|t:|1782826653\n|gametype|singles\n|player|p1|doobu|gentleman-gen1|1933\n|player|p2|Marikeinen|101|1918\n|gen|9\n|tier|[Gen 9] Random Battle\n|rated|\n|rule|Species Clause: Limit one of each Pok\u00e9mon\n|rule|HP Percentage Mod: HP is shown in percentages\n|rule|Sleep Clause Mod: Limit one foe put to sleep\n|rule|Illusion Level Mod: Illusion disguises the Pok\u00e9mon's true level\n|\n|t:|1782826653\n|teamsize|p1|6\n|teamsize|p2|6\n|start\n|switch|p1a: Munkidori|Munkidori, L79, M|269/269\n|switch|p2a: Mimikyu|Mimikyu, L79, M|216/216\n|turn|1\n|inactive|Battle timer is ON: inactive players will automatically lose when time's up. (requested by doobu)\n|\n|t:|1782826663\n|move|p1a: Munkidori|Sludge Wave|p2a: Mimikyu\n|-activate|p2a: Mimikyu|ability: Disguise\n|-damage|p2a: Mimikyu|216/216\n|detailschange|p2a: Mimikyu|Mimikyu-Busted, L79, M\n|-damage|p2a: Mimikyu|189/216|[from] pokemon: Mimikyu-Busted\n|-damage|p1a: Munkidori|243/269|[from] item: Life Orb\n|move|p2a: Mimikyu|Swords Dance|p2a: Mimikyu\n|-boost|p2a: Mimikyu|atk|2\n|\n|upkeep\n|turn|2\n|inactive|doobu has 120 seconds left.\n|\n|t:|1782826693\n|-terastallize|p1a: Munkidori|Poison\n|move|p1a: Munkidori|Sludge Wave|p2a: Mimikyu\n|-damage|p2a: Mimikyu|17/216\n|-damage|p1a: Munkidori|217/269|[from] item: Life Orb\n|move|p2a: Mimikyu|Play Rough|p1a: Munkidori\n|-resisted|p1a: Munkidori\n|-damage|p1a: Munkidori|92/269\n|-damage|p2a: Mimikyu|0 fnt|[from] item: Life Orb\n|faint|p2a: Mimikyu\n|\n|upkeep\n|\n|t:|1782826701\n|switch|p2a: Raikou|Raikou, L81|278/278\n|-ability|p2a: Raikou|Pressure\n|turn|3\n|\n|t:|1782826706\n|move|p2a: Raikou|Substitute|p2a: Raikou\n|-start|p2a: Raikou|Substitute\n|-damage|p2a: Raikou|209/278\n|move|p1a: Munkidori|Sludge Wave|p2a: Raikou\n|-end|p2a: Raikou|Substitute\n|-damage|p1a: Munkidori|66/269|[from] item: Life Orb\n|\n|-heal|p2a: Raikou|226/278|[from] item: Leftovers\n|upkeep\n|turn|4\n|\n|t:|1782826715\n|switch|p1a: Blissey|Blissey, L85, F|572/572\n|move|p2a: Raikou|Thunderbolt|p1a: Blissey\n|-damage|p1a: Blissey|499/572\n|\n|-heal|p2a: Raikou|243/278|[from] item: Leftovers\n|-heal|p1a: Blissey|534/572|[from] item: Leftovers\n|upkeep\n|turn|5\n|inactive|Marikeinen has 120 seconds left.\n|\n|t:|1782826770\n|switch|p2a: Bisharp|Bisharp, L79, F|232/232\n|move|p1a: Blissey|Seismic Toss|p2a: Bisharp\n|-damage|p2a: Bisharp|147/232\n|\n|-heal|p1a: Blissey|569/572|[from] item: Leftovers\n|upkeep\n|turn|6\n|\n|t:|1782826787\n|switch|p1a: Conkeldurr|Conkeldurr, L80, M|299/299\n|move|p2a: Bisharp|Throat Chop|p1a: Conkeldurr\n|-resisted|p1a: Conkeldurr\n|-damage|p1a: Conkeldurr|253/299\n|-start|p1a: Conkeldurr|Throat Chop|[silent]\n|\n|-status|p1a: Conkeldurr|brn|[from] item: Flame Orb\n|upkeep\n|turn|7\n|\n|t:|1782826803\n|move|p2a: Bisharp|Stealth Rock|p1a: Conkeldurr\n|-sidestart|p1: doobu|move: Stealth Rock\n|move|p1a: Conkeldurr|Facade|p2a: Bisharp\n|-resisted|p2a: Bisharp\n|-damage|p2a: Bisharp|84/232\n|\n|-damage|p1a: Conkeldurr|235/299 brn|[from] brn\n|-end|p1a: Conkeldurr|Throat Chop|[silent]\n|upkeep\n|turn|8\n|\n|t:|1782826806\n|switch|p2a: Articuno|Articuno, L86|295/295\n|-ability|p2a: Articuno|Pressure\n|move|p1a: Conkeldurr|Mach Punch|p2a: Articuno\n|-damage|p2a: Articuno|225/295\n|\n|-damage|p1a: Conkeldurr|217/299 brn|[from] brn\n|upkeep\n|turn|9\n|\n|t:|1782826810\n|move|p2a: Articuno|Brave Bird|p1a: Conkeldurr\n|-supereffective|p1a: Conkeldurr\n|-damage|p1a: Conkeldurr|0 fnt\n|faint|p1a: Conkeldurr\n|-damage|p2a: Articuno|153/295|[from] Recoil\n|\n|upkeep\n|\n|t:|1782826820\n|switch|p1a: Wugtrio|Wugtrio, L91, M|212/212\n|-damage|p1a: Wugtrio|186/212|[from] Stealth Rock\n|turn|10\n|inactive|Marikeinen has 120 seconds left.\n|\n|t:|1782826844\n|move|p1a: Wugtrio|Liquidation|p2a: Articuno\n|-damage|p2a: Articuno|11/295\n|-unboost|p2a: Articuno|def|1\n|move|p2a: Articuno|Freeze-Dry|p1a: Wugtrio\n|-supereffective|p1a: Wugtrio\n|-damage|p1a: Wugtrio|28/212\n|\n|upkeep\n|turn|11\n|\n|t:|1782826851\n|move|p1a: Wugtrio|Liquidation|p2a: Articuno\n|-damage|p2a: Articuno|0 fnt\n|faint|p2a: Articuno\n|\n|upkeep\n|\n|t:|1782826852\n|switch|p2a: Lurantis|Lurantis, L87, F|264/264\n|turn|12\n|\n|t:|1782826859\n|switch|p1a: Munkidori|Munkidori, L79, M, tera:Poison|66/269\n|-damage|p1a: Munkidori|33/269|[from] Stealth Rock\n|move|p2a: Lurantis|Leaf Storm|p1a: Munkidori\n|-resisted|p1a: Munkidori\n|-damage|p1a: Munkidori|0 fnt\n|-boost|p2a: Lurantis|spa|2\n|faint|p1a: Munkidori\n|\n|upkeep\n|\n|t:|1782826864\n|switch|p1a: Blissey|Blissey, L85, F|569/572\n|-damage|p1a: Blissey|498/572|[from] Stealth Rock\n|turn|13\n|\n|t:|1782826869\n|move|p1a: Blissey|Thunder Wave|p2a: Lurantis|[miss]\n|-miss|p1a: Blissey|p2a: Lurantis\n|move|p2a: Lurantis|Superpower|p1a: Blissey\n|-supereffective|p1a: Blissey\n|-damage|p1a: Blissey|0 fnt\n|-boost|p2a: Lurantis|atk|1\n|-boost|p2a: Lurantis|def|1\n|faint|p1a: Blissey\n|\n|upkeep\n|\n|t:|1782826873\n|switch|p1a: Lugia|Lugia, L73|275/275\n|turn|14\n|\n|t:|1782826900\n|switch|p2a: Raikou|Raikou, L81|243/278\n|-ability|p2a: Raikou|Pressure\n|move|p1a: Lugia|Calm Mind|p1a: Lugia\n|-boost|p1a: Lugia|spa|1\n|-boost|p1a: Lugia|spd|1\n|\n|-heal|p2a: Raikou|260/278|[from] item: Leftovers\n|upkeep\n|turn|15\n|\n|t:|1782826924\n|move|p2a: Raikou|Thunderbolt|p1a: Lugia\n|-supereffective|p1a: Lugia\n|-damage|p1a: Lugia|226/275\n|move|p1a: Lugia|Earth Power|p2a: Raikou\n|-supereffective|p2a: Raikou\n|-damage|p2a: Raikou|120/278\n|\n|-heal|p2a: Raikou|137/278|[from] item: Leftovers\n|upkeep\n|turn|16\n|inactive|Marikeinen has 120 seconds left.\n|\n|t:|1782826955\n|move|p2a: Raikou|Thunderbolt|p1a: Lugia\n|-supereffective|p1a: Lugia\n|-damage|p1a: Lugia|128/275\n|move|p1a: Lugia|Earth Power|p2a: Raikou\n|-supereffective|p2a: Raikou\n|-damage|p2a: Raikou|1/278\n|\n|-heal|p2a: Raikou|18/278|[from] item: Leftovers\n|upkeep\n|turn|17\n|\n|t:|1782826960\n|move|p2a: Raikou|Thunderbolt|p1a: Lugia\n|-supereffective|p1a: Lugia\n|-damage|p1a: Lugia|24/275\n|move|p1a: Lugia|Recover|p1a: Lugia\n|-heal|p1a: Lugia|162/275\n|\n|-heal|p2a: Raikou|35/278|[from] item: Leftovers\n|upkeep\n|turn|18\n|\n|t:|1782826964\n|move|p2a: Raikou|Thunderbolt|p1a: Lugia\n|-supereffective|p1a: Lugia\n|-damage|p1a: Lugia|66/275\n|move|p1a: Lugia|Recover|p1a: Lugia\n|-heal|p1a: Lugia|204/275\n|\n|-heal|p2a: Raikou|52/278|[from] item: Leftovers\n|upkeep\n|turn|19\n|\n|t:|1782826971\n|move|p2a: Raikou|Thunderbolt|p1a: Lugia\n|-supereffective|p1a: Lugia\n|-damage|p1a: Lugia|96/275\n|-status|p1a: Lugia|par\n|cant|p1a: Lugia|par\n|\n|-heal|p2a: Raikou|69/278|[from] item: Leftovers\n|upkeep\n|turn|20\n|\n|t:|1782826975\n|move|p2a: Raikou|Thunderbolt|p1a: Lugia\n|-supereffective|p1a: Lugia\n|-crit|p1a: Lugia\n|-damage|p1a: Lugia|0 fnt\n|faint|p1a: Lugia\n|\n|-heal|p2a: Raikou|86/278|[from] item: Leftovers\n|upkeep\n|c|\u2606doobu|bah\n|c|\u2606doobu|gg\n|c|\u2606Marikeinen|well it was either that or crit and I had plenty chances\n|c|\u2606Marikeinen|gg\n|c|\u2606doobu|ya\n|c|\u2606doobu|I played with fire\n|c|\u2606doobu|lol\n|-message|doobu forfeited.\n|\n|win|Marikeinen\n", "inputlog": ">version f8ac14003a5f27e1bdc8d8c59608a773c1cb96e5\n>start {\"formatid\":\"gen9randombattle\",\"seed\":\"sodium,87f4ef918fb287a264ddcc16bbe267da\",\"rated\":\"Rated battle\"}\n>player p1 {\"name\":\"doobu\",\"avatar\":\"gentleman-gen1\",\"rating\":1933,\"seed\":\"sodium,c518aa8a7477b0116fc8168814b8d2b8\"}\n>player p2 {\"name\":\"Marikeinen\",\"avatar\":\"101\",\"rating\":1918,\"seed\":\"sodium,6348e312dc344c2e5142cdc3a2a667c6\"}\n>p1 move sludgewave\n>p2 move swordsdance\n>p1 move sludgewave terastallize\n>p2 move playrough\n>p2 switch 6\n>p1 move sludgewave\n>p2 move substitute\n>p1 switch 2\n>p2 move thunderbolt\n>p1 move seismictoss\n>p2 switch 4\n>p1 switch 4\n>p2 move throatchop\n>p1 move facade\n>p2 move stealthrock\n>p1 move machpunch\n>p2 switch 2\n>p1 move facade\n>p2 move bravebird\n>p1 switch 3\n>p1 move liquidation\n>p2 move freezedry\n>p1 move liquidation\n>p2 move freezedry\n>p2 switch 3\n>p1 switch 2\n>p2 move leafstorm\n>p1 switch 4\n>p1 move thunderwave\n>p2 move superpower\n>p1 switch 5\n>p1 move calmmind\n>p2 switch 4\n>p1 move earthpower\n>p2 move thunderbolt\n>p1 move earthpower\n>p2 move thunderbolt\n>p1 move recover\n>p2 move thunderbolt\n>p1 move recover\n>p2 move thunderbolt\n>p1 move recover\n>p2 move thunderbolt\n>p1 move earthpower\n>p2 move thunderbolt\n>chat \u2606doobu|bah\n>chat \u2606doobu|gg\n>chat \u2606Marikeinen|well it was either that or crit and I had plenty chances\n>chat \u2606Marikeinen|gg\n>chat \u2606doobu|ya\n>chat \u2606doobu|I played with fire\n>chat \u2606doobu|lol\n>forcelose p1", "uploadtime": 1782826655, "views": 4, "formatid": "gen9randombattle", "rating": null, "private": 0, "password": null, "player_dets": [{"name": "doobu", "avatar": "gentleman-gen1", "rating": 1933, "seed": "sodium,c518aa8a7477b0116fc8168814b8d2b8"}, {"name": "Marikeinen", "avatar": "101", "rating": 1918, "seed": "sodium,6348e312dc344c2e5142cdc3a2a667c6"}], "teams_full": [{"Munkidori": {"name": "Munkidori", "species": "Munkidori", "speciesId": "munkidori", "gender": "M", "shiny": false, "level": 79, "moves": ["sludgewave", "focusblast", "psyshock", "nastyplot"], "ability": "Toxic Chain", "evs": {"hp": 85, "atk": 0, "def": 85, "spa": 85, "spd": 85, "spe": 85}, "ivs": {"hp": 31, "atk": 0, "def": 31, "spa": 31, "spd": 31, "spe": 31}, "item": "Life Orb", "teraType": "Poison", "role": "Fast Attacker", "bvs": {"hp": 88, "atk": 75, "def": 66, "spa": 130, "spd": 90, "spe": 106}, "stats": {"hp": 269, "atk": 123, "def": 150, "spa": 251, "spd": 188, "spe": 213}, "types": ["Poison", "Psychic"]}, "Blissey": {"name": "Blissey", "species": "Blissey", "speciesId": "blissey", "gender": "F", "shiny": false, "level": 85, "moves": ["healbell", "seismictoss", "thunderwave", "softboiled"], "ability": "Natural Cure", "evs": {"hp": 85, "atk": 0, "def": 85, "spa": 85, "spd": 85, "spe": 85}, "ivs": {"hp": 31, "atk": 0, "def": 31, "spa": 31, "spd": 31, "spe": 31}, "item": "Leftovers", "teraType": "Poison", "role": "Bulky Support", "bvs": {"hp": 255, "atk": 10, "def": 10, "spa": 75, "spd": 135, "spe": 55}, "stats": {"hp": 572, "atk": 22, "def": 66, "spa": 176, "spd": 278, "spe": 142}, "types": ["Normal"]}, "Wugtrio": {"name": "Wugtrio", "species": "Wugtrio", "speciesId": "wugtrio", "gender": "M", "shiny": false, "level": 91, "moves": ["liquidation", "aquajet", "stompingtantrum", "throatchop"], "ability": "Gooey", "evs": {"hp": 85, "atk": 85, "def": 85, "spa": 85, "spd": 85, "spe": 85}, "ivs": {"hp": 31, "atk": 31, "def": 31, "spa": 31, "spd": 31, "spe": 31}, "item": "Choice Band", "teraType": "Water", "role": "Fast Attacker", "bvs": {"hp": 35, "atk": 100, "def": 50, "spa": 50, "spd": 70, "spe": 120}, "stats": {"hp": 212, "atk": 234, "def": 143, "spa": 143, "spd": 179, "spe": 270}, "types": ["Water"]}, "Conkeldurr": {"name": "Conkeldurr", "species": "Conkeldurr", "speciesId": "conkeldurr", "gender": "M", "shiny": false, "level": 80, "moves": ["facade", "knockoff", "machpunch", "closecombat"], "ability": "Guts", "evs": {"hp": 85, "atk": 85, "def": 85, "spa": 85, "spd": 85, "spe": 85}, "ivs": {"hp": 31, "atk": 31, "def": 31, "spa": 31, "spd": 31, "spe": 31}, "item": "Flame Orb", "teraType": "Normal", "role": "Wallbreaker", "bvs": {"hp": 105, "atk": 140, "def": 95, "spa": 55, "spd": 65, "spe": 45}, "stats": {"hp": 299, "atk": 270, "def": 198, "spa": 134, "spd": 150, "spe": 118}, "types": ["Fighting"]}, "Lugia": {"name": "Lugia", "species": "Lugia", "speciesId": "lugia", "gender": "N", "shiny": false, "level": 73, "moves": ["earthpower", "calmmind", "aeroblast", "recover"], "ability": "Multiscale", "evs": {"hp": 85, "atk": 0, "def": 85, "spa": 85, "spd": 85, "spe": 85}, "ivs": {"hp": 31, "atk": 0, "def": 31, "spa": 31, "spd": 31, "spe": 31}, "item": "Heavy-Duty Boots", "teraType": "Ground", "role": "Bulky Setup", "bvs": {"hp": 106, "atk": 90, "def": 130, "spa": 90, "spd": 154, "spe": 110}, "stats": {"hp": 275, "atk": 136, "def": 232, "spa": 174, "spd": 267, "spe": 203}, "types": ["Psychic", "Flying"]}, "Grimmsnarl": {"name": "Grimmsnarl", "species": "Grimmsnarl", "speciesId": "grimmsnarl", "gender": "M", "shiny": false, "level": 83, "moves": ["spiritbreak", "lightscreen", "partingshot", "reflect"], "ability": "Prankster", "evs": {"hp": 85, "atk": 85, "def": 85, "spa": 85, "spd": 85, "spe": 85}, "ivs": {"hp": 31, "atk": 31, "def": 31, "spa": 31, "spd": 31, "spe": 31}, "item": "Light Clay", "teraType": "Poison", "role": "Bulky Support", "bvs": {"hp": 95, "atk": 120, "def": 65, "spa": 95, "spd": 75, "spe": 60}, "stats": {"hp": 293, "atk": 247, "def": 156, "spa": 205, "spd": 172, "spe": 147}, "types": ["Dark", "Fairy"]}}, {"Mimikyu": {"name": "Mimikyu", "species": "Mimikyu", "speciesId": "mimikyu", "gender": "M", "shiny": false, "level": 79, "moves": ["drainpunch", "shadowsneak", "swordsdance", "playrough"], "ability": "Disguise", "evs": {"hp": 85, "atk": 85, "def": 85, "spa": 85, "spd": 85, "spe": 85}, "ivs": {"hp": 31, "atk": 31, "def": 31, "spa": 31, "spd": 31, "spe": 31}, "item": "Life Orb", "teraType": "Fighting", "role": "Setup Sweeper", "bvs": {"hp": 55, "atk": 90, "def": 80, "spa": 50, "spd": 105, "spe": 96}, "stats": {"hp": 216, "atk": 188, "def": 172, "spa": 125, "spd": 211, "spe": 197}, "types": ["Ghost", "Fairy"]}, "Articuno": {"name": "Articuno", "species": "Articuno", "speciesId": "articuno", "gender": "N", "shiny": false, "level": 86, "moves": ["freezedry", "bravebird", "haze", "roost"], "ability": "Pressure", "evs": {"hp": 85, "atk": 85, "def": 85, "spa": 85, "spd": 85, "spe": 85}, "ivs": {"hp": 31, "atk": 31, "def": 31, "spa": 31, "spd": 31, "spe": 31}, "item": "Heavy-Duty Boots", "teraType": "Ground", "role": "Bulky Support", "bvs": {"hp": 90, "atk": 85, "def": 100, "spa": 95, "spd": 125, "spe": 85}, "stats": {"hp": 295, "atk": 195, "def": 221, "spa": 213, "spd": 264, "spe": 195}, "types": ["Ice", "Flying"]}, "Lurantis": {"name": "Lurantis", "species": "Lurantis", "speciesId": "lurantis", "gender": "F", "shiny": false, "level": 87, "moves": ["leafstorm", "synthesis", "superpower", "defog"], "ability": "Contrary", "evs": {"hp": 85, "atk": 85, "def": 85, "spa": 85, "spd": 85, "spe": 85}, "ivs": {"hp": 31, "atk": 31, "def": 31, "spa": 31, "spd": 31, "spe": 31}, "item": "Leftovers", "teraType": "Fighting", "role": "Bulky Attacker", "bvs": {"hp": 70, "atk": 105, "def": 90, "spa": 80, "spd": 90, "spe": 45}, "stats": {"hp": 264, "atk": 232, "def": 206, "spa": 189, "spd": 206, "spe": 128}, "types": ["Grass"]}, "Bisharp": {"name": "Bisharp", "species": "Bisharp", "speciesId": "bisharp", "gender": "F", "shiny": false, "level": 79, "moves": ["suckerpunch", "stealthrock", "ironhead", "throatchop"], "ability": "Defiant", "evs": {"hp": 85, "atk": 85, "def": 85, "spa": 85, "spd": 85, "spe": 85}, "ivs": {"hp": 31, "atk": 31, "def": 31, "spa": 31, "spd": 31, "spe": 31}, "item": "Eviolite", "teraType": "Ghost", "role": "Bulky Attacker", "bvs": {"hp": 65, "atk": 125, "def": 100, "spa": 60, "spd": 70, "spe": 70}, "stats": {"hp": 232, "atk": 243, "def": 204, "spa": 140, "spd": 156, "spe": 156}, "types": ["Dark", "Steel"]}, "Great Tusk": {"name": "Great Tusk", "species": "Great Tusk", "speciesId": "greattusk", "gender": "N", "shiny": false, "level": 77, "moves": ["stoneedge", "closecombat", "bulkup", "earthquake"], "ability": "Protosynthesis", "evs": {"hp": 85, "atk": 85, "def": 85, "spa": 85, "spd": 85, "spe": 85}, "ivs": {"hp": 31, "atk": 31, "def": 31, "spa": 31, "spd": 31, "spe": 31}, "item": "Leftovers", "teraType": "Steel", "role": "Bulky Setup", "bvs": {"hp": 115, "atk": 131, "def": 131, "spa": 53, "spd": 53, "spe": 87}, "stats": {"hp": 304, "atk": 246, "def": 246, "spa": 126, "spd": 126, "spe": 179}, "types": ["Ground", "Fighting"]}, "Raikou": {"name": "Raikou", "species": "Raikou", "speciesId": "raikou", "gender": "N", "shiny": false, "level": 81, "moves": ["calmmind", "scald", "thunderbolt", "substitute"], "ability": "Pressure", "evs": {"hp": 85, "atk": 0, "def": 85, "spa": 85, "spd": 85, "spe": 85}, "ivs": {"hp": 31, "atk": 0, "def": 31, "spa": 31, "spd": 31, "spe": 31}, "item": "Leftovers", "teraType": "Water", "role": "Bulky Setup", "bvs": {"hp": 90, "atk": 85, "def": 75, "spa": 115, "spd": 100, "spe": 115}, "stats": {"hp": 278, "atk": 142, "def": 168, "spa": 233, "spd": 209, "spe": 233}, "types": ["Electric"]}}]}