{"id": "gen9randombattle-2641467039", "format": "[Gen 9] Random Battle", "players": ["turbofistor", "100taka"], "log": "|badge|p1|bronze|gen9randombattle|100-9\n|html|<div class=\"broadcast-red\"><strong>This battle is required to be public due to one or more player having a season medal.</strong><br />During the public phase, you can discuss the state of the ladder <a href=\"/seasondiscussion\">in a special chatroom.</a></div>\n|uhtml|medal-msg|<div class=\"broadcast-blue\">Curious what those medals under the avatar are? PS now has Ladder Seasons! For more information, check out the <a href=\"https://www.smogon.com/forums/threads/3740067/\">thread on Smogon.</a></div>\n|raw|<div class=\"broadcast-blue\"><strong>This battle is required to be public due to a player having a name starting with 'medal'.</div>\n|j|\u2606turbofistor\n|j|\u2606100taka\n|t:|1782789279\n|gametype|singles\n|player|p1|turbofistor|marshal|2269\n|player|p2|100taka|101|2221\n|gen|9\n|tier|[Gen 9] Random Battle\n|rated|\n|rule|Species Clause: Limit one of each Pok\u00e9mon\n|rule|HP Percentage Mod: HP is shown in percentages\n|rule|Sleep Clause Mod: Limit one foe put to sleep\n|rule|Illusion Level Mod: Illusion disguises the Pok\u00e9mon's true level\n|\n|t:|1782789279\n|teamsize|p1|6\n|teamsize|p2|6\n|start\n|switch|p1a: Brute Bonnet|Brute Bonnet, L80|309/309\n|switch|p2a: Passimian|Passimian, L83, M|302/302\n|turn|1\n|inactive|Battle timer is ON: inactive players will automatically lose when time's up. (requested by turbofistor)\n|inactive|turbofistor has 120 seconds left.\n|\n|t:|1782789313\n|-end|p1a: Brute Bonnet|Protosynthesis|[silent]\n|switch|p1a: Misdreavus|Misdreavus, L90, M|254/254\n|move|p2a: Passimian|Drain Punch|p1a: Misdreavus\n|-immune|p1a: Misdreavus\n|\n|upkeep\n|turn|2\n|\n|t:|1782789318\n|switch|p2a: Araquanid|Araquanid, L82, F|246/246\n|move|p1a: Misdreavus|Will-O-Wisp|p2a: Araquanid|[miss]\n|-miss|p1a: Misdreavus|p2a: Araquanid\n|\n|upkeep\n|turn|3\n|\n|t:|1782789335\n|move|p1a: Misdreavus|Calm Mind|p1a: Misdreavus\n|-boost|p1a: Misdreavus|spa|1\n|-boost|p1a: Misdreavus|spd|1\n|move|p2a: Araquanid|Liquidation|p1a: Misdreavus\n|-damage|p1a: Misdreavus|139/254\n|\n|upkeep\n|turn|4\n|\n|t:|1782789357\n|move|p1a: Misdreavus|Shadow Ball|p2a: Araquanid\n|-damage|p2a: Araquanid|141/246\n|move|p2a: Araquanid|Sticky Web|p1a: Misdreavus\n|-sidestart|p1: turbofistor|move: Sticky Web\n|\n|upkeep\n|turn|5\n|\n|t:|1782789366\n|move|p1a: Misdreavus|Shadow Ball|p2a: Araquanid\n|-damage|p2a: Araquanid|44/246\n|-unboost|p2a: Araquanid|spd|1\n|move|p2a: Araquanid|Liquidation|p1a: Misdreavus\n|-damage|p1a: Misdreavus|34/254\n|\n|upkeep\n|turn|6\n|\n|t:|1782789375\n|move|p1a: Misdreavus|Draining Kiss|p2a: Araquanid\n|-damage|p2a: Araquanid|0 fnt\n|-heal|p1a: Misdreavus|67/254|[from] drain|[of] p2a: Araquanid\n|faint|p2a: Araquanid\n|\n|upkeep\n|\n|t:|1782789383\n|switch|p2a: Passimian|Passimian, L83, M|219/219\n|turn|7\n|\n|t:|1782789390\n|move|p2a: Passimian|Bitter Malice|p1a: Misdreavus\n|-supereffective|p1a: Misdreavus\n|-damage|p1a: Misdreavus|0 fnt\n|faint|p1a: Misdreavus\n|\n|upkeep\n|\n|t:|1782789403\n|switch|p1a: Kommo-o|Kommo-o, L78, M|245/245\n|-activate|p1a: Kommo-o|move: Sticky Web\n|-unboost|p1a: Kommo-o|spe|1\n|turn|8\n|\n|t:|1782789410\n|move|p2a: Passimian|Bitter Malice|p1a: Kommo-o\n|-damage|p1a: Kommo-o|110/245\n|-unboost|p1a: Kommo-o|atk|1\n|move|p1a: Kommo-o|Clangorous Soul|p1a: Kommo-o\n|-boost|p1a: Kommo-o|atk|1\n|-boost|p1a: Kommo-o|def|1\n|-boost|p1a: Kommo-o|spa|1\n|-boost|p1a: Kommo-o|spd|1\n|-boost|p1a: Kommo-o|spe|1\n|-damage|p1a: Kommo-o|30/245\n|-enditem|p1a: Kommo-o|Throat Spray\n|-boost|p1a: Kommo-o|spa|1|[from] item: Throat Spray\n|\n|upkeep\n|turn|9\n|\n|t:|1782789419\n|switch|p1a: Brute Bonnet|Brute Bonnet, L80|309/309\n|-activate|p1a: Brute Bonnet|move: Sticky Web\n|-unboost|p1a: Brute Bonnet|spe|1\n|move|p2a: Passimian|Bitter Malice|p1a: Brute Bonnet\n|-resisted|p1a: Brute Bonnet\n|-damage|p1a: Brute Bonnet|249/309\n|-unboost|p1a: Brute Bonnet|atk|1\n|\n|-heal|p1a: Brute Bonnet|268/309|[from] item: Leftovers\n|upkeep\n|turn|10\n|\n|t:|1782789426\n|switch|p2a: Passimian|Passimian, L83, M|302/302\n|move|p1a: Brute Bonnet|Spore|p2a: Passimian\n|-status|p2a: Passimian|slp|[from] move: Spore\n|\n|-heal|p1a: Brute Bonnet|287/309|[from] item: Leftovers\n|upkeep\n|turn|11\n|\n|t:|1782789432\n|-end|p1a: Brute Bonnet|Protosynthesis|[silent]\n|switch|p1a: Uxie|Uxie, L83|260/260\n|cant|p2a: Passimian|slp\n|\n|upkeep\n|turn|12\n|\n|t:|1782789437\n|switch|p2a: Garchomp|Garchomp, L74, F|282/282\n|move|p1a: Uxie|Psychic Noise|p2a: Garchomp\n|-damage|p2a: Garchomp|203/282\n|-start|p2a: Garchomp|move: Heal Block\n|\n|upkeep\n|turn|13\n|\n|t:|1782789444\n|move|p1a: Uxie|Psychic Noise|p2a: Garchomp\n|-damage|p2a: Garchomp|125/282\n|move|p2a: Garchomp|Scale Shot|p1a: Uxie\n|-crit|p1a: Uxie\n|-damage|p1a: Uxie|229/260\n|-damage|p1a: Uxie|208/260\n|-damage|p1a: Uxie|187/260\n|-crit|p1a: Uxie\n|-damage|p1a: Uxie|156/260\n|-hitcount|p1a: Uxie|4\n|-unboost|p2a: Garchomp|def|1\n|-boost|p2a: Garchomp|spe|1\n|\n|-heal|p1a: Uxie|172/260|[from] item: Leftovers\n|-end|p2a: Garchomp|move: Heal Block\n|upkeep\n|turn|14\n|\n|t:|1782789451\n|move|p2a: Garchomp|Scale Shot|p1a: Uxie\n|-damage|p1a: Uxie|153/260\n|-damage|p1a: Uxie|132/260\n|-damage|p1a: Uxie|111/260\n|-damage|p1a: Uxie|92/260\n|-hitcount|p1a: Uxie|4\n|-unboost|p2a: Garchomp|def|1\n|-boost|p2a: Garchomp|spe|1\n|move|p1a: Uxie|Psychic Noise|p2a: Garchomp\n|-damage|p2a: Garchomp|47/282\n|-start|p2a: Garchomp|move: Heal Block\n|\n|-heal|p1a: Uxie|108/260|[from] item: Leftovers\n|upkeep\n|turn|15\n|\n|t:|1782789457\n|move|p2a: Garchomp|Scale Shot|p1a: Uxie\n|-damage|p1a: Uxie|89/260\n|-damage|p1a: Uxie|68/260\n|-crit|p1a: Uxie\n|-damage|p1a: Uxie|38/260\n|-damage|p1a: Uxie|17/260\n|-damage|p1a: Uxie|0 fnt\n|faint|p1a: Uxie\n|-hitcount|p1: Uxie|5\n|-unboost|p2a: Garchomp|def|1\n|-boost|p2a: Garchomp|spe|1\n|\n|-end|p2a: Garchomp|move: Heal Block\n|upkeep\n|\n|t:|1782789462\n|switch|p1a: Brute Bonnet|Brute Bonnet, L80|287/309\n|-activate|p1a: Brute Bonnet|move: Sticky Web\n|-unboost|p1a: Brute Bonnet|spe|1\n|turn|16\n|\n|t:|1782789470\n|switch|p2a: Passimian|Passimian, L83, M|302/302 slp\n|move|p1a: Brute Bonnet|Seed Bomb|p2a: Passimian\n|-damage|p2a: Passimian|205/302 slp\n|\n|-heal|p2a: Passimian|223/302 slp|[from] item: Leftovers\n|-heal|p1a: Brute Bonnet|306/309|[from] item: Leftovers\n|upkeep\n|turn|17\n|\n|t:|1782789476\n|-end|p1a: Brute Bonnet|Protosynthesis|[silent]\n|switch|p1a: Kommo-o|Kommo-o, L78, M|30/245\n|-activate|p1a: Kommo-o|move: Sticky Web\n|-unboost|p1a: Kommo-o|spe|1\n|-curestatus|p2a: Passimian|slp|[msg]\n|move|p2a: Passimian|Bulk Up|p2a: Passimian\n|-boost|p2a: Passimian|atk|1\n|-boost|p2a: Passimian|def|1\n|\n|-heal|p2a: Passimian|241/302|[from] item: Leftovers\n|upkeep\n|turn|18\n|\n|t:|1782789479\n|move|p2a: Passimian|Drain Punch|p1a: Kommo-o\n|-damage|p1a: Kommo-o|0 fnt\n|-heal|p2a: Passimian|256/302|[from] drain|[of] p1a: Kommo-o\n|faint|p1a: Kommo-o\n|\n|-heal|p2a: Passimian|274/302|[from] item: Leftovers\n|upkeep\n|l|\u2606turbofistor\n|inactive|turbofistor disconnected and has a minute to reconnect!\n|player|p1|\n|inactive|turbofistor has 30 seconds to reconnect!\n|inactive|turbofistor has 20 seconds to reconnect!\n|inactive|turbofistor has 15 seconds to reconnect!\n|inactive|turbofistor has 10 seconds to reconnect!\n|inactive|turbofistor has 5 seconds to reconnect!\n|-message|turbofistor lost due to inactivity.\n|\n|win|100taka\n", "inputlog": ">version f8ac14003a5f27e1bdc8d8c59608a773c1cb96e5\n>start {\"formatid\":\"gen9randombattle\",\"seed\":\"sodium,e1eeb4ff7abf8d19fffce3a00b7f89dd\",\"rated\":\"Rated battle\"}\n>player p1 {\"name\":\"turbofistor\",\"avatar\":\"marshal\",\"rating\":2269,\"seed\":\"sodium,29499b60dddb4ba1b3802a250027c016\"}\n>player p2 {\"name\":\"100taka\",\"avatar\":\"101\",\"rating\":2221,\"seed\":\"sodium,fda5df8306af12856952d363208401b5\"}\n>p1 switch 6\n>p2 move drainpunch\n>p1 move willowisp\n>p2 switch 6\n>p1 move calmmind\n>p2 move liquidation\n>p1 move shadowball\n>p2 move stickyweb\n>p1 move shadowball\n>p2 move liquidation\n>p1 move drainingkiss\n>p2 move liquidation\n>p2 switch 2\n>p1 move drainingkiss\n>p2 move bittermalice\n>p1 switch 2\n>p1 move clangoroussoul\n>p2 move bittermalice\n>p1 switch 6\n>p2 move bittermalice\n>p1 move spore\n>p2 switch 6\n>p1 switch 5\n>p2 move bulkup\n>p1 move psychicnoise\n>p2 switch 3\n>p1 move psychicnoise\n>p2 move scaleshot\n>p1 move psychicnoise\n>p2 move scaleshot\n>p1 move psychicnoise\n>p2 move scaleshot\n>p1 switch 5\n>p1 move seedbomb\n>p2 switch 3\n>p1 switch 6\n>p2 move bulkup\n>p1 move boomburst\n>p2 move drainpunch\n>forcelose p1", "uploadtime": 1782789281, "views": 6, "formatid": "gen9randombattle", "rating": null, "private": 0, "password": null, "player_dets": [{"name": "turbofistor", "avatar": "marshal", "rating": 2269, "seed": "sodium,29499b60dddb4ba1b3802a250027c016"}, {"name": "100taka", "avatar": "101", "rating": 2221, "seed": "sodium,fda5df8306af12856952d363208401b5"}], "teams_full": [{"Brute Bonnet": {"name": "Brute Bonnet", "species": "Brute Bonnet", "speciesId": "brutebonnet", "gender": "N", "shiny": false, "level": 80, "moves": ["spore", "suckerpunch", "seedbomb", "crunch"], "ability": "Protosynthesis", "evs": {"hp": 85, "atk": 85, "def": 85, "spa": 85, "spd": 85, "spe": 85}, "ivs": {"hp": 31, "atk": 31, "def": 31, "spa": 31, "spd": 31, "spe": 31}, "item": "Leftovers", "teraType": "Poison", "role": "Bulky Support", "bvs": {"hp": 111, "atk": 127, "def": 99, "spa": 79, "spd": 99, "spe": 55}, "stats": {"hp": 309, "atk": 249, "def": 205, "spa": 173, "spd": 205, "spe": 134}, "types": ["Grass", "Dark"]}, "Kommo-o": {"name": "Kommo-o", "species": "Kommo-o", "speciesId": "kommoo", "gender": "M", "shiny": false, "level": 78, "moves": ["boomburst", "clangoroussoul", "clangingscales", "drainpunch"], "ability": "Soundproof", "evs": {"hp": 85, "atk": 85, "def": 85, "spa": 85, "spd": 85, "spe": 85}, "ivs": {"hp": 31, "atk": 31, "def": 31, "spa": 31, "spd": 31, "spe": 31}, "item": "Throat Spray", "teraType": "Normal", "role": "Fast Bulky Setup", "bvs": {"hp": 75, "atk": 110, "def": 125, "spa": 100, "spd": 105, "spe": 85}, "stats": {"hp": 245, "atk": 217, "def": 240, "spa": 201, "spd": 209, "spe": 178}, "types": ["Dragon", "Fighting"]}, "Rotom": {"name": "Rotom", "species": "Rotom-Frost", "speciesId": "rotomfrost", "gender": "N", "shiny": false, "level": 87, "moves": ["thunderbolt", "blizzard", "voltswitch", "willowisp"], "ability": "Levitate", "evs": {"hp": 85, "atk": 0, "def": 85, "spa": 85, "spd": 85, "spe": 85}, "ivs": {"hp": 31, "atk": 0, "def": 31, "spa": 31, "spd": 31, "spe": 31}, "item": "Heavy-Duty Boots", "teraType": "Electric", "role": "Fast Attacker", "bvs": {"hp": 50, "atk": 65, "def": 107, "spa": 105, "spd": 107, "spe": 86}, "stats": {"hp": 229, "atk": 118, "def": 236, "spa": 232, "spd": 236, "spe": 199}, "types": ["Electric", "Ice"]}, "Electrode": {"name": "Electrode", "species": "Electrode-Hisui", "speciesId": "electrodehisui", "gender": "N", "shiny": false, "level": 87, "moves": ["thunderwave", "taunt", "gigadrain", "thunderbolt"], "ability": "Soundproof", "evs": {"hp": 85, "atk": 0, "def": 85, "spa": 85, "spd": 85, "spe": 85}, "ivs": {"hp": 31, "atk": 0, "def": 31, "spa": 31, "spd": 31, "spe": 31}, "item": "Life Orb", "teraType": "Grass", "role": "Fast Attacker", "bvs": {"hp": 60, "atk": 50, "def": 70, "spa": 80, "spd": 80, "spe": 150}, "stats": {"hp": 246, "atk": 92, "def": 172, "spa": 189, "spd": 189, "spe": 311}, "types": ["Electric", "Grass"]}, "Uxie": {"name": "Uxie", "species": "Uxie", "speciesId": "uxie", "gender": "N", "shiny": false, "level": 83, "moves": ["encore", "knockoff", "psychicnoise", "uturn"], "ability": "Levitate", "evs": {"hp": 85, "atk": 85, "def": 85, "spa": 85, "spd": 85, "spe": 85}, "ivs": {"hp": 31, "atk": 31, "def": 31, "spa": 31, "spd": 31, "spe": 31}, "item": "Leftovers", "teraType": "Dark", "role": "Bulky Support", "bvs": {"hp": 75, "atk": 75, "def": 130, "spa": 75, "spd": 130, "spe": 95}, "stats": {"hp": 260, "atk": 172, "def": 263, "spa": 172, "spd": 263, "spe": 205}, "types": ["Psychic"]}, "Misdreavus": {"name": "Misdreavus", "species": "Misdreavus", "speciesId": "misdreavus", "gender": "M", "shiny": false, "level": 90, "moves": ["shadowball", "calmmind", "willowisp", "drainingkiss"], "ability": "Levitate", "evs": {"hp": 85, "atk": 0, "def": 85, "spa": 85, "spd": 85, "spe": 85}, "ivs": {"hp": 31, "atk": 0, "def": 31, "spa": 31, "spd": 31, "spe": 31}, "item": "Eviolite", "teraType": "Fairy", "role": "Bulky Setup", "bvs": {"hp": 60, "atk": 60, "def": 60, "spa": 85, "spd": 85, "spe": 85}, "stats": {"hp": 254, "atk": 113, "def": 159, "spa": 204, "spd": 204, "spe": 204}, "types": ["Ghost"]}}, {"Passimian": {"name": "Passimian", "species": "Passimian", "speciesId": "passimian", "gender": "M", "shiny": false, "level": 83, "moves": ["knockoff", "bulkup", "gunkshot", "drainpunch"], "ability": "Defiant", "evs": {"hp": 85, "atk": 85, "def": 85, "spa": 85, "spd": 85, "spe": 85}, "ivs": {"hp": 31, "atk": 31, "def": 31, "spa": 31, "spd": 31, "spe": 31}, "item": "Leftovers", "teraType": "Poison", "role": "Bulky Setup", "bvs": {"hp": 100, "atk": 120, "def": 90, "spa": 40, "spd": 60, "spe": 80}, "stats": {"hp": 302, "atk": 247, "def": 197, "spa": 114, "spd": 147, "spe": 180}, "types": ["Fighting"]}, "Zoroark": {"name": "Zoroark", "species": "Zoroark-Hisui", "speciesId": "zoroarkhisui", "gender": "F", "shiny": false, "level": 80, "moves": ["focusblast", "trick", "hypervoice", "bittermalice"], "ability": "Illusion", "evs": {"hp": 85, "atk": 0, "def": 85, "spa": 85, "spd": 85, "spe": 85}, "ivs": {"hp": 31, "atk": 0, "def": 31, "spa": 31, "spd": 31, "spe": 31}, "item": "Choice Specs", "teraType": "Normal", "role": "Wallbreaker", "bvs": {"hp": 55, "atk": 100, "def": 60, "spa": 125, "spd": 60, "spe": 110}, "stats": {"hp": 219, "atk": 165, "def": 142, "spa": 246, "spd": 142, "spe": 222}, "types": ["Normal", "Ghost"]}, "Garchomp": {"name": "Garchomp", "species": "Garchomp", "speciesId": "garchomp", "gender": "F", "shiny": false, "level": 74, "moves": ["stoneedge", "swordsdance", "scaleshot", "earthquake"], "ability": "Rough Skin", "evs": {"hp": 85, "atk": 85, "def": 85, "spa": 85, "spd": 85, "spe": 85}, "ivs": {"hp": 31, "atk": 31, "def": 31, "spa": 31, "spd": 31, "spe": 31}, "item": "Loaded Dice", "teraType": "Ground", "role": "Setup Sweeper", "bvs": {"hp": 108, "atk": 130, "def": 95, "spa": 80, "spd": 85, "spe": 102}, "stats": {"hp": 282, "atk": 235, "def": 184, "spa": 161, "spd": 169, "spe": 194}, "types": ["Dragon", "Ground"]}, "Whiscash": {"name": "Whiscash", "species": "Whiscash", "speciesId": "whiscash", "gender": "F", "shiny": false, "level": 88, "moves": ["spikes", "earthquake", "hydropump", "icebeam"], "ability": "Oblivious", "evs": {"hp": 85, "atk": 85, "def": 85, "spa": 85, "spd": 85, "spe": 85}, "ivs": {"hp": 31, "atk": 31, "def": 31, "spa": 31, "spd": 31, "spe": 31}, "item": "Leftovers", "teraType": "Poison", "role": "Bulky Support", "bvs": {"hp": 110, "atk": 78, "def": 73, "spa": 76, "spd": 71, "spe": 60}, "stats": {"hp": 337, "atk": 188, "def": 179, "spa": 184, "spd": 175, "spe": 156}, "types": ["Water", "Ground"]}, "Beartic": {"name": "Beartic", "species": "Beartic", "speciesId": "beartic", "gender": "M", "shiny": false, "level": 91, "moves": ["aquajet", "swordsdance", "earthquake", "iciclecrash"], "ability": "Swift Swim", "evs": {"hp": 85, "atk": 85, "def": 85, "spa": 85, "spd": 85, "spe": 85}, "ivs": {"hp": 31, "atk": 31, "def": 31, "spa": 31, "spd": 31, "spe": 31}, "item": "Heavy-Duty Boots", "teraType": "Ground", "role": "Wallbreaker", "bvs": {"hp": 95, "atk": 130, "def": 80, "spa": 70, "spd": 80, "spe": 50}, "stats": {"hp": 321, "atk": 288, "def": 197, "spa": 179, "spd": 197, "spe": 143}, "types": ["Ice"]}, "Araquanid": {"name": "Araquanid", "species": "Araquanid", "speciesId": "araquanid", "gender": "F", "shiny": false, "level": 82, "moves": ["hydropump", "leechlife", "liquidation", "stickyweb"], "ability": "Water Bubble", "evs": {"hp": 85, "atk": 85, "def": 85, "spa": 85, "spd": 85, "spe": 85}, "ivs": {"hp": 31, "atk": 31, "def": 31, "spa": 31, "spd": 31, "spe": 31}, "item": "Heavy-Duty Boots", "teraType": "Ground", "role": "Bulky Attacker", "bvs": {"hp": 68, "atk": 70, "def": 92, "spa": 50, "spd": 132, "spe": 42}, "stats": {"hp": 246, "atk": 162, "def": 198, "spa": 129, "spd": 264, "spe": 116}, "types": ["Water", "Bug"]}}]}