{"id": "gen9randombattle-2641558752", "format": "[Gen 9] Random Battle", "players": ["AGILE419", "My Life is Dance \u2764"], "log": "|j|\u2606AGILE419\n|j|\u2606My Life is Dance \u2764\n|t:|1782807802\n|gametype|singles\n|player|p1|AGILE419|170|2144\n|player|p2|My Life is Dance \u2764|tierno|2220\n|gen|9\n|tier|[Gen 9] Random Battle\n|rated|\n|rule|Species Clause: Limit one of each Pok\u00e9mon\n|rule|HP Percentage Mod: HP is shown in percentages\n|rule|Sleep Clause Mod: Limit one foe put to sleep\n|rule|Illusion Level Mod: Illusion disguises the Pok\u00e9mon's true level\n|\n|t:|1782807802\n|teamsize|p1|6\n|teamsize|p2|6\n|start\n|switch|p1a: Dudunsparce|Dudunsparce, L83, F|343/343\n|switch|p2a: Florges|Florges, L85, F|271/271\n|turn|1\n|\n|t:|1782807814\n|switch|p1a: Toucannon|Toucannon, L88, F|284/284\n|move|p2a: Florges|Protect||[still]\n|-fail|p2a: Florges\n|\n|upkeep\n|turn|2\n|inactive|Battle timer is ON: inactive players will automatically lose when time's up. (requested by My Life is Dance \u2764)\n|\n|t:|1782807836\n|-terastallize|p2a: Florges|Steel\n|-singleturn|p1a: Toucannon|move: Beak Blast\n|move|p2a: Florges|Calm Mind|p2a: Florges\n|-boost|p2a: Florges|spa|1\n|-boost|p2a: Florges|spd|1\n|move|p1a: Toucannon|Beak Blast|p2a: Florges\n|-resisted|p2a: Florges\n|-damage|p2a: Florges|187/271\n|\n|-heal|p2a: Florges|203/271|[from] item: Leftovers\n|upkeep\n|turn|3\n|\n|t:|1782807846\n|switch|p1a: Iron Thorns|Iron Thorns, L83|302/302\n|-item|p1a: Iron Thorns|Air Balloon\n|move|p2a: Florges|Moonblast|p1a: Iron Thorns\n|-damage|p1a: Iron Thorns|127/302\n|-enditem|p1a: Iron Thorns|Air Balloon\n|\n|-heal|p2a: Florges|219/271|[from] item: Leftovers\n|upkeep\n|turn|4\n|\n|t:|1782807870\n|move|p2a: Florges|Moonblast|p1a: Iron Thorns\n|-damage|p1a: Iron Thorns|0 fnt\n|faint|p1a: Iron Thorns\n|-end|p1a: Iron Thorns|Quark Drive|[silent]\n|\n|-heal|p2a: Florges|235/271|[from] item: Leftovers\n|upkeep\n|\n|t:|1782807872\n|switch|p1a: Arceus|Arceus-Fire, L72|291/291\n|turn|5\n|\n|t:|1782807890\n|switch|p2a: Manaphy|Manaphy, L78|284/284\n|move|p1a: Arceus|Dragon Dance|p1a: Arceus\n|-boost|p1a: Arceus|atk|1\n|-boost|p1a: Arceus|spe|1\n|\n|upkeep\n|turn|6\n|\n|t:|1782807901\n|switch|p1a: Toucannon|Toucannon, L88, F|284/284\n|move|p2a: Manaphy|Tail Glow|p2a: Manaphy\n|-boost|p2a: Manaphy|spa|3\n|\n|upkeep\n|turn|7\n|\n|t:|1782807929\n|move|p2a: Manaphy|Ice Beam|p1a: Toucannon\n|-supereffective|p1a: Toucannon\n|-damage|p1a: Toucannon|0 fnt\n|faint|p1a: Toucannon\n|\n|upkeep\n|\n|t:|1782807939\n|switch|p1a: Tyranitar|Tyranitar, L78, F|284/284\n|-weather|Sandstorm|[from] ability: Sand Stream|[of] p1a: Tyranitar\n|turn|8\n|inactive|My Life is Dance \u2764 has 120 seconds left.\n|\n|t:|1782807963\n|move|p2a: Manaphy|Hydro Pump|p1a: Tyranitar|[miss]\n|-miss|p2a: Manaphy|p1a: Tyranitar\n|move|p1a: Tyranitar|Dragon Dance|p1a: Tyranitar\n|-boost|p1a: Tyranitar|atk|1\n|-boost|p1a: Tyranitar|spe|1\n|\n|-weather|Sandstorm|[upkeep]\n|-damage|p2a: Manaphy|267/284|[from] Sandstorm\n|-heal|p2a: Manaphy|284/284|[from] item: Leftovers\n|upkeep\n|turn|9\n|\n|t:|1782807971\n|move|p1a: Tyranitar|Knock Off|p2a: Manaphy\n|-damage|p2a: Manaphy|107/284\n|-enditem|p2a: Manaphy|Leftovers|[from] move: Knock Off|[of] p1a: Tyranitar\n|move|p2a: Manaphy|Hydro Pump|p1a: Tyranitar\n|-supereffective|p1a: Tyranitar\n|-damage|p1a: Tyranitar|0 fnt\n|faint|p1a: Tyranitar\n|\n|-weather|Sandstorm|[upkeep]\n|-damage|p2a: Manaphy|90/284|[from] Sandstorm\n|upkeep\n|\n|t:|1782807974\n|switch|p1a: Deoxys|Deoxys-Attack, L72|191/191\n|-ability|p1a: Deoxys|Pressure\n|turn|10\n|\n|t:|1782807981\n|move|p1a: Deoxys|Psycho Boost|p2a: Manaphy\n|-damage|p2a: Manaphy|0 fnt\n|-unboost|p1a: Deoxys|spa|2\n|faint|p2a: Manaphy\n|-damage|p1a: Deoxys|172/191|[from] item: Life Orb\n|\n|-weather|Sandstorm|[upkeep]\n|-damage|p1a: Deoxys|161/191|[from] Sandstorm\n|upkeep\n|\n|t:|1782807986\n|switch|p2a: Indeedee|Indeedee, L84, M|238/238\n|-fieldstart|move: Psychic Terrain|[from] ability: Psychic Surge|[of] p2a: Indeedee\n|turn|11\n|\n|t:|1782807993\n|move|p2a: Indeedee|Expanding Force|p1a: Deoxys\n|-resisted|p1a: Deoxys\n|-damage|p1a: Deoxys|0 fnt\n|faint|p1a: Deoxys\n|\n|-weather|Sandstorm|[upkeep]\n|-damage|p2a: Indeedee|224/238|[from] Sandstorm\n|upkeep\n|\n|t:|1782807996\n|switch|p1a: Dudunsparce|Dudunsparce, L83, F|343/343\n|turn|12\n|\n|t:|1782808001\n|move|p2a: Indeedee|Expanding Force|p1a: Dudunsparce\n|-damage|p1a: Dudunsparce|159/343\n|move|p1a: Dudunsparce|Calm Mind|p1a: Dudunsparce\n|-boost|p1a: Dudunsparce|spa|1\n|-boost|p1a: Dudunsparce|spd|1\n|\n|-weather|none\n|-heal|p1a: Dudunsparce|180/343|[from] item: Leftovers\n|upkeep\n|turn|13\n|j| Petrocky712\n|\n|t:|1782808006\n|switch|p2a: Staraptor|Staraptor, L79, F|263/263\n|move|p1a: Dudunsparce|Calm Mind|p1a: Dudunsparce\n|-boost|p1a: Dudunsparce|spa|1\n|-boost|p1a: Dudunsparce|spd|1\n|\n|-heal|p1a: Dudunsparce|201/343|[from] item: Leftovers\n|upkeep\n|turn|14\n|\n|t:|1782808011\n|move|p2a: Staraptor|Brave Bird|p1a: Dudunsparce\n|-damage|p1a: Dudunsparce|0 fnt\n|faint|p1a: Dudunsparce\n|-damage|p2a: Staraptor|197/263|[from] Recoil\n|\n|upkeep\n|\n|t:|1782808014\n|switch|p1a: Arceus|Arceus-Fire, L72|291/291\n|turn|15\n|\n|t:|1782808016\n|move|p1a: Arceus|Dragon Dance|p1a: Arceus\n|-boost|p1a: Arceus|atk|1\n|-boost|p1a: Arceus|spe|1\n|move|p2a: Staraptor|Brave Bird|p1a: Arceus\n|-damage|p1a: Arceus|75/291\n|-damage|p2a: Staraptor|126/263|[from] Recoil\n|\n|-fieldend|move: Psychic Terrain\n|upkeep\n|turn|16\n|\n|t:|1782808021\n|move|p1a: Arceus|Flare Blitz|p2a: Staraptor\n|-damage|p2a: Staraptor|0 fnt\n|faint|p2a: Staraptor\n|-damage|p1a: Arceus|33/291|[from] Recoil\n|\n|upkeep\n|\n|t:|1782808023\n|switch|p2a: Indeedee|Indeedee, L84, M|224/238\n|-fieldstart|move: Psychic Terrain|[from] ability: Psychic Surge|[of] p2a: Indeedee\n|turn|17\n|\n|t:|1782808026\n|move|p1a: Arceus|Flare Blitz|p2a: Indeedee\n|-damage|p2a: Indeedee|0 fnt\n|faint|p2a: Indeedee\n|-damage|p1a: Arceus|0 fnt|[from] Recoil\n|faint|p1a: Arceus\n|\n|win|My Life is Dance \u2764\n", "inputlog": ">version f8ac14003a5f27e1bdc8d8c59608a773c1cb96e5\n>start {\"formatid\":\"gen9randombattle\",\"seed\":\"sodium,ead2f55b1852069bfabcd699e69bcb96\",\"rated\":\"Rated battle\"}\n>player p1 {\"name\":\"AGILE419\",\"avatar\":\"170\",\"rating\":2144,\"seed\":\"sodium,90a38a8dc078bca0b8bb33730785e2dc\"}\n>player p2 {\"name\":\"My Life is Dance \u2764\",\"avatar\":\"tierno\",\"rating\":2220,\"seed\":\"sodium,85e275de798a7d902e40c0c8bfc02989\"}\n>p1 switch 4\n>p2 move protect\n>p1 move beakblast\n>p2 move calmmind terastallize\n>p1 switch 6\n>p2 move moonblast\n>p1 move stealthrock\n>p2 move moonblast\n>p1 switch 5\n>p1 move dragondance\n>p2 switch 2\n>p1 switch 6\n>p2 move tailglow\n>p1 move bulletseed\n>p2 move icebeam\n>p1 switch 2\n>p1 move dragondance\n>p2 move hydropump\n>p1 move knockoff\n>p2 move hydropump\n>p1 switch 3\n>p1 move psychoboost\n>p2 move icebeam\n>p2 switch 6\n>p1 move knockoff\n>p2 move expandingforce\n>p1 switch 4\n>p1 move calmmind\n>p2 move expandingforce\n>p1 move calmmind\n>p2 switch 5\n>p1 move roost\n>p2 move bravebird\n>p1 switch 6\n>p1 move dragondance\n>p2 move bravebird\n>p1 move flareblitz\n>p2 move bravebird\n>p2 switch 5\n>p1 move flareblitz\n>p2 move expandingforce", "uploadtime": 1782807805, "views": 3, "formatid": "gen9randombattle", "rating": null, "private": 0, "password": null, "player_dets": [{"name": "AGILE419", "avatar": "170", "rating": 2144, "seed": "sodium,90a38a8dc078bca0b8bb33730785e2dc"}, {"name": "My Life is Dance \u2764", "avatar": "tierno", "rating": 2220, "seed": "sodium,85e275de798a7d902e40c0c8bfc02989"}], "teams_full": [{"Dudunsparce": {"name": "Dudunsparce", "species": "Dudunsparce", "speciesId": "dudunsparce", "gender": "F", "shiny": false, "level": 83, "moves": ["roost", "calmmind", "boomburst", "shadowball"], "ability": "Rattled", "evs": {"hp": 85, "atk": 0, "def": 85, "spa": 85, "spd": 85, "spe": 85}, "ivs": {"hp": 31, "atk": 0, "def": 31, "spa": 31, "spd": 31, "spe": 31}, "item": "Leftovers", "teraType": "Poison", "role": "Bulky Setup", "bvs": {"hp": 125, "atk": 100, "def": 80, "spa": 85, "spd": 75, "spe": 55}, "stats": {"hp": 343, "atk": 171, "def": 180, "spa": 189, "spd": 172, "spe": 139}, "types": ["Normal"]}, "Tyranitar": {"name": "Tyranitar", "species": "Tyranitar", "speciesId": "tyranitar", "gender": "F", "shiny": false, "level": 78, "moves": ["stoneedge", "earthquake", "dragondance", "knockoff"], "ability": "Sand Stream", "evs": {"hp": 85, "atk": 85, "def": 85, "spa": 85, "spd": 85, "spe": 85}, "ivs": {"hp": 31, "atk": 31, "def": 31, "spa": 31, "spd": 31, "spe": 31}, "item": "Weakness Policy", "teraType": "Ghost", "role": "Bulky Setup", "bvs": {"hp": 100, "atk": 134, "def": 110, "spa": 95, "spd": 100, "spe": 61}, "stats": {"hp": 284, "atk": 254, "def": 217, "spa": 193, "spd": 201, "spe": 140}, "types": ["Rock", "Dark"]}, "Deoxys": {"name": "Deoxys", "species": "Deoxys-Attack", "speciesId": "deoxysattack", "gender": "N", "shiny": false, "level": 72, "moves": ["knockoff", "psychoboost", "icebeam", "superpower"], "ability": "Pressure", "evs": {"hp": 85, "atk": 85, "def": 85, "spa": 85, "spd": 85, "spe": 85}, "ivs": {"hp": 31, "atk": 31, "def": 31, "spa": 31, "spd": 31, "spe": 31}, "item": "Life Orb", "teraType": "Dark", "role": "Wallbreaker", "bvs": {"hp": 50, "atk": 180, "def": 20, "spa": 180, "spd": 20, "spe": 150}, "stats": {"hp": 191, "atk": 301, "def": 71, "spa": 301, "spd": 71, "spe": 258}, "types": ["Psychic"]}, "Toucannon": {"name": "Toucannon", "species": "Toucannon", "speciesId": "toucannon", "gender": "F", "shiny": false, "level": 88, "moves": ["beakblast", "roost", "bulletseed", "boomburst"], "ability": "Skill Link", "evs": {"hp": 85, "atk": 85, "def": 85, "spa": 85, "spd": 85, "spe": 85}, "ivs": {"hp": 31, "atk": 31, "def": 31, "spa": 31, "spd": 31, "spe": 31}, "item": "Heavy-Duty Boots", "teraType": "Steel", "role": "Bulky Support", "bvs": {"hp": 80, "atk": 120, "def": 75, "spa": 75, "spd": 75, "spe": 60}, "stats": {"hp": 284, "atk": 261, "def": 182, "spa": 182, "spd": 182, "spe": 156}, "types": ["Normal", "Flying"]}, "Arceus": {"name": "Arceus", "species": "Arceus-Fire", "speciesId": "arceusfire", "gender": "N", "shiny": false, "level": 72, "moves": ["earthquake", "recover", "dragondance", "flareblitz"], "ability": "Multitype", "evs": {"hp": 81, "atk": 85, "def": 85, "spa": 85, "spd": 85, "spe": 85}, "ivs": {"hp": 31, "atk": 31, "def": 31, "spa": 31, "spd": 31, "spe": 31}, "item": "Flame Plate", "teraType": "Fire", "role": "Fast Bulky Setup", "bvs": {"hp": 120, "atk": 120, "def": 120, "spa": 120, "spd": 120, "spe": 120}, "stats": {"hp": 291, "atk": 215, "def": 215, "spa": 215, "spd": 215, "spe": 215}, "types": ["Fire"]}, "Iron Thorns": {"name": "Iron Thorns", "species": "Iron Thorns", "speciesId": "ironthorns", "gender": "N", "shiny": false, "level": 83, "moves": ["stoneedge", "icepunch", "wildcharge", "stealthrock"], "ability": "Quark Drive", "evs": {"hp": 85, "atk": 85, "def": 85, "spa": 85, "spd": 85, "spe": 85}, "ivs": {"hp": 31, "atk": 31, "def": 31, "spa": 31, "spd": 31, "spe": 31}, "item": "Air Balloon", "teraType": "Grass", "role": "Fast Support", "bvs": {"hp": 100, "atk": 134, "def": 110, "spa": 70, "spd": 84, "spe": 72}, "stats": {"hp": 302, "atk": 270, "def": 230, "spa": 164, "spd": 187, "spe": 167}, "types": ["Rock", "Electric"]}}, {"Florges": {"name": "Florges", "species": "Florges", "speciesId": "florges", "gender": "F", "shiny": false, "level": 85, "moves": ["moonblast", "protect", "calmmind", "wish"], "ability": "Flower Veil", "evs": {"hp": 85, "atk": 0, "def": 85, "spa": 85, "spd": 85, "spe": 85}, "ivs": {"hp": 31, "atk": 0, "def": 31, "spa": 31, "spd": 31, "spe": 31}, "item": "Leftovers", "teraType": "Steel", "role": "Bulky Setup", "bvs": {"hp": 78, "atk": 65, "def": 68, "spa": 112, "spd": 154, "spe": 75}, "stats": {"hp": 271, "atk": 115, "def": 164, "spa": 239, "spd": 311, "spe": 176}, "types": ["Fairy"]}, "Manaphy": {"name": "Manaphy", "species": "Manaphy", "speciesId": "manaphy", "gender": "N", "shiny": false, "level": 78, "moves": ["energyball", "icebeam", "tailglow", "hydropump"], "ability": "Hydration", "evs": {"hp": 85, "atk": 0, "def": 85, "spa": 85, "spd": 85, "spe": 85}, "ivs": {"hp": 31, "atk": 0, "def": 31, "spa": 31, "spd": 31, "spe": 31}, "item": "Leftovers", "teraType": "Water", "role": "Bulky Setup", "bvs": {"hp": 100, "atk": 100, "def": 100, "spa": 100, "spd": 100, "spe": 100}, "stats": {"hp": 284, "atk": 161, "def": 201, "spa": 201, "spd": 201, "spe": 201}, "types": ["Water"]}, "Gogoat": {"name": "Gogoat", "species": "Gogoat", "speciesId": "gogoat", "gender": "M", "shiny": false, "level": 88, "moves": ["bulkup", "milkdrink", "hornleech", "rockslide"], "ability": "Sap Sipper", "evs": {"hp": 85, "atk": 85, "def": 85, "spa": 85, "spd": 85, "spe": 85}, "ivs": {"hp": 31, "atk": 31, "def": 31, "spa": 31, "spd": 31, "spe": 31}, "item": "Leftovers", "teraType": "Water", "role": "Bulky Setup", "bvs": {"hp": 123, "atk": 100, "def": 62, "spa": 97, "spd": 81, "spe": 68}, "stats": {"hp": 360, "atk": 226, "def": 159, "spa": 221, "spd": 193, "spe": 170}, "types": ["Grass"]}, "Jumpluff": {"name": "Jumpluff", "species": "Jumpluff", "speciesId": "jumpluff", "gender": "F", "shiny": false, "level": 87, "moves": ["acrobatics", "strengthsap", "substitute", "leechseed"], "ability": "Infiltrator", "evs": {"hp": 81, "atk": 85, "def": 85, "spa": 85, "spd": 85, "spe": 85}, "ivs": {"hp": 31, "atk": 31, "def": 31, "spa": 31, "spd": 31, "spe": 31}, "item": "", "teraType": "Steel", "role": "Bulky Support", "bvs": {"hp": 75, "atk": 55, "def": 70, "spa": 55, "spd": 95, "spe": 110}, "stats": {"hp": 271, "atk": 145, "def": 172, "spa": 145, "spd": 215, "spe": 241}, "types": ["Grass", "Flying"]}, "Staraptor": {"name": "Staraptor", "species": "Staraptor", "speciesId": "staraptor", "gender": "F", "shiny": false, "level": 79, "moves": ["bravebird", "doubleedge", "closecombat", "uturn"], "ability": "Reckless", "evs": {"hp": 81, "atk": 85, "def": 85, "spa": 85, "spd": 85, "spe": 85}, "ivs": {"hp": 31, "atk": 31, "def": 31, "spa": 31, "spd": 31, "spe": 31}, "item": "Choice Band", "teraType": "Fighting", "role": "Fast Attacker", "bvs": {"hp": 85, "atk": 120, "def": 70, "spa": 50, "spd": 60, "spe": 100}, "stats": {"hp": 263, "atk": 235, "def": 156, "spa": 125, "spd": 140, "spe": 204}, "types": ["Normal", "Flying"]}, "Indeedee": {"name": "Indeedee", "species": "Indeedee", "speciesId": "indeedee", "gender": "M", "shiny": false, "level": 84, "moves": ["healingwish", "expandingforce", "dazzlinggleam", "hypervoice"], "ability": "Psychic Surge", "evs": {"hp": 85, "atk": 0, "def": 85, "spa": 85, "spd": 85, "spe": 85}, "ivs": {"hp": 31, "atk": 0, "def": 31, "spa": 31, "spd": 31, "spe": 31}, "item": "Choice Scarf", "teraType": "Psychic", "role": "Fast Attacker", "bvs": {"hp": 60, "atk": 65, "def": 55, "spa": 105, "spd": 95, "spe": 95}, "stats": {"hp": 238, "atk": 114, "def": 141, "spa": 225, "spd": 208, "spe": 208}, "types": ["Psychic", "Normal"]}}]}