{"id": "gen9randombattle-2641192489", "format": "[Gen 9] Random Battle", "players": ["testbotcif", "MissBroccoli"], "log": "|j|\u2606testbotcif\n|j|\u203dMissBroccoli\n|t:|1782751830\n|gametype|singles\n|player|p1|testbotcif|266|1144\n|player|p2|MissBroccoli|richboy|1145\n|gen|9\n|tier|[Gen 9] Random Battle\n|rated|\n|rule|Species Clause: Limit one of each Pok\u00e9mon\n|rule|HP Percentage Mod: HP is shown in percentages\n|rule|Sleep Clause Mod: Limit one foe put to sleep\n|rule|Illusion Level Mod: Illusion disguises the Pok\u00e9mon's true level\n|\n|t:|1782751830\n|teamsize|p1|6\n|teamsize|p2|6\n|start\n|switch|p1a: Gothitelle|Gothitelle, L90, M|272/272\n|switch|p2a: Kyurem|Kyurem, L77|319/319\n|-ability|p2a: Kyurem|Pressure\n|turn|1\n|inactive|Battle timer is ON: inactive players will automatically lose when time's up. (requested by MissBroccoli)\n|inactive|testbotcif also wants the timer to be on.\n|c|\u2606testbotcif|rlhf\n|\n|t:|1782751837\n|move|p1a: Gothitelle|Focus Blast|p2a: Kyurem\n|-supereffective|p2a: Kyurem\n|-damage|p2a: Kyurem|111/319\n|move|p2a: Kyurem|Icicle Spear|p1a: Gothitelle\n|-damage|p1a: Gothitelle|245/272\n|-damage|p1a: Gothitelle|218/272\n|-damage|p1a: Gothitelle|193/272\n|-crit|p1a: Gothitelle\n|-damage|p1a: Gothitelle|157/272\n|-hitcount|p1a: Gothitelle|4\n|\n|upkeep\n|turn|2\n|\n|t:|1782751843\n|move|p1a: Gothitelle|Focus Blast|p2a: Kyurem\n|-supereffective|p2a: Kyurem\n|-damage|p2a: Kyurem|0 fnt\n|faint|p2a: Kyurem\n|\n|upkeep\n|\n|t:|1782751846\n|switch|p2a: Oricorio|Oricorio-Sensu, L85, M|266/266\n|turn|3\n|\n|t:|1782751847\n|switch|p1a: Rhyperior|Rhyperior, L82, M|323/323\n|move|p2a: Oricorio|Quiver Dance|p2a: Oricorio\n|-boost|p2a: Oricorio|spa|1\n|-boost|p2a: Oricorio|spd|1\n|-boost|p2a: Oricorio|spe|1\n|\n|upkeep\n|turn|4\n|\n|t:|1782751855\n|-terastallize|p1a: Rhyperior|Ground\n|move|p2a: Oricorio|Revelation Dance|p1a: Rhyperior\n|-damage|p1a: Rhyperior|104/323\n|move|p1a: Rhyperior|Rock Polish|p1a: Rhyperior\n|-boost|p1a: Rhyperior|spe|2\n|\n|upkeep\n|turn|5\n|\n|t:|1782751862\n|move|p2a: Oricorio|Revelation Dance|p1a: Rhyperior\n|-damage|p1a: Rhyperior|0 fnt\n|faint|p1a: Rhyperior\n|\n|upkeep\n|\n|t:|1782751862\n|switch|p1a: Inteleon|Inteleon, L81, M|246/246\n|turn|6\n|\n|t:|1782751865\n|move|p2a: Oricorio|Quiver Dance|p2a: Oricorio\n|-boost|p2a: Oricorio|spa|1\n|-boost|p2a: Oricorio|spd|1\n|-boost|p2a: Oricorio|spe|1\n|move|p1a: Inteleon|Scald|p2a: Oricorio\n|-damage|p2a: Oricorio|179/266\n|\n|upkeep\n|turn|7\n|\n|t:|1782751867\n|move|p2a: Oricorio|Hurricane|p1a: Inteleon\n|-damage|p1a: Inteleon|0 fnt\n|faint|p1a: Inteleon\n|\n|upkeep\n|\n|t:|1782751867\n|switch|p1a: Dachsbun|Dachsbun, L92, M|254/254\n|turn|8\n|\n|t:|1782751871\n|move|p2a: Oricorio|Revelation Dance|p1a: Dachsbun\n|-damage|p1a: Dachsbun|76/254\n|move|p1a: Dachsbun|Play Rough|p2a: Oricorio\n|-damage|p2a: Oricorio|62/266\n|\n|-heal|p1a: Dachsbun|91/254|[from] item: Leftovers\n|upkeep\n|turn|9\n|\n|t:|1782751873\n|move|p2a: Oricorio|Revelation Dance|p1a: Dachsbun\n|-damage|p1a: Dachsbun|0 fnt\n|faint|p1a: Dachsbun\n|\n|upkeep\n|\n|t:|1782751873\n|switch|p1a: Sylveon|Sylveon, L85, F|300/300\n|turn|10\n|\n|t:|1782751875\n|move|p2a: Oricorio|Hurricane|p1a: Sylveon|[miss]\n|-miss|p2a: Oricorio|p1a: Sylveon\n|move|p1a: Sylveon|Calm Mind|p1a: Sylveon\n|-boost|p1a: Sylveon|spa|1\n|-boost|p1a: Sylveon|spd|1\n|\n|upkeep\n|turn|11\n|\n|t:|1782751879\n|move|p2a: Oricorio|Roost|p2a: Oricorio\n|-heal|p2a: Oricorio|195/266\n|-singleturn|p2a: Oricorio|move: Roost\n|move|p1a: Sylveon|Calm Mind|p1a: Sylveon\n|-boost|p1a: Sylveon|spa|1\n|-boost|p1a: Sylveon|spd|1\n|\n|upkeep\n|turn|12\n|\n|t:|1782751881\n|move|p2a: Oricorio|Quiver Dance|p2a: Oricorio\n|-boost|p2a: Oricorio|spa|1\n|-boost|p2a: Oricorio|spd|1\n|-boost|p2a: Oricorio|spe|1\n|move|p1a: Sylveon|Calm Mind|p1a: Sylveon\n|-boost|p1a: Sylveon|spa|1\n|-boost|p1a: Sylveon|spd|1\n|\n|upkeep\n|turn|13\n|\n|t:|1782751886\n|move|p2a: Oricorio|Hurricane|p1a: Sylveon\n|-crit|p1a: Sylveon\n|-damage|p1a: Sylveon|0 fnt\n|faint|p1a: Sylveon\n|\n|upkeep\n|\n|t:|1782751886\n|switch|p1a: Gothitelle|Gothitelle, L90, M|157/272\n|turn|14\n|\n|t:|1782751890\n|move|p2a: Oricorio|Revelation Dance|p1a: Gothitelle\n|-supereffective|p1a: Gothitelle\n|-damage|p1a: Gothitelle|0 fnt\n|faint|p1a: Gothitelle\n|\n|upkeep\n|\n|t:|1782751890\n|switch|p1a: Gurdurr|Gurdurr, L85, F|283/283\n|turn|15\n|\n|t:|1782751892\n|move|p2a: Oricorio|Hurricane|p1a: Gurdurr\n|-supereffective|p1a: Gurdurr\n|-damage|p1a: Gurdurr|0 fnt\n|faint|p1a: Gurdurr\n|\n|win|MissBroccoli\n|raw|testbotcif's rating: 1144 &rarr; <strong>1119</strong><br />(-25 for losing)\n|raw|MissBroccoli's rating: 1145 &rarr; <strong>1170</strong><br />(+25 for winning)\n", "inputlog": ">version f8ac14003a5f27e1bdc8d8c59608a773c1cb96e5\n>start {\"formatid\":\"gen9randombattle\",\"seed\":\"sodium,68812236508d46c8eef641b30e3199ed\",\"rated\":\"Rated battle\"}\n>player p1 {\"name\":\"testbotcif\",\"avatar\":\"266\",\"rating\":1144,\"seed\":\"sodium,7b9fa9ed9c7961460a0efa2f4c291d73\"}\n>player p2 {\"name\":\"MissBroccoli\",\"avatar\":\"richboy\",\"rating\":1145,\"seed\":\"sodium,bcfe377a10e922194fc345d148615438\"}\n>chat \u2606testbotcif|rlhf\n>p1 move focusblast\n>p2 move iciclespear\n>p1 move focusblast\n>p2 move dragondance\n>p2 switch 5\n>p1 switch 3\n>p2 move quiverdance\n>p1 move rockpolish terastallize\n>p2 move revelationdance\n>p1 move icepunch\n>p2 move revelationdance\n>p1 switch 5\n>p1 move scald\n>p2 move quiverdance\n>p1 move scald\n>p2 move hurricane\n>p1 switch 2\n>p1 move playrough\n>p2 move revelationdance\n>p1 move playrough\n>p2 move revelationdance\n>p1 switch 4\n>p1 move calmmind\n>p2 move hurricane\n>p1 move calmmind\n>p2 move roost\n>p1 move calmmind\n>p2 move quiverdance\n>p1 move hypervoice\n>p2 move hurricane\n>p1 switch 3\n>p1 move psychic\n>p2 move revelationdance\n>p1 switch 6\n>p1 move bulkup\n>p2 move hurricane", "uploadtime": 1782751892, "views": 5, "formatid": "gen9randombattle", "rating": 1119, "private": 0, "password": null, "player_dets": [{"name": "testbotcif", "avatar": "266", "rating": 1144, "seed": "sodium,7b9fa9ed9c7961460a0efa2f4c291d73"}, {"name": "MissBroccoli", "avatar": "richboy", "rating": 1145, "seed": "sodium,bcfe377a10e922194fc345d148615438"}], "teams_full": [{"Gothitelle": {"name": "Gothitelle", "species": "Gothitelle", "speciesId": "gothitelle", "gender": "M", "shiny": false, "level": 90, "moves": ["psychic", "focusblast", "darkpulse", "trick"], "ability": "Shadow Tag", "evs": {"hp": 85, "atk": 0, "def": 85, "spa": 85, "spd": 85, "spe": 85}, "ivs": {"hp": 31, "atk": 0, "def": 31, "spa": 31, "spd": 31, "spe": 31}, "item": "Choice Scarf", "teraType": "Flying", "role": "Fast Attacker", "bvs": {"hp": 70, "atk": 55, "def": 95, "spa": 95, "spd": 110, "spe": 65}, "stats": {"hp": 272, "atk": 104, "def": 222, "spa": 222, "spd": 249, "spe": 168}, "types": ["Psychic"]}, "Dachsbun": {"name": "Dachsbun", "species": "Dachsbun", "speciesId": "dachsbun", "gender": "M", "shiny": false, "level": 92, "moves": ["protect", "wish", "playrough", "yawn"], "ability": "Well-Baked Body", "evs": {"hp": 85, "atk": 85, "def": 85, "spa": 85, "spd": 85, "spe": 85}, "ivs": {"hp": 31, "atk": 31, "def": 31, "spa": 31, "spd": 31, "spe": 31}, "item": "Leftovers", "teraType": "Steel", "role": "Bulky Support", "bvs": {"hp": 57, "atk": 80, "def": 115, "spa": 50, "spd": 80, "spe": 95}, "stats": {"hp": 254, "atk": 200, "def": 264, "spa": 144, "spd": 200, "spe": 227}, "types": ["Fairy"]}, "Rhyperior": {"name": "Rhyperior", "species": "Rhyperior", "speciesId": "rhyperior", "gender": "M", "shiny": false, "level": 82, "moves": ["earthquake", "stoneedge", "rockpolish", "icepunch"], "ability": "Solid Rock", "evs": {"hp": 85, "atk": 85, "def": 85, "spa": 85, "spd": 85, "spe": 85}, "ivs": {"hp": 31, "atk": 31, "def": 31, "spa": 31, "spd": 31, "spe": 31}, "item": "Weakness Policy", "teraType": "Ground", "role": "Bulky Setup", "bvs": {"hp": 115, "atk": 140, "def": 130, "spa": 55, "spd": 55, "spe": 40}, "stats": {"hp": 323, "atk": 277, "def": 260, "spa": 137, "spd": 137, "spe": 113}, "types": ["Ground", "Rock"]}, "Sylveon": {"name": "Sylveon", "species": "Sylveon", "speciesId": "sylveon", "gender": "F", "shiny": false, "level": 85, "moves": ["hypervoice", "protect", "wish", "calmmind"], "ability": "Pixilate", "evs": {"hp": 85, "atk": 0, "def": 85, "spa": 85, "spd": 85, "spe": 85}, "ivs": {"hp": 31, "atk": 0, "def": 31, "spa": 31, "spd": 31, "spe": 31}, "item": "Leftovers", "teraType": "Steel", "role": "Bulky Setup", "bvs": {"hp": 95, "atk": 65, "def": 65, "spa": 110, "spd": 130, "spe": 60}, "stats": {"hp": 300, "atk": 115, "def": 159, "spa": 236, "spd": 270, "spe": 151}, "types": ["Fairy"]}, "Inteleon": {"name": "Inteleon", "species": "Inteleon", "speciesId": "inteleon", "gender": "M", "shiny": false, "level": 81, "moves": ["scald", "hydropump", "uturn", "icebeam"], "ability": "Torrent", "evs": {"hp": 85, "atk": 85, "def": 85, "spa": 85, "spd": 85, "spe": 85}, "ivs": {"hp": 31, "atk": 31, "def": 31, "spa": 31, "spd": 31, "spe": 31}, "item": "Choice Specs", "teraType": "Water", "role": "Wallbreaker", "bvs": {"hp": 70, "atk": 85, "def": 65, "spa": 125, "spd": 65, "spe": 120}, "stats": {"hp": 246, "atk": 184, "def": 152, "spa": 249, "spd": 152, "spe": 241}, "types": ["Water"]}, "Gurdurr": {"name": "Gurdurr", "species": "Gurdurr", "speciesId": "gurdurr", "gender": "F", "shiny": false, "level": 85, "moves": ["drainpunch", "bulkup", "knockoff", "machpunch"], "ability": "Guts", "evs": {"hp": 85, "atk": 85, "def": 85, "spa": 85, "spd": 85, "spe": 85}, "ivs": {"hp": 31, "atk": 31, "def": 31, "spa": 31, "spd": 31, "spe": 31}, "item": "Eviolite", "teraType": "Steel", "role": "Bulky Attacker", "bvs": {"hp": 85, "atk": 105, "def": 85, "spa": 40, "spd": 50, "spe": 40}, "stats": {"hp": 283, "atk": 227, "def": 193, "spa": 117, "spd": 134, "spe": 117}, "types": ["Fighting"]}}, {"Kyurem": {"name": "Kyurem", "species": "Kyurem", "speciesId": "kyurem", "gender": "N", "shiny": false, "level": 77, "moves": ["iciclespear", "scaleshot", "dragondance", "terablast"], "ability": "Pressure", "evs": {"hp": 85, "atk": 85, "def": 85, "spa": 85, "spd": 85, "spe": 85}, "ivs": {"hp": 31, "atk": 31, "def": 31, "spa": 31, "spd": 31, "spe": 31}, "item": "Loaded Dice", "teraType": "Ground", "role": "Tera Blast user", "bvs": {"hp": 125, "atk": 130, "def": 90, "spa": 130, "spd": 90, "spe": 95}, "stats": {"hp": 319, "atk": 245, "def": 183, "spa": 245, "spd": 183, "spe": 191}, "types": ["Dragon", "Ice"]}, "Hitmonchan": {"name": "Hitmonchan", "species": "Hitmonchan", "speciesId": "hitmonchan", "gender": "M", "shiny": false, "level": 87, "moves": ["knockoff", "drainpunch", "icepunch", "swordsdance"], "ability": "Iron Fist", "evs": {"hp": 85, "atk": 85, "def": 85, "spa": 85, "spd": 85, "spe": 85}, "ivs": {"hp": 31, "atk": 31, "def": 31, "spa": 31, "spd": 31, "spe": 31}, "item": "Life Orb", "teraType": "Dark", "role": "Setup Sweeper", "bvs": {"hp": 50, "atk": 105, "def": 79, "spa": 35, "spd": 110, "spe": 76}, "stats": {"hp": 229, "atk": 232, "def": 187, "spa": 111, "spd": 241, "spe": 182}, "types": ["Fighting"]}, "Mienshao": {"name": "Mienshao", "species": "Mienshao", "speciesId": "mienshao", "gender": "M", "shiny": false, "level": 83, "moves": ["knockoff", "fakeout", "closecombat", "uturn"], "ability": "Regenerator", "evs": {"hp": 85, "atk": 85, "def": 85, "spa": 85, "spd": 85, "spe": 85}, "ivs": {"hp": 31, "atk": 31, "def": 31, "spa": 31, "spd": 31, "spe": 31}, "item": "Assault Vest", "teraType": "Steel", "role": "AV Pivot", "bvs": {"hp": 65, "atk": 125, "def": 60, "spa": 95, "spd": 60, "spe": 105}, "stats": {"hp": 244, "atk": 255, "def": 147, "spa": 205, "spd": 147, "spe": 222}, "types": ["Fighting"]}, "Basculin": {"name": "Basculin", "species": "Basculin", "speciesId": "basculin", "gender": "F", "shiny": false, "level": 86, "moves": ["wavecrash", "flipturn", "doubleedge", "aquajet"], "ability": "Adaptability", "evs": {"hp": 85, "atk": 85, "def": 85, "spa": 85, "spd": 85, "spe": 85}, "ivs": {"hp": 31, "atk": 31, "def": 31, "spa": 31, "spd": 31, "spe": 31}, "item": "Choice Band", "teraType": "Water", "role": "Wallbreaker", "bvs": {"hp": 70, "atk": 92, "def": 65, "spa": 80, "spd": 55, "spe": 98}, "stats": {"hp": 261, "atk": 207, "def": 161, "spa": 187, "spd": 144, "spe": 218}, "types": ["Water"]}, "Oricorio": {"name": "Oricorio", "species": "Oricorio-Sensu", "speciesId": "oricoriosensu", "gender": "M", "shiny": false, "level": 85, "moves": ["roost", "quiverdance", "revelationdance", "hurricane"], "ability": "Dancer", "evs": {"hp": 85, "atk": 0, "def": 85, "spa": 85, "spd": 85, "spe": 85}, "ivs": {"hp": 31, "atk": 0, "def": 31, "spa": 31, "spd": 31, "spe": 31}, "item": "Heavy-Duty Boots", "teraType": "Fighting", "role": "Setup Sweeper", "bvs": {"hp": 75, "atk": 70, "def": 70, "spa": 98, "spd": 70, "spe": 93}, "stats": {"hp": 266, "atk": 124, "def": 168, "spa": 215, "spd": 168, "spe": 207}, "types": ["Ghost", "Flying"]}, "Mudsdale": {"name": "Mudsdale", "species": "Mudsdale", "speciesId": "mudsdale", "gender": "M", "shiny": false, "level": 83, "moves": ["stoneedge", "stealthrock", "heavyslam", "earthquake"], "ability": "Stamina", "evs": {"hp": 85, "atk": 85, "def": 85, "spa": 85, "spd": 85, "spe": 85}, "ivs": {"hp": 31, "atk": 31, "def": 31, "spa": 31, "spd": 31, "spe": 31}, "item": "Leftovers", "teraType": "Steel", "role": "Bulky Attacker", "bvs": {"hp": 100, "atk": 125, "def": 100, "spa": 55, "spd": 85, "spe": 35}, "stats": {"hp": 302, "atk": 255, "def": 214, "spa": 139, "spd": 189, "spe": 106}, "types": ["Ground"]}}]}