{"id": "gen9randombattle-2641566601", "format": "[Gen 9] Random Battle", "players": ["Koffee Archive", "superluckhero"], "log": "|j|\u2606Koffee Archive\n|j|\u2606superluckhero\n|t:|1782809480\n|gametype|singles\n|player|p1|Koffee Archive|clair|2064\n|player|p2|superluckhero|volkner|2136\n|gen|9\n|tier|[Gen 9] Random Battle\n|rated|\n|rule|Species Clause: Limit one of each Pok\u00e9mon\n|rule|HP Percentage Mod: HP is shown in percentages\n|rule|Sleep Clause Mod: Limit one foe put to sleep\n|rule|Illusion Level Mod: Illusion disguises the Pok\u00e9mon's true level\n|\n|t:|1782809480\n|teamsize|p1|6\n|teamsize|p2|6\n|start\n|switch|p1a: Giratina|Giratina-Origin, L72|335/335\n|switch|p2a: Oricorio|Oricorio-Pa'u, L87, F|272/272\n|turn|1\n|inactive|Battle timer is ON: inactive players will automatically lose when time's up. (requested by Koffee Archive)\n|inactive|superluckhero has 120 seconds left.\n|\n|t:|1782809518\n|switch|p2a: Garganacl|Garganacl, L80, M|291/291\n|move|p1a: Giratina|Poltergeist|p2a: Garganacl\n|-activate|p2a: Garganacl|move: Poltergeist|Leftovers\n|-damage|p2a: Garganacl|245/291\n|\n|-heal|p2a: Garganacl|263/291|[from] item: Leftovers\n|upkeep\n|turn|2\n|\n|t:|1782809528\n|move|p1a: Giratina|Draco Meteor|p2a: Garganacl\n|-damage|p2a: Garganacl|103/291\n|-unboost|p1a: Giratina|spa|2\n|move|p2a: Garganacl|Salt Cure|p1a: Giratina\n|-damage|p1a: Giratina|289/335\n|-start|p1a: Giratina|Salt Cure\n|\n|-heal|p2a: Garganacl|121/291|[from] item: Leftovers\n|-damage|p1a: Giratina|248/335|[from] Salt Cure\n|upkeep\n|turn|3\n|\n|t:|1782809536\n|switch|p1a: Lycanroc|Lycanroc, L86, M|269/269\n|move|p2a: Garganacl|Recover|p2a: Garganacl\n|-heal|p2a: Garganacl|267/291\n|\n|-heal|p2a: Garganacl|285/291|[from] item: Leftovers\n|upkeep\n|turn|4\n|\n|t:|1782809540\n|move|p1a: Lycanroc|Stone Edge|p2a: Garganacl|[miss]\n|-miss|p1a: Lycanroc|p2a: Garganacl\n|move|p2a: Garganacl|Body Press|p1a: Lycanroc\n|-supereffective|p1a: Lycanroc\n|-damage|p1a: Lycanroc|99/269\n|\n|-heal|p2a: Garganacl|291/291|[from] item: Leftovers\n|upkeep\n|turn|5\n|\n|t:|1782809544\n|move|p1a: Lycanroc|Stone Edge|p2a: Garganacl\n|-damage|p2a: Garganacl|140/291\n|move|p2a: Garganacl|Body Press|p1a: Lycanroc\n|-supereffective|p1a: Lycanroc\n|-damage|p1a: Lycanroc|0 fnt\n|faint|p1a: Lycanroc\n|\n|-heal|p2a: Garganacl|158/291|[from] item: Leftovers\n|upkeep\n|\n|t:|1782809548\n|switch|p1a: Poliwrath|Poliwrath, L88, M|302/302\n|turn|6\n|\n|t:|1782809554\n|move|p1a: Poliwrath|Rain Dance|p1a: Poliwrath\n|-weather|RainDance\n|move|p2a: Garganacl|Salt Cure|p1a: Poliwrath\n|-resisted|p1a: Poliwrath\n|-damage|p1a: Poliwrath|282/302\n|-start|p1a: Poliwrath|Salt Cure\n|\n|-weather|RainDance|[upkeep]\n|-heal|p2a: Garganacl|176/291|[from] item: Leftovers\n|-damage|p1a: Poliwrath|207/302|[from] Salt Cure\n|upkeep\n|turn|7\n|\n|t:|1782809562\n|switch|p2a: Toxapex|Toxapex, L82, M|216/216\n|move|p1a: Poliwrath|Liquidation|p2a: Toxapex\n|-resisted|p2a: Toxapex\n|-damage|p2a: Toxapex|150/216\n|-damage|p1a: Poliwrath|157/302|[from] item: Rocky Helmet|[of] p2a: Toxapex\n|-damage|p1a: Poliwrath|127/302|[from] item: Life Orb\n|\n|-weather|RainDance|[upkeep]\n|-damage|p1a: Poliwrath|52/302|[from] Salt Cure\n|upkeep\n|turn|8\n|\n|t:|1782809570\n|move|p1a: Poliwrath|Knock Off|p2a: Toxapex\n|-damage|p2a: Toxapex|89/216\n|-damage|p1a: Poliwrath|2/302|[from] item: Rocky Helmet|[of] p2a: Toxapex\n|-enditem|p2a: Toxapex|Rocky Helmet|[from] move: Knock Off|[of] p1a: Poliwrath\n|-damage|p1a: Poliwrath|0 fnt|[from] item: Life Orb\n|faint|p1a: Poliwrath\n|move|p2a: Toxapex|Toxic Spikes|p1: Poliwrath\n|-sidestart|p1: Koffee Archive|move: Toxic Spikes\n|\n|-weather|RainDance|[upkeep]\n|upkeep\n|\n|t:|1782809573\n|switch|p1a: Clodsire|Clodsire, L81, F|343/343\n|-sideend|p1: Koffee Archive|move: Toxic Spikes|[of] p1a: Clodsire\n|turn|9\n|\n|t:|1782809576\n|move|p2a: Toxapex|Liquidation|p1a: Clodsire\n|-immune|p1a: Clodsire|[from] ability: Water Absorb\n|move|p1a: Clodsire|Curse|p1a: Clodsire\n|-unboost|p1a: Clodsire|spe|1\n|-boost|p1a: Clodsire|atk|1\n|-boost|p1a: Clodsire|def|1\n|\n|-weather|RainDance|[upkeep]\n|upkeep\n|turn|10\n|\n|t:|1782809584\n|move|p2a: Toxapex|Haze|p2a: Toxapex\n|-clearallboost\n|move|p1a: Clodsire|Curse|p1a: Clodsire\n|-unboost|p1a: Clodsire|spe|1\n|-boost|p1a: Clodsire|atk|1\n|-boost|p1a: Clodsire|def|1\n|\n|-weather|none\n|upkeep\n|turn|11\n|\n|t:|1782809587\n|move|p2a: Toxapex|Recover|p2a: Toxapex\n|-heal|p2a: Toxapex|197/216\n|move|p1a: Clodsire|Earthquake|p2a: Toxapex\n|-supereffective|p2a: Toxapex\n|-damage|p2a: Toxapex|33/216\n|\n|upkeep\n|turn|12\n|\n|t:|1782809589\n|move|p2a: Toxapex|Haze|p2a: Toxapex\n|-clearallboost\n|move|p1a: Clodsire|Curse|p1a: Clodsire\n|-unboost|p1a: Clodsire|spe|1\n|-boost|p1a: Clodsire|atk|1\n|-boost|p1a: Clodsire|def|1\n|\n|upkeep\n|turn|13\n|\n|t:|1782809592\n|move|p2a: Toxapex|Haze|p2a: Toxapex\n|-clearallboost\n|move|p1a: Clodsire|Earthquake|p2a: Toxapex\n|-supereffective|p2a: Toxapex\n|-damage|p2a: Toxapex|0 fnt\n|faint|p2a: Toxapex\n|\n|upkeep\n|\n|t:|1782809602\n|switch|p2a: Oricorio|Oricorio-Pa'u, L87, F|272/272\n|turn|14\n|\n|t:|1782809606\n|switch|p1a: Giratina|Giratina-Origin, L72|248/335\n|move|p2a: Oricorio|Revelation Dance|p1a: Giratina\n|-damage|p1a: Giratina|137/335\n|\n|upkeep\n|turn|15\n|\n|t:|1782809619\n|switch|p2a: Hydreigon|Hydreigon, L79, F|275/275\n|move|p1a: Giratina|Poltergeist|p2a: Hydreigon|[miss]\n|-miss|p1a: Giratina|p2a: Hydreigon\n|\n|upkeep\n|turn|16\n|\n|t:|1782809624\n|move|p2a: Hydreigon|Dark Pulse|p1a: Giratina\n|-supereffective|p1a: Giratina\n|-damage|p1a: Giratina|0 fnt\n|faint|p1a: Giratina\n|\n|upkeep\n|\n|t:|1782809627\n|switch|p1a: Incineroar|Incineroar, L82, F|290/290\n|-ability|p1a: Incineroar|Intimidate|boost\n|-unboost|p2a: Hydreigon|atk|1\n|turn|17\n|inactive|superluckhero has 120 seconds left.\n|\n|t:|1782809673\n|switch|p2a: Garganacl|Garganacl, L80, M|176/291\n|move|p1a: Incineroar|Swords Dance|p1a: Incineroar\n|-boost|p1a: Incineroar|atk|2\n|\n|-heal|p2a: Garganacl|194/291|[from] item: Leftovers\n|upkeep\n|turn|18\n|\n|t:|1782809681\n|-terastallize|p1a: Incineroar|Grass\n|move|p1a: Incineroar|Trailblaze|p2a: Garganacl\n|-supereffective|p2a: Garganacl\n|-damage|p2a: Garganacl|0 fnt\n|-boost|p1a: Incineroar|spe|1\n|faint|p2a: Garganacl\n|\n|upkeep\n|\n|t:|1782809696\n|switch|p2a: Tornadus|Tornadus-Therian, L79, M|254/254\n|turn|19\n|\n|t:|1782809702\n|move|p2a: Tornadus|Bleakwind Storm|p1a: Incineroar\n|-supereffective|p1a: Incineroar\n|-crit|p1a: Incineroar\n|-damage|p1a: Incineroar|0 fnt\n|faint|p1a: Incineroar\n|\n|upkeep\n|-message|Koffee Archive forfeited.\n|\n|win|superluckhero\n", "inputlog": ">version f8ac14003a5f27e1bdc8d8c59608a773c1cb96e5\n>start {\"formatid\":\"gen9randombattle\",\"seed\":\"sodium,7971443143c4fd77719132aed6569b89\",\"rated\":\"Rated battle\"}\n>player p1 {\"name\":\"Koffee Archive\",\"avatar\":\"clair\",\"rating\":2064,\"seed\":\"sodium,b225831abb1ff887b8726477aacf85a1\"}\n>player p2 {\"name\":\"superluckhero\",\"avatar\":\"volkner\",\"rating\":2136,\"seed\":\"sodium,47b2f5764ff49760698092775d969280\"}\n>p1 move poltergeist\n>p2 switch 3\n>p1 move dracometeor\n>p2 move saltcure\n>p1 switch 5\n>p2 move recover\n>p1 move stoneedge\n>p2 move bodypress\n>p1 move stoneedge\n>p2 move bodypress\n>p1 switch 2\n>p1 move raindance\n>p2 move saltcure\n>p1 move liquidation\n>p2 switch 6\n>p1 move knockoff\n>p2 move toxicspikes\n>p1 switch 4\n>p1 move curse\n>p2 move liquidation\n>p1 move curse\n>p2 move haze\n>p1 move earthquake\n>p2 move recover\n>p1 move curse\n>p2 move haze\n>p1 move earthquake\n>p2 move haze\n>p2 switch 3\n>p1 switch 5\n>p2 move revelationdance\n>p1 move poltergeist\n>p2 switch 2\n>p1 move dracometeor\n>p2 move darkpulse\n>p1 switch 6\n>p1 move swordsdance\n>p2 switch 6\n>p1 move trailblaze terastallize\n>p2 move saltcure\n>p2 switch 5\n>p1 move knockoff\n>p2 move bleakwindstorm\n>forcelose p1", "uploadtime": 1782809482, "views": 3, "formatid": "gen9randombattle", "rating": null, "private": 0, "password": null, "player_dets": [{"name": "Koffee Archive", "avatar": "clair", "rating": 2064, "seed": "sodium,b225831abb1ff887b8726477aacf85a1"}, {"name": "superluckhero", "avatar": "volkner", "rating": 2136, "seed": "sodium,47b2f5764ff49760698092775d969280"}], "teams_full": [{"Giratina": {"name": "Giratina", "species": "Giratina-Origin", "speciesId": "giratinaorigin", "gender": "N", "shiny": false, "level": 72, "moves": ["poltergeist", "dracometeor", "defog", "shadowsneak"], "ability": "Levitate", "evs": {"hp": 85, "atk": 85, "def": 85, "spa": 85, "spd": 85, "spe": 85}, "ivs": {"hp": 31, "atk": 31, "def": 31, "spa": 31, "spd": 31, "spe": 31}, "item": "Griseous Core", "teraType": "Dragon", "role": "Fast Attacker", "bvs": {"hp": 150, "atk": 120, "def": 100, "spa": 120, "spd": 100, "spe": 90}, "stats": {"hp": 335, "atk": 215, "def": 186, "spa": 215, "spd": 186, "spe": 172}, "types": ["Ghost", "Dragon"]}, "Poliwrath": {"name": "Poliwrath", "species": "Poliwrath", "speciesId": "poliwrath", "gender": "M", "shiny": false, "level": 88, "moves": ["closecombat", "raindance", "liquidation", "knockoff"], "ability": "Swift Swim", "evs": {"hp": 85, "atk": 85, "def": 85, "spa": 85, "spd": 85, "spe": 85}, "ivs": {"hp": 31, "atk": 31, "def": 31, "spa": 31, "spd": 31, "spe": 31}, "item": "Life Orb", "teraType": "Fighting", "role": "Setup Sweeper", "bvs": {"hp": 90, "atk": 95, "def": 95, "spa": 70, "spd": 90, "spe": 70}, "stats": {"hp": 302, "atk": 217, "def": 217, "spa": 173, "spd": 209, "spe": 173}, "types": ["Water", "Fighting"]}, "Shaymin": {"name": "Shaymin", "species": "Shaymin-Sky", "speciesId": "shayminsky", "gender": "N", "shiny": false, "level": 73, "moves": ["dazzlinggleam", "airslash", "seedflare", "earthpower"], "ability": "Serene Grace", "evs": {"hp": 85, "atk": 0, "def": 85, "spa": 85, "spd": 85, "spe": 85}, "ivs": {"hp": 31, "atk": 0, "def": 31, "spa": 31, "spd": 31, "spe": 31}, "item": "Choice Specs", "teraType": "Ground", "role": "Fast Attacker", "bvs": {"hp": 100, "atk": 103, "def": 75, "spa": 120, "spd": 75, "spe": 127}, "stats": {"hp": 266, "atk": 155, "def": 152, "spa": 218, "spd": 152, "spe": 228}, "types": ["Grass", "Flying"]}, "Clodsire": {"name": "Clodsire", "species": "Clodsire", "speciesId": "clodsire", "gender": "F", "shiny": false, "level": 81, "moves": ["curse", "earthquake", "recover", "poisonjab"], "ability": "Water Absorb", "evs": {"hp": 85, "atk": 85, "def": 85, "spa": 85, "spd": 85, "spe": 85}, "ivs": {"hp": 31, "atk": 31, "def": 31, "spa": 31, "spd": 31, "spe": 31}, "item": "Leftovers", "teraType": "Flying", "role": "Bulky Attacker", "bvs": {"hp": 130, "atk": 75, "def": 60, "spa": 45, "spd": 100, "spe": 20}, "stats": {"hp": 343, "atk": 168, "def": 144, "spa": 120, "spd": 209, "spe": 79}, "types": ["Poison", "Ground"]}, "Lycanroc": {"name": "Lycanroc", "species": "Lycanroc", "speciesId": "lycanroc", "gender": "M", "shiny": false, "level": 86, "moves": ["crunch", "closecombat", "stoneedge", "psychicfangs"], "ability": "Sand Rush", "evs": {"hp": 85, "atk": 85, "def": 85, "spa": 85, "spd": 85, "spe": 85}, "ivs": {"hp": 31, "atk": 31, "def": 31, "spa": 31, "spd": 31, "spe": 31}, "item": "Choice Band", "teraType": "Fighting", "role": "Fast Attacker", "bvs": {"hp": 75, "atk": 115, "def": 65, "spa": 55, "spd": 65, "spe": 112}, "stats": {"hp": 269, "atk": 247, "def": 161, "spa": 144, "spd": 161, "spe": 242}, "types": ["Rock"]}, "Incineroar": {"name": "Incineroar", "species": "Incineroar", "speciesId": "incineroar", "gender": "F", "shiny": false, "level": 82, "moves": ["flareblitz", "knockoff", "trailblaze", "swordsdance"], "ability": "Intimidate", "evs": {"hp": 85, "atk": 85, "def": 85, "spa": 85, "spd": 85, "spe": 85}, "ivs": {"hp": 31, "atk": 31, "def": 31, "spa": 31, "spd": 31, "spe": 31}, "item": "Heavy-Duty Boots", "teraType": "Grass", "role": "Setup Sweeper", "bvs": {"hp": 95, "atk": 115, "def": 90, "spa": 80, "spd": 90, "spe": 60}, "stats": {"hp": 290, "atk": 236, "def": 195, "spa": 178, "spd": 195, "spe": 146}, "types": ["Fire", "Dark"]}}, {"Oricorio": {"name": "Oricorio", "species": "Oricorio-Pa'u", "speciesId": "oricoriopau", "gender": "F", "shiny": false, "level": 87, "moves": ["quiverdance", "revelationdance", "hurricane", "roost"], "ability": "Dancer", "evs": {"hp": 85, "atk": 0, "def": 85, "spa": 85, "spd": 85, "spe": 85}, "ivs": {"hp": 31, "atk": 0, "def": 31, "spa": 31, "spd": 31, "spe": 31}, "item": "Heavy-Duty Boots", "teraType": "Fighting", "role": "Setup Sweeper", "bvs": {"hp": 75, "atk": 70, "def": 70, "spa": 98, "spd": 70, "spe": 93}, "stats": {"hp": 272, "atk": 126, "def": 172, "spa": 220, "spd": 172, "spe": 212}, "types": ["Psychic", "Flying"]}, "Hydreigon": {"name": "Hydreigon", "species": "Hydreigon", "speciesId": "hydreigon", "gender": "F", "shiny": false, "level": 79, "moves": ["flashcannon", "darkpulse", "uturn", "dracometeor"], "ability": "Levitate", "evs": {"hp": 85, "atk": 85, "def": 85, "spa": 85, "spd": 85, "spe": 85}, "ivs": {"hp": 31, "atk": 31, "def": 31, "spa": 31, "spd": 31, "spe": 31}, "item": "Choice Specs", "teraType": "Dragon", "role": "Fast Attacker", "bvs": {"hp": 92, "atk": 105, "def": 90, "spa": 125, "spd": 90, "spe": 98}, "stats": {"hp": 275, "atk": 211, "def": 188, "spa": 243, "spd": 188, "spe": 200}, "types": ["Dark", "Dragon"]}, "Garganacl": {"name": "Garganacl", "species": "Garganacl", "speciesId": "garganacl", "gender": "M", "shiny": false, "level": 80, "moves": ["bodypress", "saltcure", "recover", "irondefense"], "ability": "Purifying Salt", "evs": {"hp": 85, "atk": 85, "def": 85, "spa": 85, "spd": 85, "spe": 85}, "ivs": {"hp": 31, "atk": 31, "def": 31, "spa": 31, "spd": 31, "spe": 31}, "item": "Leftovers", "teraType": "Ghost", "role": "Bulky Setup", "bvs": {"hp": 100, "atk": 100, "def": 130, "spa": 45, "spd": 90, "spe": 35}, "stats": {"hp": 291, "atk": 206, "def": 254, "spa": 118, "spd": 190, "spe": 102}, "types": ["Rock"]}, "Golem": {"name": "Golem", "species": "Golem-Alola", "speciesId": "golemalola", "gender": "F", "shiny": false, "level": 93, "moves": ["stoneedge", "rockpolish", "earthquake", "doubleedge"], "ability": "Galvanize", "evs": {"hp": 85, "atk": 85, "def": 85, "spa": 85, "spd": 85, "spe": 85}, "ivs": {"hp": 31, "atk": 31, "def": 31, "spa": 31, "spd": 31, "spe": 31}, "item": "Life Orb", "teraType": "Grass", "role": "Setup Sweeper", "bvs": {"hp": 80, "atk": 120, "def": 130, "spa": 55, "spd": 65, "spe": 45}, "stats": {"hp": 300, "atk": 276, "def": 295, "spa": 155, "spd": 174, "spe": 137}, "types": ["Rock", "Electric"]}, "Tornadus": {"name": "Tornadus", "species": "Tornadus-Therian", "speciesId": "tornadustherian", "gender": "M", "shiny": false, "level": 79, "moves": ["heatwave", "grassknot", "nastyplot", "bleakwindstorm"], "ability": "Regenerator", "evs": {"hp": 85, "atk": 0, "def": 85, "spa": 85, "spd": 85, "spe": 85}, "ivs": {"hp": 31, "atk": 0, "def": 31, "spa": 31, "spd": 31, "spe": 31}, "item": "Heavy-Duty Boots", "teraType": "Fire", "role": "Fast Attacker", "bvs": {"hp": 79, "atk": 100, "def": 80, "spa": 110, "spd": 90, "spe": 121}, "stats": {"hp": 254, "atk": 163, "def": 172, "spa": 219, "spd": 188, "spe": 237}, "types": ["Flying"]}, "Toxapex": {"name": "Toxapex", "species": "Toxapex", "speciesId": "toxapex", "gender": "M", "shiny": false, "level": 82, "moves": ["recover", "haze", "toxicspikes", "liquidation"], "ability": "Regenerator", "evs": {"hp": 85, "atk": 85, "def": 85, "spa": 85, "spd": 85, "spe": 85}, "ivs": {"hp": 31, "atk": 31, "def": 31, "spa": 31, "spd": 31, "spe": 31}, "item": "Rocky Helmet", "teraType": "Fairy", "role": "Bulky Support", "bvs": {"hp": 50, "atk": 63, "def": 152, "spa": 53, "spd": 142, "spe": 35}, "stats": {"hp": 216, "atk": 150, "def": 296, "spa": 134, "spd": 280, "spe": 105}, "types": ["Poison", "Water"]}}]}