{"id": "gen9randombattle-2641629606", "format": "[Gen 9] Random Battle", "players": ["Marioman2007", "notmetbh102"], "log": "|j|\u2606Marioman2007\n|j|\u2606notmetbh102\n|t:|1782821671\n|gametype|singles\n|player|p1|Marioman2007|riley|2100\n|player|p2|notmetbh102|170|2089\n|gen|9\n|tier|[Gen 9] Random Battle\n|rated|\n|rule|Species Clause: Limit one of each Pok\u00e9mon\n|rule|HP Percentage Mod: HP is shown in percentages\n|rule|Sleep Clause Mod: Limit one foe put to sleep\n|rule|Illusion Level Mod: Illusion disguises the Pok\u00e9mon's true level\n|\n|t:|1782821671\n|teamsize|p1|6\n|teamsize|p2|6\n|start\n|switch|p1a: Veluza|Veluza, L85, M|292/292\n|switch|p2a: Hatterene|Hatterene, L85, F|236/236\n|turn|1\n|inactive|Battle timer is ON: inactive players will automatically lose when time's up. (requested by notmetbh102)\n|c|\u2606notmetbh102|hf\n|\n|t:|1782821683\n|-terastallize|p2a: Hatterene|Fairy\n|move|p1a: Veluza|Flip Turn|p2a: Hatterene\n|-damage|p2a: Hatterene|178/236\n|\n|t:|1782821688\n|switch|p1a: Copperajah|Copperajah, L86, M|349/349|[from] Flip Turn\n|move|p2a: Hatterene|Draining Kiss|p1a: Copperajah\n|-resisted|p1a: Copperajah\n|-damage|p1a: Copperajah|275/349\n|-heal|p2a: Hatterene|234/236|[from] drain|[of] p1a: Copperajah\n|\n|upkeep\n|turn|2\n|\n|t:|1782821692\n|switch|p2a: Arbok|Arbok, L87, F|246/246\n|-ability|p2a: Arbok|Intimidate|boost\n|-unboost|p1a: Copperajah|atk|1\n|move|p1a: Copperajah|Heavy Slam|p2a: Arbok\n|-damage|p2a: Arbok|60/246\n|\n|upkeep\n|turn|3\n|\n|t:|1782821696\n|move|p2a: Arbok|Knock Off|p1a: Copperajah\n|-damage|p1a: Copperajah|175/349\n|-enditem|p1a: Copperajah|Choice Band|[from] move: Knock Off|[of] p2a: Arbok\n|-damage|p2a: Arbok|36/246|[from] item: Life Orb\n|move|p1a: Copperajah|Heavy Slam|p2a: Arbok\n|-damage|p2a: Arbok|0 fnt\n|faint|p2a: Arbok\n|\n|upkeep\n|\n|t:|1782821697\n|switch|p2a: Palkia|Palkia-Origin, L72|249/249\n|-ability|p2a: Palkia|Pressure\n|turn|4\n|\n|t:|1782821705\n|switch|p1a: Veluza|Veluza, L85, M|292/292\n|move|p2a: Palkia|Hydro Pump|p1a: Veluza\n|-resisted|p1a: Veluza\n|-damage|p1a: Veluza|206/292\n|\n|upkeep\n|turn|5\n|\n|t:|1782821709\n|move|p1a: Veluza|Flip Turn|p2a: Palkia\n|-resisted|p2a: Palkia\n|-damage|p2a: Palkia|231/249\n|\n|t:|1782821712\n|switch|p1a: Copperajah|Copperajah, L86, M|175/349|[from] Flip Turn\n|move|p2a: Palkia|Draco Meteor|p1a: Copperajah\n|-resisted|p1a: Copperajah\n|-damage|p1a: Copperajah|73/349\n|-unboost|p2a: Palkia|spa|2\n|\n|upkeep\n|turn|6\n|\n|t:|1782821717\n|switch|p1a: Veluza|Veluza, L85, M|206/292\n|move|p2a: Palkia|Hydro Pump|p1a: Veluza\n|-resisted|p1a: Veluza\n|-damage|p1a: Veluza|160/292\n|\n|upkeep\n|turn|7\n|\n|t:|1782821720\n|move|p1a: Veluza|Psycho Cut|p2a: Palkia\n|-crit|p2a: Palkia\n|-damage|p2a: Palkia|32/249\n|move|p2a: Palkia|Thunder Wave|p1a: Veluza\n|-status|p1a: Veluza|par\n|\n|upkeep\n|turn|8\n|\n|t:|1782821723\n|switch|p2a: Iron Jugulis|Iron Jugulis, L77|271/271\n|cant|p1a: Veluza|par\n|\n|upkeep\n|turn|9\n|\n|t:|1782821725\n|switch|p1a: Copperajah|Copperajah, L86, M|73/349\n|move|p2a: Iron Jugulis|Meteor Beam||[still]\n|-prepare|p2a: Iron Jugulis|Meteor Beam\n|-boost|p2a: Iron Jugulis|spa|1\n|-enditem|p2a: Iron Jugulis|Power Herb\n|-anim|p2a: Iron Jugulis|Meteor Beam|p1a: Copperajah\n|-resisted|p1a: Copperajah\n|-damage|p1a: Copperajah|3/349\n|\n|upkeep\n|turn|10\n|\n|t:|1782821729\n|move|p2a: Iron Jugulis|Dark Pulse|p1a: Copperajah\n|-damage|p1a: Copperajah|0 fnt\n|faint|p1a: Copperajah\n|\n|upkeep\n|\n|t:|1782821747\n|switch|p1a: Kingdra|Kingdra, L84, F|263/263\n|turn|11\n|\n|t:|1782821749\n|move|p2a: Iron Jugulis|Hurricane|p1a: Kingdra\n|-damage|p1a: Kingdra|109/263\n|-start|p1a: Kingdra|confusion\n|-enditem|p1a: Kingdra|Lum Berry|[eat]\n|-end|p1a: Kingdra|confusion\n|move|p1a: Kingdra|Dragon Dance|p1a: Kingdra\n|-boost|p1a: Kingdra|atk|1\n|-boost|p1a: Kingdra|spe|1\n|\n|upkeep\n|turn|12\n|\n|t:|1782821755\n|-terastallize|p1a: Kingdra|Water\n|move|p1a: Kingdra|Wave Crash|p2a: Iron Jugulis\n|-damage|p2a: Iron Jugulis|11/271\n|-damage|p1a: Kingdra|23/263|[from] Recoil\n|move|p2a: Iron Jugulis|Dark Pulse|p1a: Kingdra\n|-damage|p1a: Kingdra|0 fnt\n|faint|p1a: Kingdra\n|\n|upkeep\n|\n|t:|1782821759\n|switch|p1a: Breloom|Breloom, L83, F|235/235\n|turn|13\n|inactive|notmetbh102 has 120 seconds left.\n|inactive|notmetbh102 has 90 seconds left.\n|inactive|notmetbh102 has 60 seconds left.\n|inactive|notmetbh102 has 30 seconds left.\n|inactive|notmetbh102 has 20 seconds left.\n|inactive|notmetbh102 has 15 seconds left.\n|inactive|notmetbh102 has 10 seconds left.\n|inactive|notmetbh102 has 5 seconds left.\n|-message|notmetbh102 lost due to inactivity.\n|\n|win|Marioman2007\n", "inputlog": ">version f8ac14003a5f27e1bdc8d8c59608a773c1cb96e5\n>start {\"formatid\":\"gen9randombattle\",\"seed\":\"sodium,988ef2280304dd88a26efbdc88310519\",\"rated\":\"Rated battle\"}\n>player p1 {\"name\":\"Marioman2007\",\"avatar\":\"riley\",\"rating\":2100,\"seed\":\"sodium,8d433f69062e2d409a0976e545e17b31\"}\n>player p2 {\"name\":\"notmetbh102\",\"avatar\":\"170\",\"rating\":2089,\"seed\":\"sodium,93b1fd1d6ed9050b79bfebf37a580d19\"}\n>chat \u2606notmetbh102|hf\n>p1 move flipturn\n>p2 move drainingkiss terastallize\n>p1 switch 3\n>p1 move heavyslam\n>p2 switch 5\n>p1 move heavyslam\n>p2 move knockoff\n>p2 switch 6\n>p1 switch 3\n>p2 move hydropump\n>p1 move flipturn\n>p2 move dracometeor\n>p1 switch 3\n>p1 switch 3\n>p2 move hydropump\n>p1 move psychocut\n>p2 move thunderwave\n>p1 move psychocut\n>p2 switch 2\n>p1 switch 3\n>p2 move meteorbeam\n>p1 move supercellslam\n>p2 move darkpulse\n>p1 switch 5\n>p1 move dragondance\n>p2 move hurricane\n>p1 move wavecrash terastallize\n>p2 move darkpulse\n>p1 switch 6\n>forcelose p2", "uploadtime": 1782821672, "views": 3, "formatid": "gen9randombattle", "rating": null, "private": 0, "password": null, "player_dets": [{"name": "Marioman2007", "avatar": "riley", "rating": 2100, "seed": "sodium,8d433f69062e2d409a0976e545e17b31"}, {"name": "notmetbh102", "avatar": "170", "rating": 2089, "seed": "sodium,93b1fd1d6ed9050b79bfebf37a580d19"}], "teams_full": [{"Veluza": {"name": "Veluza", "species": "Veluza", "speciesId": "veluza", "gender": "M", "shiny": false, "level": 85, "moves": ["flipturn", "nightslash", "psychocut", "aquacutter"], "ability": "Sharpness", "evs": {"hp": 85, "atk": 85, "def": 85, "spa": 85, "spd": 85, "spe": 85}, "ivs": {"hp": 31, "atk": 31, "def": 31, "spa": 31, "spd": 31, "spe": 31}, "item": "Choice Scarf", "teraType": "Dark", "role": "Fast Attacker", "bvs": {"hp": 90, "atk": 102, "def": 73, "spa": 78, "spd": 65, "spe": 70}, "stats": {"hp": 292, "atk": 222, "def": 173, "spa": 181, "spd": 159, "spe": 168}, "types": ["Water", "Psychic"]}, "Mew": {"name": "Mew", "species": "Mew", "speciesId": "mew", "gender": "N", "shiny": false, "level": 82, "moves": ["encore", "uturn", "psychic", "toxicspikes"], "ability": "Synchronize", "evs": {"hp": 85, "atk": 85, "def": 85, "spa": 85, "spd": 85, "spe": 85}, "ivs": {"hp": 31, "atk": 31, "def": 31, "spa": 31, "spd": 31, "spe": 31}, "item": "Leftovers", "teraType": "Fairy", "role": "Bulky Support", "bvs": {"hp": 100, "atk": 100, "def": 100, "spa": 100, "spd": 100, "spe": 100}, "stats": {"hp": 298, "atk": 211, "def": 211, "spa": 211, "spd": 211, "spe": 211}, "types": ["Psychic"]}, "Copperajah": {"name": "Copperajah", "species": "Copperajah", "speciesId": "copperajah", "gender": "M", "shiny": false, "level": 86, "moves": ["heatcrash", "knockoff", "supercellslam", "heavyslam"], "ability": "Heavy Metal", "evs": {"hp": 81, "atk": 85, "def": 85, "spa": 85, "spd": 85, "spe": 85}, "ivs": {"hp": 31, "atk": 31, "def": 31, "spa": 31, "spd": 31, "spe": 31}, "item": "Choice Band", "teraType": "Flying", "role": "Bulky Attacker", "bvs": {"hp": 122, "atk": 130, "def": 69, "spa": 80, "spd": 69, "spe": 30}, "stats": {"hp": 349, "atk": 273, "def": 168, "spa": 187, "spd": 168, "spe": 101}, "types": ["Steel"]}, "Carbink": {"name": "Carbink", "species": "Carbink", "speciesId": "carbink", "gender": "N", "shiny": false, "level": 90, "moves": ["rockpolish", "irondefense", "moonblast", "bodypress"], "ability": "Sturdy", "evs": {"hp": 85, "atk": 0, "def": 85, "spa": 85, "spd": 85, "spe": 85}, "ivs": {"hp": 31, "atk": 0, "def": 31, "spa": 31, "spd": 31, "spe": 31}, "item": "Leftovers", "teraType": "Fighting", "role": "Fast Bulky Setup", "bvs": {"hp": 50, "atk": 50, "def": 150, "spa": 50, "spd": 150, "spe": 50}, "stats": {"hp": 236, "atk": 95, "def": 321, "spa": 141, "spd": 321, "spe": 141}, "types": ["Rock", "Fairy"]}, "Kingdra": {"name": "Kingdra", "species": "Kingdra", "speciesId": "kingdra", "gender": "F", "shiny": false, "level": 84, "moves": ["waterfall", "outrage", "wavecrash", "dragondance"], "ability": "Sniper", "evs": {"hp": 85, "atk": 85, "def": 85, "spa": 85, "spd": 85, "spe": 85}, "ivs": {"hp": 31, "atk": 31, "def": 31, "spa": 31, "spd": 31, "spe": 31}, "item": "Lum Berry", "teraType": "Water", "role": "Setup Sweeper", "bvs": {"hp": 75, "atk": 95, "def": 95, "spa": 95, "spd": 95, "spe": 85}, "stats": {"hp": 263, "atk": 208, "def": 208, "spa": 208, "spd": 208, "spe": 191}, "types": ["Water", "Dragon"]}, "Breloom": {"name": "Breloom", "species": "Breloom", "speciesId": "breloom", "gender": "F", "shiny": false, "level": 83, "moves": ["spore", "machpunch", "bulletseed", "swordsdance"], "ability": "Technician", "evs": {"hp": 85, "atk": 85, "def": 85, "spa": 85, "spd": 85, "spe": 85}, "ivs": {"hp": 31, "atk": 31, "def": 31, "spa": 31, "spd": 31, "spe": 31}, "item": "Life Orb", "teraType": "Fighting", "role": "Fast Attacker", "bvs": {"hp": 60, "atk": 130, "def": 80, "spa": 60, "spd": 60, "spe": 70}, "stats": {"hp": 235, "atk": 263, "def": 180, "spa": 147, "spd": 147, "spe": 164}, "types": ["Grass", "Fighting"]}}, {"Hatterene": {"name": "Hatterene", "species": "Hatterene", "speciesId": "hatterene", "gender": "F", "shiny": false, "level": 85, "moves": ["drainingkiss", "nuzzle", "psychicnoise", "mysticalfire"], "ability": "Magic Bounce", "evs": {"hp": 85, "atk": 85, "def": 85, "spa": 85, "spd": 85, "spe": 85}, "ivs": {"hp": 31, "atk": 31, "def": 31, "spa": 31, "spd": 31, "spe": 31}, "item": "Assault Vest", "teraType": "Fairy", "role": "AV Pivot", "bvs": {"hp": 57, "atk": 90, "def": 95, "spa": 136, "spd": 103, "spe": 29}, "stats": {"hp": 236, "atk": 202, "def": 210, "spa": 280, "spd": 224, "spe": 98}, "types": ["Psychic", "Fairy"]}, "Iron Jugulis": {"name": "Iron Jugulis", "species": "Iron Jugulis", "speciesId": "ironjugulis", "gender": "N", "shiny": false, "level": 77, "moves": ["hurricane", "meteorbeam", "earthpower", "darkpulse"], "ability": "Quark Drive", "evs": {"hp": 85, "atk": 0, "def": 85, "spa": 85, "spd": 85, "spe": 85}, "ivs": {"hp": 31, "atk": 0, "def": 31, "spa": 31, "spd": 31, "spe": 31}, "item": "Power Herb", "teraType": "Dark", "role": "Setup Sweeper", "bvs": {"hp": 94, "atk": 80, "def": 86, "spa": 122, "spd": 80, "spe": 108}, "stats": {"hp": 271, "atk": 128, "def": 177, "spa": 232, "spd": 168, "spe": 211}, "types": ["Dark", "Flying"]}, "Gengar": {"name": "Gengar", "species": "Gengar", "speciesId": "gengar", "gender": "M", "shiny": false, "level": 81, "moves": ["sludgewave", "shadowball", "nastyplot", "focusblast"], "ability": "Cursed Body", "evs": {"hp": 85, "atk": 0, "def": 85, "spa": 85, "spd": 85, "spe": 85}, "ivs": {"hp": 31, "atk": 0, "def": 31, "spa": 31, "spd": 31, "spe": 31}, "item": "Life Orb", "teraType": "Dark", "role": "Wallbreaker", "bvs": {"hp": 60, "atk": 65, "def": 60, "spa": 130, "spd": 75, "spe": 110}, "stats": {"hp": 230, "atk": 110, "def": 144, "spa": 257, "spd": 168, "spe": 225}, "types": ["Ghost", "Poison"]}, "Thundurus": {"name": "Thundurus", "species": "Thundurus", "speciesId": "thundurus", "gender": "M", "shiny": false, "level": 80, "moves": ["nastyplot", "focusblast", "thunderbolt", "terablast"], "ability": "Defiant", "evs": {"hp": 85, "atk": 85, "def": 85, "spa": 85, "spd": 85, "spe": 85}, "ivs": {"hp": 31, "atk": 31, "def": 31, "spa": 31, "spd": 31, "spe": 31}, "item": "Heavy-Duty Boots", "teraType": "Flying", "role": "Tera Blast user", "bvs": {"hp": 79, "atk": 115, "def": 70, "spa": 125, "spd": 80, "spe": 111}, "stats": {"hp": 258, "atk": 230, "def": 158, "spa": 246, "spd": 174, "spe": 224}, "types": ["Electric", "Flying"]}, "Arbok": {"name": "Arbok", "species": "Arbok", "speciesId": "arbok", "gender": "F", "shiny": false, "level": 87, "moves": ["earthquake", "knockoff", "glare", "gunkshot"], "ability": "Intimidate", "evs": {"hp": 85, "atk": 85, "def": 85, "spa": 85, "spd": 85, "spe": 85}, "ivs": {"hp": 31, "atk": 31, "def": 31, "spa": 31, "spd": 31, "spe": 31}, "item": "Life Orb", "teraType": "Dark", "role": "Fast Support", "bvs": {"hp": 60, "atk": 95, "def": 69, "spa": 65, "spd": 79, "spe": 80}, "stats": {"hp": 246, "atk": 215, "def": 170, "spa": 163, "spd": 187, "spe": 189}, "types": ["Poison"]}, "Palkia": {"name": "Palkia", "species": "Palkia-Origin", "speciesId": "palkiaorigin", "gender": "N", "shiny": false, "level": 72, "moves": ["dracometeor", "fireblast", "thunderwave", "hydropump"], "ability": "Pressure", "evs": {"hp": 85, "atk": 0, "def": 85, "spa": 85, "spd": 85, "spe": 85}, "ivs": {"hp": 31, "atk": 0, "def": 31, "spa": 31, "spd": 31, "spe": 31}, "item": "Lustrous Globe", "teraType": "Fire", "role": "Bulky Attacker", "bvs": {"hp": 90, "atk": 100, "def": 100, "spa": 150, "spd": 120, "spe": 120}, "stats": {"hp": 249, "atk": 149, "def": 186, "spa": 258, "spd": 215, "spe": 215}, "types": ["Water", "Dragon"]}}]}