{"id": "gen9randombattle-2641584349", "format": "[Gen 9] Random Battle", "players": ["PikaTru", "Foster The Sheeple"], "log": "|j|\u2606PikaTru\n|j|\u2606Foster The Sheeple\n|t:|1782813156\n|gametype|singles\n|player|p1|PikaTru|101|1981\n|player|p2|Foster The Sheeple|dancer|1982\n|gen|9\n|tier|[Gen 9] Random Battle\n|rated|\n|rule|Species Clause: Limit one of each Pok\u00e9mon\n|rule|HP Percentage Mod: HP is shown in percentages\n|rule|Sleep Clause Mod: Limit one foe put to sleep\n|rule|Illusion Level Mod: Illusion disguises the Pok\u00e9mon's true level\n|\n|t:|1782813156\n|teamsize|p1|6\n|teamsize|p2|6\n|start\n|switch|p1a: Ogerpon|Ogerpon-Cornerstone, L76, F|247/247\n|switch|p2a: Gholdengo|Gholdengo, L77|261/261\n|turn|1\n|inactive|Battle timer is ON: inactive players will automatically lose when time's up. (requested by PikaTru)\n|\n|t:|1782813176\n|switch|p1a: Tornadus|Tornadus-Therian, L79, M|254/254\n|move|p2a: Gholdengo|Make It Rain|p1a: Tornadus\n|-damage|p1a: Tornadus|110/254\n|-unboost|p2a: Gholdengo|spa|1\n|\n|upkeep\n|turn|2\n|\n|t:|1782813191\n|switch|p1a: Magnezone|Magnezone, L85|258/258\n|switch|p2a: Hitmontop|Hitmontop, L88, M|231/231\n|-ability|p2a: Hitmontop|Intimidate|boost\n|-unboost|p1a: Magnezone|atk|1\n|\n|upkeep\n|turn|3\n|\n|t:|1782813210\n|switch|p1a: Tornadus|Tornadus-Therian, L79, M|194/254\n|move|p2a: Hitmontop|Rapid Spin|p1a: Tornadus\n|-damage|p1a: Tornadus|147/254\n|-boost|p2a: Hitmontop|spe|1\n|\n|upkeep\n|turn|4\n|\n|t:|1782813222\n|switch|p2a: Gholdengo|Gholdengo, L77|261/261\n|move|p1a: Tornadus|Bleakwind Storm|p2a: Gholdengo\n|-resisted|p2a: Gholdengo\n|-damage|p2a: Gholdengo|174/261\n|\n|-heal|p2a: Gholdengo|190/261|[from] item: Leftovers\n|upkeep\n|turn|5\n|\n|t:|1782813241\n|switch|p1a: Magnezone|Magnezone, L85|258/258\n|move|p2a: Gholdengo|Recover|p2a: Gholdengo\n|-heal|p2a: Gholdengo|261/261\n|\n|upkeep\n|turn|6\n|\n|t:|1782813253\n|switch|p2a: Hitmontop|Hitmontop, L88, M|231/231\n|-ability|p2a: Hitmontop|Intimidate|boost\n|-unboost|p1a: Magnezone|atk|1\n|move|p1a: Magnezone|Thunderbolt|p2a: Hitmontop\n|-damage|p2a: Hitmontop|170/231\n|\n|upkeep\n|turn|7\n|\n|t:|1782813262\n|switch|p1a: Tornadus|Tornadus-Therian, L79, M|231/254\n|move|p2a: Hitmontop|Close Combat|p1a: Tornadus\n|-resisted|p1a: Tornadus\n|-damage|p1a: Tornadus|146/254\n|-unboost|p2a: Hitmontop|def|1\n|-unboost|p2a: Hitmontop|spd|1\n|\n|upkeep\n|turn|8\n|\n|t:|1782813269\n|switch|p2a: Gholdengo|Gholdengo, L77|261/261\n|move|p1a: Tornadus|Heat Wave|p2a: Gholdengo\n|-supereffective|p2a: Gholdengo\n|-damage|p2a: Gholdengo|67/261\n|-status|p2a: Gholdengo|brn\n|\n|-heal|p2a: Gholdengo|83/261 brn|[from] item: Leftovers\n|-damage|p2a: Gholdengo|67/261 brn|[from] brn\n|upkeep\n|turn|9\n|\n|t:|1782813284\n|switch|p2a: Solgaleo|Solgaleo, L74|325/325\n|move|p1a: Tornadus|Heat Wave|p2a: Solgaleo\n|-supereffective|p2a: Solgaleo\n|-damage|p2a: Solgaleo|123/325\n|-enditem|p2a: Solgaleo|Weakness Policy\n|-boost|p2a: Solgaleo|atk|2|[from] item: Weakness Policy\n|-boost|p2a: Solgaleo|spa|2|[from] item: Weakness Policy\n|\n|upkeep\n|turn|10\n|\n|t:|1782813290\n|-terastallize|p2a: Solgaleo|Fighting\n|move|p1a: Tornadus|Heat Wave|p2a: Solgaleo\n|-damage|p2a: Solgaleo|14/325\n|move|p2a: Solgaleo|Flame Charge|p1a: Tornadus\n|-damage|p1a: Tornadus|69/254\n|-boost|p2a: Solgaleo|spe|1\n|\n|upkeep\n|turn|11\n|\n|t:|1782813302\n|switch|p1a: Orthworm|Orthworm, L88, M|266/266\n|move|p2a: Solgaleo|Sunsteel Strike|p1a: Orthworm\n|-resisted|p1a: Orthworm\n|-damage|p1a: Orthworm|194/266\n|\n|upkeep\n|turn|12\n|\n|t:|1782813309\n|move|p2a: Solgaleo|Close Combat|p1a: Orthworm\n|-supereffective|p1a: Orthworm\n|-damage|p1a: Orthworm|0 fnt\n|-unboost|p2a: Solgaleo|def|1\n|-unboost|p2a: Solgaleo|spd|1\n|faint|p1a: Orthworm\n|\n|upkeep\n|\n|t:|1782813312\n|switch|p1a: Banette|Banette, L93, F|270/270\n|turn|13\n|\n|t:|1782813319\n|switch|p2a: Masquerain|Masquerain, L87, M|264/264\n|-ability|p2a: Masquerain|Intimidate|boost\n|-unboost|p1a: Banette|atk|1\n|move|p1a: Banette|Shadow Sneak|p2a: Masquerain\n|-damage|p2a: Masquerain|194/264\n|-damage|p1a: Banette|243/270|[from] item: Life Orb\n|\n|upkeep\n|turn|14\n|\n|t:|1782813337\n|switch|p2a: Solgaleo|Solgaleo, L74, tera:Fighting|14/325\n|move|p1a: Banette|Swords Dance|p1a: Banette\n|-boost|p1a: Banette|atk|2\n|\n|upkeep\n|turn|15\n|\n|t:|1782813348\n|move|p1a: Banette|Shadow Sneak|p2a: Solgaleo\n|-damage|p2a: Solgaleo|0 fnt\n|faint|p2a: Solgaleo\n|-damage|p1a: Banette|216/270|[from] item: Life Orb\n|\n|upkeep\n|\n|t:|1782813358\n|switch|p2a: Hitmontop|Hitmontop, L88, M|170/231\n|-ability|p2a: Hitmontop|Intimidate|boost\n|-unboost|p1a: Banette|atk|1\n|turn|16\n|\n|t:|1782813366\n|move|p1a: Banette|Poltergeist|p2a: Hitmontop\n|-activate|p2a: Hitmontop|move: Poltergeist|Assault Vest\n|-damage|p2a: Hitmontop|0 fnt\n|faint|p2a: Hitmontop\n|-damage|p1a: Banette|189/270|[from] item: Life Orb\n|\n|upkeep\n|\n|t:|1782813371\n|switch|p2a: Masquerain|Masquerain, L87, M|194/264\n|-ability|p2a: Masquerain|Intimidate|boost\n|-unboost|p1a: Banette|atk|1\n|turn|17\n|\n|t:|1782813377\n|move|p2a: Masquerain|Hurricane|p1a: Banette\n|-damage|p1a: Banette|45/270\n|move|p1a: Banette|Swords Dance|p1a: Banette\n|-boost|p1a: Banette|atk|2\n|\n|upkeep\n|turn|18\n|\n|t:|1782813383\n|move|p1a: Banette|Shadow Sneak|p2a: Masquerain\n|-damage|p2a: Masquerain|56/264\n|-damage|p1a: Banette|18/270|[from] item: Life Orb\n|move|p2a: Masquerain|Bug Buzz|p1a: Banette\n|-resisted|p1a: Banette\n|-damage|p1a: Banette|0 fnt\n|faint|p1a: Banette\n|\n|upkeep\n|inactive|PikaTru has 120 seconds left.\n|\n|t:|1782813425\n|switch|p1a: Magnezone|Magnezone, L85|258/258\n|turn|19\n|\n|t:|1782813442\n|move|p1a: Magnezone|Thunderbolt|p2a: Masquerain\n|-supereffective|p2a: Masquerain\n|-damage|p2a: Masquerain|0 fnt\n|faint|p2a: Masquerain\n|\n|upkeep\n|\n|t:|1782813447\n|switch|p2a: Fezandipiti|Fezandipiti, L82, M|278/278\n|turn|20\n|\n|t:|1782813464\n|switch|p1a: Tornadus|Tornadus-Therian, L79, M|153/254\n|switch|p2a: Gholdengo|Gholdengo, L77|67/261 brn\n|\n|-heal|p2a: Gholdengo|83/261 brn|[from] item: Leftovers\n|-damage|p2a: Gholdengo|67/261 brn|[from] brn\n|upkeep\n|turn|21\n|\n|t:|1782813471\n|move|p1a: Tornadus|Heat Wave|p2a: Gholdengo\n|-supereffective|p2a: Gholdengo\n|-damage|p2a: Gholdengo|0 fnt\n|faint|p2a: Gholdengo\n|\n|upkeep\n|\n|t:|1782813481\n|switch|p2a: Malamar|Malamar, L82, F|275/275\n|turn|22\n|\n|t:|1782813493\n|switch|p1a: Ogerpon|Ogerpon-Cornerstone, L76, F|247/247\n|move|p2a: Malamar|Superpower|p1a: Ogerpon\n|-supereffective|p1a: Ogerpon\n|-damage|p1a: Ogerpon|59/247\n|-boost|p2a: Malamar|atk|1\n|-boost|p2a: Malamar|def|1\n|\n|upkeep\n|turn|23\n|\n|t:|1782813508\n|move|p1a: Ogerpon|Ivy Cudgel|p2a: Malamar|[anim] Ivy Cudgel Rock\n|-damage|p2a: Malamar|191/275\n|move|p2a: Malamar|Superpower|p1a: Ogerpon\n|-supereffective|p1a: Ogerpon\n|-damage|p1a: Ogerpon|0 fnt\n|-boost|p2a: Malamar|atk|1\n|-boost|p2a: Malamar|def|1\n|faint|p1a: Ogerpon\n|\n|-heal|p2a: Malamar|208/275|[from] item: Leftovers\n|upkeep\n|\n|t:|1782813518\n|switch|p1a: Tornadus|Tornadus-Therian, L79, M|237/254\n|turn|24\n|\n|t:|1782813536\n|move|p1a: Tornadus|Bleakwind Storm|p2a: Malamar\n|-damage|p2a: Malamar|25/275\n|move|p2a: Malamar|Rest|p2a: Malamar\n|-status|p2a: Malamar|slp|[from] move: Rest\n|-heal|p2a: Malamar|275/275 slp|[silent]\n|\n|upkeep\n|turn|25\n|\n|t:|1782813544\n|move|p1a: Tornadus|Bleakwind Storm|p2a: Malamar\n|-damage|p2a: Malamar|92/275 slp\n|cant|p2a: Malamar|slp\n|move|p2a: Malamar|Sleep Talk|p2a: Malamar\n|move|p2a: Malamar|Rest||[from] move: Sleep Talk|[still]\n|-fail|p2a: Malamar\n|\n|-heal|p2a: Malamar|109/275 slp|[from] item: Leftovers\n|upkeep\n|turn|26\n|\n|t:|1782813553\n|move|p1a: Tornadus|Bleakwind Storm|p2a: Malamar\n|-damage|p2a: Malamar|0 fnt\n|faint|p2a: Malamar\n|\n|upkeep\n|-message|Foster The Sheeple forfeited.\n|\n|win|PikaTru\n|raw|PikaTru's rating: 1981 &rarr; <strong>2001</strong><br />(+20 for winning)\n|raw|Foster The Sheeple's rating: 1982 &rarr; <strong>1962</strong><br />(-20 for losing)\n", "inputlog": ">version f8ac14003a5f27e1bdc8d8c59608a773c1cb96e5\n>start {\"formatid\":\"gen9randombattle\",\"seed\":\"sodium,2469be082b2f9142c4652e6d9b93657e\",\"rated\":\"Rated battle\"}\n>player p1 {\"name\":\"PikaTru\",\"avatar\":\"101\",\"rating\":1981,\"seed\":\"sodium,02eb38f91c448fa0ccefc126c3de40d5\"}\n>player p2 {\"name\":\"Foster The Sheeple\",\"avatar\":\"dancer\",\"rating\":1982,\"seed\":\"sodium,7c49a924367e9deec6fb76342fb8d823\"}\n>p1 switch 6\n>p2 move makeitrain\n>p1 switch 4\n>p2 switch 6\n>p1 switch 4\n>p2 move rapidspin\n>p1 move bleakwindstorm\n>p2 switch 6\n>p1 switch 4\n>p2 move recover\n>p1 move thunderbolt\n>p2 switch 6\n>p1 switch 4\n>p2 move closecombat\n>p1 move heatwave\n>p2 switch 6\n>p1 move heatwave\n>p2 switch 5\n>p1 move heatwave\n>p2 move flamecharge terastallize\n>p1 switch 5\n>p2 move sunsteelstrike\n>p1 move bodypress\n>p2 move closecombat\n>p1 switch 2\n>p1 move shadowsneak\n>p2 switch 2\n>p1 move swordsdance\n>p2 switch 2\n>p1 move shadowsneak\n>p2 move sunsteelstrike\n>p2 switch 6\n>p1 move poltergeist\n>p2 move earthquake\n>p2 switch 2\n>p1 move swordsdance\n>p2 move hurricane\n>p1 move shadowsneak\n>p2 move bugbuzz\n>p1 switch 4\n>p1 move thunderbolt\n>p2 move hydropump\n>p2 switch 3\n>p1 switch 5\n>p2 switch 5\n>p1 move heatwave\n>p2 move recover\n>p2 switch 4\n>p1 switch 6\n>p2 move superpower\n>p1 move ivycudgel\n>p2 move superpower\n>p1 switch 6\n>p1 move bleakwindstorm\n>p2 move rest\n>p1 move bleakwindstorm\n>p2 move sleeptalk\n>p1 move bleakwindstorm\n>p2 move sleeptalk\n>forcelose p2", "uploadtime": 1782813158, "views": 4, "formatid": "gen9randombattle", "rating": 1962, "private": 0, "password": null, "player_dets": [{"name": "PikaTru", "avatar": "101", "rating": 1981, "seed": "sodium,02eb38f91c448fa0ccefc126c3de40d5"}, {"name": "Foster The Sheeple", "avatar": "dancer", "rating": 1982, "seed": "sodium,7c49a924367e9deec6fb76342fb8d823"}], "teams_full": [{"Ogerpon": {"name": "Ogerpon", "species": "Ogerpon-Cornerstone", "speciesId": "ogerponcornerstone", "gender": "F", "shiny": false, "level": 76, "moves": ["encore", "synthesis", "powerwhip", "ivycudgel"], "ability": "Sturdy", "evs": {"hp": 85, "atk": 85, "def": 85, "spa": 85, "spd": 85, "spe": 85}, "ivs": {"hp": 31, "atk": 31, "def": 31, "spa": 31, "spd": 31, "spe": 31}, "item": "Cornerstone Mask", "teraType": "Rock", "role": "Bulky Attacker", "bvs": {"hp": 80, "atk": 120, "def": 84, "spa": 60, "spd": 96, "spe": 110}, "stats": {"hp": 247, "atk": 226, "def": 172, "spa": 135, "spd": 190, "spe": 211}, "types": ["Grass", "Rock"]}, "Banette": {"name": "Banette", "species": "Banette", "speciesId": "banette", "gender": "F", "shiny": false, "level": 93, "moves": ["shadowsneak", "gunkshot", "poltergeist", "swordsdance"], "ability": "Insomnia", "evs": {"hp": 85, "atk": 85, "def": 85, "spa": 85, "spd": 85, "spe": 85}, "ivs": {"hp": 31, "atk": 31, "def": 31, "spa": 31, "spd": 31, "spe": 31}, "item": "Life Orb", "teraType": "Poison", "role": "Wallbreaker", "bvs": {"hp": 64, "atk": 115, "def": 65, "spa": 83, "spd": 63, "spe": 65}, "stats": {"hp": 270, "atk": 267, "def": 174, "spa": 207, "spd": 170, "spe": 174}, "types": ["Ghost"]}, "Blastoise": {"name": "Blastoise", "species": "Blastoise", "speciesId": "blastoise", "gender": "M", "shiny": false, "level": 80, "moves": ["hydropump", "shellsmash", "icebeam", "earthquake"], "ability": "Torrent", "evs": {"hp": 85, "atk": 85, "def": 85, "spa": 85, "spd": 85, "spe": 85}, "ivs": {"hp": 31, "atk": 31, "def": 31, "spa": 31, "spd": 31, "spe": 31}, "item": "White Herb", "teraType": "Steel", "role": "Setup Sweeper", "bvs": {"hp": 79, "atk": 83, "def": 100, "spa": 85, "spd": 105, "spe": 78}, "stats": {"hp": 258, "atk": 179, "def": 206, "spa": 182, "spd": 214, "spe": 171}, "types": ["Water"]}, "Magnezone": {"name": "Magnezone", "species": "Magnezone", "speciesId": "magnezone", "gender": "N", "shiny": false, "level": 85, "moves": ["flashcannon", "voltswitch", "thunderbolt", "bodypress"], "ability": "Magnet Pull", "evs": {"hp": 85, "atk": 0, "def": 85, "spa": 85, "spd": 85, "spe": 85}, "ivs": {"hp": 31, "atk": 0, "def": 31, "spa": 31, "spd": 31, "spe": 31}, "item": "Choice Scarf", "teraType": "Fighting", "role": "Fast Attacker", "bvs": {"hp": 70, "atk": 70, "def": 115, "spa": 130, "spd": 90, "spe": 60}, "stats": {"hp": 258, "atk": 124, "def": 244, "spa": 270, "spd": 202, "spe": 151}, "types": ["Electric", "Steel"]}, "Orthworm": {"name": "Orthworm", "species": "Orthworm", "speciesId": "orthworm", "gender": "M", "shiny": false, "level": 88, "moves": ["coil", "rest", "irontail", "bodypress"], "ability": "Earth Eater", "evs": {"hp": 85, "atk": 85, "def": 85, "spa": 85, "spd": 85, "spe": 85}, "ivs": {"hp": 31, "atk": 31, "def": 31, "spa": 31, "spd": 31, "spe": 31}, "item": "Chesto Berry", "teraType": "Electric", "role": "Bulky Setup", "bvs": {"hp": 70, "atk": 85, "def": 145, "spa": 60, "spd": 55, "spe": 65}, "stats": {"hp": 266, "atk": 200, "def": 305, "spa": 156, "spd": 147, "spe": 165}, "types": ["Steel"]}, "Tornadus": {"name": "Tornadus", "species": "Tornadus-Therian", "speciesId": "tornadustherian", "gender": "M", "shiny": false, "level": 79, "moves": ["heatwave", "grassknot", "focusblast", "bleakwindstorm"], "ability": "Regenerator", "evs": {"hp": 85, "atk": 0, "def": 85, "spa": 85, "spd": 85, "spe": 85}, "ivs": {"hp": 31, "atk": 0, "def": 31, "spa": 31, "spd": 31, "spe": 31}, "item": "Choice Specs", "teraType": "Flying", "role": "Fast Attacker", "bvs": {"hp": 79, "atk": 100, "def": 80, "spa": 110, "spd": 90, "spe": 121}, "stats": {"hp": 254, "atk": 163, "def": 172, "spa": 219, "spd": 188, "spe": 237}, "types": ["Flying"]}}, {"Gholdengo": {"name": "Gholdengo", "species": "Gholdengo", "speciesId": "gholdengo", "gender": "N", "shiny": false, "level": 77, "moves": ["shadowball", "makeitrain", "recover", "nastyplot"], "ability": "Good as Gold", "evs": {"hp": 85, "atk": 0, "def": 85, "spa": 85, "spd": 85, "spe": 85}, "ivs": {"hp": 31, "atk": 0, "def": 31, "spa": 31, "spd": 31, "spe": 31}, "item": "Leftovers", "teraType": "Steel", "role": "Bulky Support", "bvs": {"hp": 87, "atk": 60, "def": 95, "spa": 133, "spd": 91, "spe": 84}, "stats": {"hp": 261, "atk": 97, "def": 191, "spa": 249, "spd": 185, "spe": 174}, "types": ["Steel", "Ghost"]}, "Masquerain": {"name": "Masquerain", "species": "Masquerain", "speciesId": "masquerain", "gender": "M", "shiny": false, "level": 87, "moves": ["quiverdance", "hurricane", "bugbuzz", "hydropump"], "ability": "Intimidate", "evs": {"hp": 85, "atk": 0, "def": 85, "spa": 85, "spd": 85, "spe": 85}, "ivs": {"hp": 31, "atk": 0, "def": 31, "spa": 31, "spd": 31, "spe": 31}, "item": "Heavy-Duty Boots", "teraType": "Water", "role": "Setup Sweeper", "bvs": {"hp": 70, "atk": 60, "def": 62, "spa": 100, "spd": 82, "spe": 80}, "stats": {"hp": 264, "atk": 109, "def": 158, "spa": 224, "spd": 192, "spe": 189}, "types": ["Bug", "Flying"]}, "Fezandipiti": {"name": "Fezandipiti", "species": "Fezandipiti", "speciesId": "fezandipiti", "gender": "M", "shiny": false, "level": 82, "moves": ["gunkshot", "playrough", "terablast", "swordsdance"], "ability": "Toxic Chain", "evs": {"hp": 85, "atk": 85, "def": 85, "spa": 85, "spd": 85, "spe": 85}, "ivs": {"hp": 31, "atk": 31, "def": 31, "spa": 31, "spd": 31, "spe": 31}, "item": "Leftovers", "teraType": "Ground", "role": "Tera Blast user", "bvs": {"hp": 88, "atk": 91, "def": 82, "spa": 70, "spd": 125, "spe": 99}, "stats": {"hp": 278, "atk": 196, "def": 182, "spa": 162, "spd": 252, "spe": 210}, "types": ["Poison", "Fairy"]}, "Malamar": {"name": "Malamar", "species": "Malamar", "speciesId": "malamar", "gender": "F", "shiny": false, "level": 82, "moves": ["sleeptalk", "knockoff", "superpower", "rest"], "ability": "Contrary", "evs": {"hp": 85, "atk": 85, "def": 85, "spa": 85, "spd": 85, "spe": 85}, "ivs": {"hp": 31, "atk": 31, "def": 31, "spa": 31, "spd": 31, "spe": 31}, "item": "Leftovers", "teraType": "Poison", "role": "Bulky Setup", "bvs": {"hp": 86, "atk": 92, "def": 88, "spa": 68, "spd": 75, "spe": 73}, "stats": {"hp": 275, "atk": 198, "def": 191, "spa": 159, "spd": 170, "spe": 167}, "types": ["Dark", "Psychic"]}, "Solgaleo": {"name": "Solgaleo", "species": "Solgaleo", "speciesId": "solgaleo", "gender": "N", "shiny": false, "level": 74, "moves": ["psychic", "closecombat", "flamecharge", "sunsteelstrike"], "ability": "Full Metal Body", "evs": {"hp": 85, "atk": 85, "def": 85, "spa": 85, "spd": 85, "spe": 85}, "ivs": {"hp": 31, "atk": 31, "def": 31, "spa": 31, "spd": 31, "spe": 31}, "item": "Weakness Policy", "teraType": "Fighting", "role": "Bulky Setup", "bvs": {"hp": 137, "atk": 137, "def": 107, "spa": 113, "spd": 89, "spe": 97}, "stats": {"hp": 325, "atk": 246, "def": 201, "spa": 210, "spd": 175, "spe": 187}, "types": ["Psychic", "Steel"]}, "Hitmontop": {"name": "Hitmontop", "species": "Hitmontop", "speciesId": "hitmontop", "gender": "M", "shiny": false, "level": 88, "moves": ["rapidspin", "earthquake", "closecombat", "suckerpunch"], "ability": "Intimidate", "evs": {"hp": 85, "atk": 85, "def": 85, "spa": 85, "spd": 85, "spe": 85}, "ivs": {"hp": 31, "atk": 31, "def": 31, "spa": 31, "spd": 31, "spe": 31}, "item": "Assault Vest", "teraType": "Steel", "role": "Bulky Support", "bvs": {"hp": 50, "atk": 95, "def": 95, "spa": 35, "spd": 110, "spe": 70}, "stats": {"hp": 231, "atk": 217, "def": 217, "spa": 112, "spd": 244, "spe": 173}, "types": ["Fighting"]}}]}