{"id": "gen9randombattle-2641261301", "format": "[Gen 9] Random Battle", "players": ["skippyjonez", "notmetbh102"], "log": "|badge|p1|bronze|gen9randombattle|100-9\n|html|<div class=\"broadcast-red\"><strong>This battle is required to be public due to one or more player having a season medal.</strong><br />During the public phase, you can discuss the state of the ladder <a href=\"/seasondiscussion\">in a special chatroom.</a></div>\n|uhtml|medal-msg|<div class=\"broadcast-blue\">Curious what those medals under the avatar are? PS now has Ladder Seasons! For more information, check out the <a href=\"https://www.smogon.com/forums/threads/3740067/\">thread on Smogon.</a></div>\n|badge|p2|bronze|gen9randombattle|100-9\n|uhtml|medal-msg|<div class=\"broadcast-blue\">Curious what those medals under the avatar are? PS now has Ladder Seasons! For more information, check out the <a href=\"https://www.smogon.com/forums/threads/3740067/\">thread on Smogon.</a></div>\n|j|\u2606skippyjonez\n|j|\u2606notmetbh102\n|t:|1782760469\n|gametype|singles\n|player|p1|skippyjonez|cameraman|2273\n|player|p2|notmetbh102|2|2250\n|gen|9\n|tier|[Gen 9] Random Battle\n|rated|\n|rule|Species Clause: Limit one of each Pok\u00e9mon\n|rule|HP Percentage Mod: HP is shown in percentages\n|rule|Sleep Clause Mod: Limit one foe put to sleep\n|rule|Illusion Level Mod: Illusion disguises the Pok\u00e9mon's true level\n|\n|t:|1782760469\n|teamsize|p1|6\n|teamsize|p2|6\n|start\n|switch|p1a: Vigoroth|Vigoroth, L85, M|275/275\n|switch|p2a: Groudon|Groudon, L72|263/263\n|-weather|SunnyDay|[from] ability: Drought|[of] p2a: Groudon\n|turn|1\n|inactive|Battle timer is ON: inactive players will automatically lose when time's up. (requested by notmetbh102)\n|c|\u2606notmetbh102|hf\n|\n|t:|1782760483\n|move|p1a: Vigoroth|Body Slam|p2a: Groudon\n|-damage|p2a: Groudon|203/263\n|move|p2a: Groudon|Stealth Rock|p1a: Vigoroth\n|-sidestart|p1: skippyjonez|move: Stealth Rock\n|\n|-weather|SunnyDay|[upkeep]\n|-heal|p2a: Groudon|219/263|[from] item: Leftovers\n|upkeep\n|turn|2\n|\n|t:|1782760488\n|move|p1a: Vigoroth|Body Slam|p2a: Groudon\n|-damage|p2a: Groudon|158/263\n|move|p2a: Groudon|Spikes|p1a: Vigoroth\n|-sidestart|p1: skippyjonez|Spikes\n|\n|-weather|SunnyDay|[upkeep]\n|-heal|p2a: Groudon|174/263|[from] item: Leftovers\n|upkeep\n|turn|3\n|\n|t:|1782760490\n|move|p1a: Vigoroth|Bulk Up|p1a: Vigoroth\n|-boost|p1a: Vigoroth|atk|1\n|-boost|p1a: Vigoroth|def|1\n|move|p2a: Groudon|Spikes|p1a: Vigoroth\n|-sidestart|p1: skippyjonez|Spikes\n|\n|-weather|SunnyDay|[upkeep]\n|-heal|p2a: Groudon|190/263|[from] item: Leftovers\n|upkeep\n|turn|4\n|\n|t:|1782760493\n|switch|p2a: Reuniclus|Reuniclus, L88, M|337/337\n|move|p1a: Vigoroth|Body Slam|p2a: Reuniclus\n|-damage|p2a: Reuniclus|202/337\n|-status|p2a: Reuniclus|par\n|\n|-weather|SunnyDay|[upkeep]\n|upkeep\n|turn|5\n|\n|t:|1782760499\n|move|p1a: Vigoroth|Body Slam|p2a: Reuniclus\n|-damage|p2a: Reuniclus|75/337 par\n|move|p2a: Reuniclus|Focus Blast|p1a: Vigoroth\n|-supereffective|p1a: Vigoroth\n|-damage|p1a: Vigoroth|0 fnt\n|faint|p1a: Vigoroth\n|\n|-weather|none\n|upkeep\n|\n|t:|1782760506\n|switch|p1a: Squawkabilly|Squawkabilly-Blue, L85, M|278/278\n|-damage|p1a: Squawkabilly|209/278|[from] Stealth Rock\n|turn|6\n|\n|t:|1782760510\n|switch|p2a: Klawf|Klawf, L90, F|272/272\n|move|p1a: Squawkabilly|Facade|p2a: Klawf\n|-resisted|p2a: Klawf\n|-damage|p2a: Klawf|241/272\n|\n|-status|p1a: Squawkabilly|brn|[from] item: Flame Orb\n|upkeep\n|turn|7\n|\n|t:|1782760516\n|switch|p2a: Swanna|Swanna, L89, M|278/278\n|move|p1a: Squawkabilly|U-turn|p2a: Swanna\n|-resisted|p2a: Swanna\n|-damage|p2a: Swanna|231/278\n|\n|t:|1782760525\n|switch|p1a: Eternatus|Eternatus, L69|308/308|[from] U-turn\n|-damage|p1a: Eternatus|270/308|[from] Stealth Rock\n|-damage|p1a: Eternatus|219/308|[from] Spikes\n|-ability|p1a: Eternatus|Pressure\n|\n|-heal|p1a: Eternatus|238/308|[from] item: Leftovers\n|upkeep\n|turn|8\n|\n|t:|1782760526\n|move|p2a: Swanna|Brave Bird|p1a: Eternatus\n|-damage|p1a: Eternatus|100/308\n|-damage|p2a: Swanna|185/278|[from] Recoil\n|move|p1a: Eternatus|Toxic Spikes|p2a: Swanna\n|-sidestart|p2: notmetbh102|move: Toxic Spikes\n|\n|-heal|p1a: Eternatus|119/308|[from] item: Leftovers\n|upkeep\n|turn|9\n|\n|t:|1782760536\n|switch|p1a: Duraludon|Duraludon, L82, F|249/249\n|-damage|p1a: Duraludon|234/249|[from] Stealth Rock\n|-damage|p1a: Duraludon|193/249|[from] Spikes\n|move|p2a: Swanna|Brave Bird|p1a: Duraludon\n|-resisted|p1a: Duraludon\n|-damage|p1a: Duraludon|159/249\n|-damage|p2a: Swanna|174/278|[from] Recoil\n|\n|upkeep\n|turn|10\n|\n|t:|1782760540\n|move|p2a: Swanna|Roost|p2a: Swanna\n|-heal|p2a: Swanna|278/278\n|-singleturn|p2a: Swanna|move: Roost\n|move|p1a: Duraludon|Iron Defense|p1a: Duraludon\n|-boost|p1a: Duraludon|def|2\n|\n|upkeep\n|turn|11\n|\n|t:|1782760547\n|move|p2a: Swanna|Knock Off|p1a: Duraludon\n|-damage|p1a: Duraludon|141/249\n|-enditem|p1a: Duraludon|Eviolite|[from] move: Knock Off|[of] p2a: Swanna\n|move|p1a: Duraludon|Iron Defense|p1a: Duraludon\n|-boost|p1a: Duraludon|def|2\n|\n|upkeep\n|turn|12\n|\n|t:|1782760553\n|move|p2a: Swanna|Hydro Pump|p1a: Duraludon\n|-resisted|p1a: Duraludon\n|-damage|p1a: Duraludon|54/249\n|move|p1a: Duraludon|Body Press|p2a: Swanna\n|-resisted|p2a: Swanna\n|-damage|p2a: Swanna|159/278\n|\n|upkeep\n|turn|13\n|\n|t:|1782760556\n|move|p2a: Swanna|Hydro Pump|p1a: Duraludon|[miss]\n|-miss|p2a: Swanna|p1a: Duraludon\n|move|p1a: Duraludon|Draco Meteor|p2a: Swanna\n|-damage|p2a: Swanna|0 fnt\n|-unboost|p1a: Duraludon|spa|2\n|faint|p2a: Swanna\n|\n|upkeep\n|\n|t:|1782760557\n|switch|p2a: Forretress|Forretress, L84, M|263/263\n|turn|14\n|\n|t:|1782760564\n|move|p1a: Duraludon|Body Press|p2a: Forretress\n|-damage|p2a: Forretress|125/263\n|move|p2a: Forretress|Thunder Wave|p1a: Duraludon\n|-status|p1a: Duraludon|par\n|\n|-heal|p2a: Forretress|141/263|[from] item: Leftovers\n|upkeep\n|turn|15\n|\n|t:|1782760567\n|move|p2a: Forretress|Rapid Spin|p1a: Duraludon\n|-resisted|p1a: Duraludon\n|-damage|p1a: Duraludon|49/249 par\n|-boost|p2a: Forretress|spe|1\n|-sideend|p2: notmetbh102|Toxic Spikes|[from] move: Rapid Spin|[of] p2a: Forretress\n|move|p1a: Duraludon|Body Press|p2a: Forretress\n|-damage|p2a: Forretress|16/263\n|\n|-heal|p2a: Forretress|32/263|[from] item: Leftovers\n|upkeep\n|turn|16\n|\n|t:|1782760571\n|move|p2a: Forretress|Spikes|p1a: Duraludon\n|-sidestart|p1: skippyjonez|Spikes\n|move|p1a: Duraludon|Body Press|p2a: Forretress\n|-damage|p2a: Forretress|0 fnt\n|faint|p2a: Forretress\n|\n|upkeep\n|\n|t:|1782760572\n|switch|p2a: Groudon|Groudon, L72|190/263\n|-weather|SunnyDay|[from] ability: Drought|[of] p2a: Groudon\n|turn|17\n|\n|t:|1782760577\n|move|p2a: Groudon|Precipice Blades|p1a: Duraludon\n|-supereffective|p1a: Duraludon\n|-damage|p1a: Duraludon|0 fnt\n|faint|p1a: Duraludon\n|\n|-weather|SunnyDay|[upkeep]\n|-heal|p2a: Groudon|206/263|[from] item: Leftovers\n|upkeep\n|\n|t:|1782760584\n|switch|p1a: Squawkabilly|Squawkabilly-Blue, L85, M|209/278 brn\n|-damage|p1a: Squawkabilly|140/278 brn|[from] Stealth Rock\n|turn|18\n|\n|t:|1782760587\n|move|p1a: Squawkabilly|Facade|p2a: Groudon\n|-damage|p2a: Groudon|16/263\n|move|p2a: Groudon|Heat Crash|p1a: Squawkabilly\n|-damage|p1a: Squawkabilly|0 fnt\n|faint|p1a: Squawkabilly\n|\n|-weather|SunnyDay|[upkeep]\n|-heal|p2a: Groudon|32/263|[from] item: Leftovers\n|upkeep\n|\n|t:|1782760592\n|switch|p1a: Eternatus|Eternatus, L69|119/308\n|-damage|p1a: Eternatus|81/308|[from] Stealth Rock\n|-damage|p1a: Eternatus|4/308|[from] Spikes\n|-ability|p1a: Eternatus|Pressure\n|turn|19\n|\n|t:|1782760598\n|move|p1a: Eternatus|Flamethrower|p2a: Groudon\n|-damage|p2a: Groudon|0 fnt\n|faint|p2a: Groudon\n|\n|-weather|SunnyDay|[upkeep]\n|-heal|p1a: Eternatus|23/308|[from] item: Leftovers\n|upkeep\n|\n|t:|1782760598\n|switch|p2a: Klawf|Klawf, L90, F|241/272\n|turn|20\n|\n|t:|1782760606\n|move|p1a: Eternatus|Toxic Spikes|p2a: Klawf\n|-sidestart|p2: notmetbh102|move: Toxic Spikes\n|move|p2a: Klawf|Knock Off|p1a: Eternatus\n|-damage|p1a: Eternatus|0 fnt\n|-enditem|p1a: Eternatus|Leftovers|[from] move: Knock Off|[of] p2a: Klawf\n|faint|p1a: Eternatus\n|\n|-weather|SunnyDay|[upkeep]\n|upkeep\n|\n|t:|1782760614\n|switch|p1a: Samurott|Samurott, L88, M|310/310\n|-damage|p1a: Samurott|272/310|[from] Stealth Rock\n|-damage|p1a: Samurott|195/310|[from] Spikes\n|turn|21\n|\n|t:|1782760621\n|-terastallize|p2a: Klawf|Dark\n|move|p2a: Klawf|Swords Dance|p2a: Klawf\n|-boost|p2a: Klawf|atk|2\n|move|p1a: Samurott|Knock Off|p2a: Klawf\n|-resisted|p2a: Klawf\n|-damage|p2a: Klawf|210/272\n|-enditem|p2a: Klawf|Scope Lens|[from] move: Knock Off|[of] p1a: Samurott\n|\n|-weather|none\n|upkeep\n|turn|22\n|\n|t:|1782760636\n|move|p2a: Klawf|Knock Off|p1a: Samurott\n|-crit|p1a: Samurott\n|-damage|p1a: Samurott|0 fnt\n|-enditem|p1a: Samurott|Assault Vest|[from] move: Knock Off|[of] p2a: Klawf\n|faint|p1a: Samurott\n|\n|upkeep\n|\n|t:|1782760638\n|switch|p1a: Vileplume|Vileplume, L85, F|266/266\n|-damage|p1a: Vileplume|233/266|[from] Stealth Rock\n|-damage|p1a: Vileplume|167/266|[from] Spikes\n|turn|23\n|\n|t:|1782760643\n|move|p2a: Klawf|Knock Off|p1a: Vileplume\n|-damage|p1a: Vileplume|0 fnt\n|-enditem|p1a: Vileplume|Leftovers|[from] move: Knock Off|[of] p2a: Klawf\n|faint|p1a: Vileplume\n|\n|win|notmetbh102\n|raw|skippyjonez's rating: 2273 &rarr; <strong>2252</strong><br />(-21 for losing)\n|raw|notmetbh102's rating: 2250 &rarr; <strong>2271</strong><br />(+21 for winning)\n|c|\u2606notmetbh102|gg\n", "inputlog": ">version f8ac14003a5f27e1bdc8d8c59608a773c1cb96e5\n>start {\"formatid\":\"gen9randombattle\",\"seed\":\"sodium,3310856af660358a0f71b3f2402e451c\",\"rated\":\"Rated battle\"}\n>player p1 {\"name\":\"skippyjonez\",\"avatar\":\"cameraman\",\"rating\":2273,\"seed\":\"sodium,3de892a26e3b6863ff3d647faf2266be\"}\n>player p2 {\"name\":\"notmetbh102\",\"avatar\":\"2\",\"rating\":2250,\"seed\":\"sodium,ba876659a39be9dbb6ec958383f92ad3\"}\n>chat \u2606notmetbh102|hf\n>p1 move bodyslam\n>p2 move stealthrock\n>p1 move bodyslam\n>p2 move spikes\n>p1 move bulkup\n>p2 move spikes\n>p1 move bodyslam\n>p2 switch 4\n>p1 move bodyslam\n>p2 move focusblast\n>p1 switch 3\n>p1 move facade\n>p2 switch 5\n>p1 move uturn\n>p2 switch 6\n>p1 switch 5\n>p1 move toxicspikes\n>p2 move bravebird\n>p1 switch 2\n>p2 move bravebird\n>p1 move irondefense\n>p2 move roost\n>p1 move irondefense\n>p2 move knockoff\n>p1 move bodypress\n>p2 move hydropump\n>p1 move dracometeor\n>p2 move hydropump\n>p2 switch 3\n>p1 move bodypress\n>p2 move thunderwave\n>p1 move bodypress\n>p2 move rapidspin\n>p1 move bodypress\n>p2 move spikes\n>p2 switch 4\n>p1 move bodypress\n>p2 move precipiceblades\n>p1 switch 5\n>p1 move facade\n>p2 move heatcrash\n>p1 switch 2\n>p1 move flamethrower\n>p2 move precipiceblades\n>p2 switch 6\n>p1 move toxicspikes\n>p2 move knockoff\n>p1 switch 6\n>p1 move knockoff\n>p2 move swordsdance terastallize\n>p1 move hydropump\n>p2 move knockoff\n>p1 switch 4\n>p1 move strengthsap\n>p2 move knockoff", "uploadtime": 1782760644, "views": 9, "formatid": "gen9randombattle", "rating": 2252, "private": 0, "password": null, "player_dets": [{"name": "skippyjonez", "avatar": "cameraman", "rating": 2273, "seed": "sodium,3de892a26e3b6863ff3d647faf2266be"}, {"name": "notmetbh102", "avatar": "2", "rating": 2250, "seed": "sodium,ba876659a39be9dbb6ec958383f92ad3"}], "teams_full": [{"Vigoroth": {"name": "Vigoroth", "species": "Vigoroth", "speciesId": "vigoroth", "gender": "M", "shiny": false, "level": 85, "moves": ["earthquake", "bodyslam", "bulkup", "slackoff"], "ability": "Vital Spirit", "evs": {"hp": 85, "atk": 85, "def": 85, "spa": 85, "spd": 85, "spe": 85}, "ivs": {"hp": 31, "atk": 31, "def": 31, "spa": 31, "spd": 31, "spe": 31}, "item": "Eviolite", "teraType": "Ground", "role": "Bulky Attacker", "bvs": {"hp": 80, "atk": 80, "def": 80, "spa": 55, "spd": 55, "spe": 90}, "stats": {"hp": 275, "atk": 185, "def": 185, "spa": 142, "spd": 142, "spe": 202}, "types": ["Normal"]}, "Duraludon": {"name": "Duraludon", "species": "Duraludon", "speciesId": "duraludon", "gender": "F", "shiny": false, "level": 82, "moves": ["bodypress", "flashcannon", "dracometeor", "irondefense"], "ability": "Light Metal", "evs": {"hp": 85, "atk": 0, "def": 85, "spa": 85, "spd": 85, "spe": 85}, "ivs": {"hp": 31, "atk": 0, "def": 31, "spa": 31, "spd": 31, "spe": 31}, "item": "Eviolite", "teraType": "Fighting", "role": "Bulky Attacker", "bvs": {"hp": 70, "atk": 95, "def": 115, "spa": 120, "spd": 50, "spe": 85}, "stats": {"hp": 249, "atk": 160, "def": 236, "spa": 244, "spd": 129, "spe": 187}, "types": ["Steel", "Dragon"]}, "Squawkabilly": {"name": "Squawkabilly", "species": "Squawkabilly-Blue", "speciesId": "squawkabillyblue", "gender": "M", "shiny": false, "level": 85, "moves": ["uturn", "facade", "bravebird", "quickattack"], "ability": "Guts", "evs": {"hp": 85, "atk": 85, "def": 85, "spa": 85, "spd": 85, "spe": 85}, "ivs": {"hp": 31, "atk": 31, "def": 31, "spa": 31, "spd": 31, "spe": 31}, "item": "Flame Orb", "teraType": "Normal", "role": "Wallbreaker", "bvs": {"hp": 82, "atk": 96, "def": 51, "spa": 45, "spd": 51, "spe": 92}, "stats": {"hp": 278, "atk": 212, "def": 135, "spa": 125, "spd": 135, "spe": 205}, "types": ["Normal", "Flying"]}, "Vileplume": {"name": "Vileplume", "species": "Vileplume", "speciesId": "vileplume", "gender": "F", "shiny": false, "level": 85, "moves": ["sleeppowder", "strengthsap", "sludgebomb", "gigadrain"], "ability": "Effect Spore", "evs": {"hp": 85, "atk": 0, "def": 85, "spa": 85, "spd": 85, "spe": 85}, "ivs": {"hp": 31, "atk": 0, "def": 31, "spa": 31, "spd": 31, "spe": 31}, "item": "Leftovers", "teraType": "Water", "role": "Bulky Attacker", "bvs": {"hp": 75, "atk": 80, "def": 85, "spa": 110, "spd": 90, "spe": 50}, "stats": {"hp": 266, "atk": 141, "def": 193, "spa": 236, "spd": 202, "spe": 134}, "types": ["Grass", "Poison"]}, "Eternatus": {"name": "Eternatus", "species": "Eternatus", "speciesId": "eternatus", "gender": "N", "shiny": false, "level": 69, "moves": ["toxicspikes", "flamethrower", "dynamaxcannon", "recover"], "ability": "Pressure", "evs": {"hp": 85, "atk": 0, "def": 85, "spa": 85, "spd": 85, "spe": 85}, "ivs": {"hp": 31, "atk": 0, "def": 31, "spa": 31, "spd": 31, "spe": 31}, "item": "Leftovers", "teraType": "Dragon", "role": "Bulky Support", "bvs": {"hp": 140, "atk": 85, "def": 95, "spa": 145, "spd": 95, "spe": 130}, "stats": {"hp": 308, "atk": 122, "def": 171, "spa": 240, "spd": 171, "spe": 220}, "types": ["Poison", "Dragon"]}, "Samurott": {"name": "Samurott", "species": "Samurott", "speciesId": "samurott", "gender": "M", "shiny": false, "level": 88, "moves": ["grassknot", "icebeam", "hydropump", "knockoff"], "ability": "Torrent", "evs": {"hp": 85, "atk": 85, "def": 85, "spa": 85, "spd": 85, "spe": 85}, "ivs": {"hp": 31, "atk": 31, "def": 31, "spa": 31, "spd": 31, "spe": 31}, "item": "Assault Vest", "teraType": "Grass", "role": "AV Pivot", "bvs": {"hp": 95, "atk": 100, "def": 85, "spa": 108, "spd": 70, "spe": 70}, "stats": {"hp": 310, "atk": 226, "def": 200, "spa": 240, "spd": 173, "spe": 173}, "types": ["Water"]}}, {"Groudon": {"name": "Groudon", "species": "Groudon", "speciesId": "groudon", "gender": "N", "shiny": false, "level": 72, "moves": ["heatcrash", "spikes", "precipiceblades", "stealthrock"], "ability": "Drought", "evs": {"hp": 85, "atk": 85, "def": 85, "spa": 85, "spd": 85, "spe": 85}, "ivs": {"hp": 31, "atk": 31, "def": 31, "spa": 31, "spd": 31, "spe": 31}, "item": "Leftovers", "teraType": "Fire", "role": "Bulky Attacker", "bvs": {"hp": 100, "atk": 150, "def": 140, "spa": 100, "spd": 90, "spe": 90}, "stats": {"hp": 263, "atk": 258, "def": 244, "spa": 186, "spd": 172, "spe": 172}, "types": ["Ground"]}, "Coalossal": {"name": "Coalossal", "species": "Coalossal", "speciesId": "coalossal", "gender": "M", "shiny": false, "level": 89, "moves": ["stoneedge", "willowisp", "rapidspin", "flamethrower"], "ability": "Flame Body", "evs": {"hp": 85, "atk": 85, "def": 85, "spa": 85, "spd": 85, "spe": 85}, "ivs": {"hp": 31, "atk": 31, "def": 31, "spa": 31, "spd": 31, "spe": 31}, "item": "Heavy-Duty Boots", "teraType": "Grass", "role": "Bulky Support", "bvs": {"hp": 110, "atk": 80, "def": 120, "spa": 80, "spd": 90, "spe": 30}, "stats": {"hp": 341, "atk": 193, "def": 264, "spa": 193, "spd": 211, "spe": 104}, "types": ["Rock", "Fire"]}, "Forretress": {"name": "Forretress", "species": "Forretress", "speciesId": "forretress", "gender": "M", "shiny": false, "level": 84, "moves": ["ironhead", "rapidspin", "spikes", "thunderwave"], "ability": "Sturdy", "evs": {"hp": 85, "atk": 85, "def": 85, "spa": 85, "spd": 85, "spe": 85}, "ivs": {"hp": 31, "atk": 31, "def": 31, "spa": 31, "spd": 31, "spe": 31}, "item": "Leftovers", "teraType": "Water", "role": "Bulky Support", "bvs": {"hp": 75, "atk": 90, "def": 140, "spa": 60, "spd": 60, "spe": 40}, "stats": {"hp": 263, "atk": 199, "def": 283, "spa": 149, "spd": 149, "spe": 115}, "types": ["Bug", "Steel"]}, "Reuniclus": {"name": "Reuniclus", "species": "Reuniclus", "speciesId": "reuniclus", "gender": "M", "shiny": false, "level": 88, "moves": ["psychic", "calmmind", "focusblast", "recover"], "ability": "Magic Guard", "evs": {"hp": 85, "atk": 0, "def": 85, "spa": 85, "spd": 85, "spe": 85}, "ivs": {"hp": 31, "atk": 0, "def": 31, "spa": 31, "spd": 31, "spe": 31}, "item": "Life Orb", "teraType": "Steel", "role": "Bulky Setup", "bvs": {"hp": 110, "atk": 65, "def": 75, "spa": 125, "spd": 85, "spe": 30}, "stats": {"hp": 337, "atk": 119, "def": 182, "spa": 270, "spd": 200, "spe": 103}, "types": ["Psychic"]}, "Klawf": {"name": "Klawf", "species": "Klawf", "speciesId": "klawf", "gender": "F", "shiny": false, "level": 90, "moves": ["knockoff", "swordsdance", "stoneedge", "highhorsepower"], "ability": "Anger Shell", "evs": {"hp": 85, "atk": 85, "def": 85, "spa": 85, "spd": 85, "spe": 85}, "ivs": {"hp": 31, "atk": 31, "def": 31, "spa": 31, "spd": 31, "spe": 31}, "item": "Scope Lens", "teraType": "Dark", "role": "Setup Sweeper", "bvs": {"hp": 70, "atk": 100, "def": 115, "spa": 35, "spd": 55, "spe": 75}, "stats": {"hp": 272, "atk": 231, "def": 258, "spa": 114, "spd": 150, "spe": 186}, "types": ["Rock"]}, "Swanna": {"name": "Swanna", "species": "Swanna", "speciesId": "swanna", "gender": "M", "shiny": false, "level": 89, "moves": ["bravebird", "roost", "hydropump", "knockoff"], "ability": "Hydration", "evs": {"hp": 85, "atk": 85, "def": 85, "spa": 85, "spd": 85, "spe": 85}, "ivs": {"hp": 31, "atk": 31, "def": 31, "spa": 31, "spd": 31, "spe": 31}, "item": "Heavy-Duty Boots", "teraType": "Ground", "role": "Bulky Support", "bvs": {"hp": 75, "atk": 87, "def": 63, "spa": 87, "spd": 63, "spe": 98}, "stats": {"hp": 278, "atk": 206, "def": 163, "spa": 206, "spd": 163, "spe": 225}, "types": ["Water", "Flying"]}}]}