{"id": "gen9randombattle-2641560461", "format": "[Gen 9] Random Battle", "players": ["Priyonto", "dirtydaz"], "log": "|j|\u2606Priyonto\n|j|\u2606dirtydaz\n|t:|1782808166\n|gametype|singles\n|player|p1|Priyonto|nate|1936\n|player|p2|dirtydaz|1|1970\n|gen|9\n|tier|[Gen 9] Random Battle\n|rated|\n|rule|Species Clause: Limit one of each Pok\u00e9mon\n|rule|HP Percentage Mod: HP is shown in percentages\n|rule|Sleep Clause Mod: Limit one foe put to sleep\n|rule|Illusion Level Mod: Illusion disguises the Pok\u00e9mon's true level\n|\n|t:|1782808166\n|teamsize|p1|6\n|teamsize|p2|6\n|start\n|switch|p1a: Tsareena|Tsareena, L87, F|267/267\n|switch|p2a: Sableye|Sableye, L88, M|231/231\n|turn|1\n|inactive|Battle timer is ON: inactive players will automatically lose when time's up. (requested by dirtydaz)\n|\n|t:|1782808179\n|move|p2a: Sableye|Thunder Wave||[still]\n|cant|p1a: Tsareena|ability: Queenly Majesty|Thunder Wave|[of] p2a: Sableye\n|move|p1a: Tsareena|Power Whip|p2a: Sableye|[miss]\n|-miss|p1a: Tsareena|p2a: Sableye\n|\n|upkeep\n|turn|2\n|\n|t:|1782808184\n|move|p1a: Tsareena|Power Whip|p2a: Sableye\n|-damage|p2a: Sableye|0 fnt\n|faint|p2a: Sableye\n|\n|upkeep\n|\n|t:|1782808200\n|switch|p2a: Tauros|Tauros-Paldea-Blaze, L81, M|252/252\n|turn|3\n|\n|t:|1782808217\n|switch|p1a: Ursaring|Ursaring, L84, M|288/288\n|move|p2a: Tauros|Bulk Up|p2a: Tauros\n|-boost|p2a: Tauros|atk|1\n|-boost|p2a: Tauros|def|1\n|\n|-status|p1a: Ursaring|tox|[from] item: Toxic Orb\n|upkeep\n|turn|4\n|\n|t:|1782808233\n|move|p1a: Ursaring|Facade|p2a: Tauros\n|-damage|p2a: Tauros|143/252\n|move|p2a: Tauros|Substitute|p2a: Tauros\n|-start|p2a: Tauros|Substitute\n|-damage|p2a: Tauros|80/252\n|-enditem|p2a: Tauros|Sitrus Berry|[eat]\n|-heal|p2a: Tauros|143/252|[from] item: Sitrus Berry\n|\n|-damage|p1a: Ursaring|270/288 tox|[from] psn\n|upkeep\n|turn|5\n|\n|t:|1782808255\n|move|p1a: Ursaring|Facade|p2a: Tauros\n|-end|p2a: Tauros|Substitute\n|move|p2a: Tauros|Close Combat|p1a: Ursaring\n|-supereffective|p1a: Ursaring\n|-crit|p1a: Ursaring\n|-damage|p1a: Ursaring|0 fnt\n|-unboost|p2a: Tauros|def|1\n|-unboost|p2a: Tauros|spd|1\n|faint|p1a: Ursaring\n|\n|-activate|p2a: Tauros|ability: Cud Chew\n|-enditem|p2a: Tauros|Sitrus Berry|[eat]\n|-heal|p2a: Tauros|206/252|[from] item: Sitrus Berry\n|upkeep\n|\n|t:|1782808271\n|switch|p1a: Mienshao|Mienshao, L83, F|244/244\n|turn|6\n|\n|t:|1782808287\n|move|p1a: Mienshao|Fake Out|p2a: Tauros\n|-damage|p2a: Tauros|174/252\n|cant|p2a: Tauros|flinch\n|\n|upkeep\n|turn|7\n|inactive|Priyonto has 120 seconds left.\n|\n|t:|1782808334\n|move|p1a: Mienshao|Close Combat|p2a: Tauros\n|-damage|p2a: Tauros|26/252\n|-unboost|p1a: Mienshao|def|1\n|-unboost|p1a: Mienshao|spd|1\n|move|p2a: Tauros|Close Combat|p1a: Mienshao\n|-damage|p1a: Mienshao|0 fnt\n|-unboost|p2a: Tauros|def|1\n|-unboost|p2a: Tauros|spd|1\n|faint|p1a: Mienshao\n|\n|upkeep\n|\n|t:|1782808344\n|switch|p1a: Scizor|Scizor, L79, M|240/240\n|turn|8\n|\n|t:|1782808350\n|switch|p2a: Mightyena|Mightyena, L96, M|290/290\n|-ability|p2a: Mightyena|Intimidate|boost\n|-unboost|p1a: Scizor|atk|1\n|move|p1a: Scizor|Bullet Punch|p2a: Mightyena\n|-damage|p2a: Mightyena|220/290\n|-damage|p1a: Scizor|216/240|[from] item: Life Orb\n|\n|-heal|p2a: Mightyena|238/290|[from] item: Leftovers\n|upkeep\n|turn|9\n|inactive|Priyonto has 120 seconds left.\n|inactive|Priyonto has 90 seconds left.\n|\n|t:|1782808404\n|move|p2a: Mightyena|Crunch|p1a: Scizor\n|-damage|p1a: Scizor|111/240\n|-unboost|p1a: Scizor|def|1\n|move|p1a: Scizor|Swords Dance|p1a: Scizor\n|-boost|p1a: Scizor|atk|2\n|\n|-heal|p2a: Mightyena|256/290|[from] item: Leftovers\n|upkeep\n|turn|10\n|\n|t:|1782808423\n|move|p2a: Mightyena|Sucker Punch|p1a: Scizor\n|-damage|p1a: Scizor|0 fnt\n|faint|p1a: Scizor\n|\n|-heal|p2a: Mightyena|274/290|[from] item: Leftovers\n|upkeep\n|inactive|Priyonto has 60 seconds left.\n|\n|t:|1782808476\n|switch|p1a: Tsareena|Tsareena, L87, F|267/267\n|turn|11\n|\n|t:|1782808484\n|move|p2a: Mightyena|Poison Fang|p1a: Tsareena\n|-supereffective|p1a: Tsareena\n|-damage|p1a: Tsareena|187/267\n|move|p1a: Tsareena|U-turn|p2a: Mightyena\n|-supereffective|p2a: Mightyena\n|-damage|p2a: Mightyena|78/290\n|\n|t:|1782808492\n|switch|p1a: Lurantis|Lurantis, L87, M|264/264|[from] U-turn\n|\n|-heal|p2a: Mightyena|96/290|[from] item: Leftovers\n|upkeep\n|turn|12\n|\n|t:|1782808502\n|move|p2a: Mightyena|Poison Fang|p1a: Lurantis\n|-supereffective|p1a: Lurantis\n|-damage|p1a: Lurantis|184/264\n|-status|p1a: Lurantis|tox\n|move|p1a: Lurantis|Superpower|p2a: Mightyena\n|-supereffective|p2a: Mightyena\n|-damage|p2a: Mightyena|0 fnt\n|-boost|p1a: Lurantis|atk|1\n|-boost|p1a: Lurantis|def|1\n|faint|p2a: Mightyena\n|\n|-heal|p1a: Lurantis|200/264 tox|[from] item: Leftovers\n|-damage|p1a: Lurantis|184/264 tox|[from] psn\n|upkeep\n|\n|t:|1782808518\n|switch|p2a: Cryogonal|Cryogonal, L89|287/287\n|turn|13\n|inactive|Priyonto has 60 seconds left.\n|inactive|Priyonto has 30 seconds left.\n|inactive|Priyonto has 20 seconds left.\n|inactive|Priyonto has 15 seconds left.\n|\n|t:|1782808571\n|move|p2a: Cryogonal|Freeze-Dry|p1a: Lurantis\n|-supereffective|p1a: Lurantis\n|-damage|p1a: Lurantis|40/264 tox\n|move|p1a: Lurantis|Superpower|p2a: Cryogonal\n|-supereffective|p2a: Cryogonal\n|-damage|p2a: Cryogonal|0 fnt\n|-boost|p1a: Lurantis|atk|1\n|-boost|p1a: Lurantis|def|1\n|faint|p2a: Cryogonal\n|\n|-heal|p1a: Lurantis|56/264 tox|[from] item: Leftovers\n|-damage|p1a: Lurantis|24/264 tox|[from] psn\n|upkeep\n|\n|t:|1782808575\n|switch|p2a: Spectrier|Spectrier, L75|274/274\n|turn|14\n|inactive|Priyonto has 30 seconds left this turn.\n|inactive|Priyonto has 20 seconds left.\n|inactive|Priyonto has 15 seconds left.\n|\n|t:|1782808594\n|move|p2a: Spectrier|Shadow Ball|p1a: Lurantis\n|-damage|p1a: Lurantis|0 fnt\n|faint|p1a: Lurantis\n|-ability|p2a: Spectrier|Grim Neigh|boost\n|-boost|p2a: Spectrier|spa|1\n|-damage|p2a: Spectrier|247/274|[from] item: Life Orb\n|\n|upkeep\n|inactive|Priyonto has 20 seconds left this turn.\n|inactive|Priyonto has 15 seconds left.\n|inactive|Priyonto has 10 seconds left.\n|\n|t:|1782808604\n|switch|p1a: Terapagos|Terapagos, L77, M|265/265\n|-activate|p1a: Terapagos|ability: Tera Shift\n|detailschange|p1a: Terapagos|Terapagos-Terastal, L77, M\n|-heal|p1a: Terapagos|273/273|[silent]\n|turn|15\n|inactive|Priyonto has 20 seconds left this turn.\n|inactive|Priyonto has 15 seconds left.\n|inactive|Priyonto has 10 seconds left.\n|\n|t:|1782808614\n|move|p2a: Spectrier|Tera Blast|p1a: Terapagos\n|-activate|p1a: Terapagos|ability: Tera Shell\n|-resisted|p1a: Terapagos\n|-damage|p1a: Terapagos|221/273\n|-damage|p2a: Spectrier|220/274|[from] item: Life Orb\n|move|p1a: Terapagos|Calm Mind|p1a: Terapagos\n|-boost|p1a: Terapagos|spa|1\n|-boost|p1a: Terapagos|spd|1\n|\n|upkeep\n|turn|16\n|inactive|Priyonto has 20 seconds left this turn.\n|inactive|Priyonto has 15 seconds left.\n|inactive|Priyonto has 10 seconds left.\n|\n|t:|1782808626\n|-terastallize|p2a: Spectrier|Fighting\n|move|p2a: Spectrier|Tera Blast|p1a: Terapagos|[anim] Tera Blast Fighting\n|-supereffective|p1a: Terapagos\n|-damage|p1a: Terapagos|0 fnt\n|faint|p1a: Terapagos\n|-ability|p2a: Spectrier|Grim Neigh|boost\n|-boost|p2a: Spectrier|spa|1\n|-damage|p2a: Spectrier|193/274|[from] item: Life Orb\n|\n|upkeep\n|inactive|Priyonto has 15 seconds left this turn.\n|inactive|Priyonto has 10 seconds left.\n|-message|Priyonto forfeited.\n|\n|win|dirtydaz\n", "inputlog": ">version f8ac14003a5f27e1bdc8d8c59608a773c1cb96e5\n>start {\"formatid\":\"gen9randombattle\",\"seed\":\"sodium,28f1beb5123bca1ff4427ae867099970\",\"rated\":\"Rated battle\"}\n>player p1 {\"name\":\"Priyonto\",\"avatar\":\"nate\",\"rating\":1936,\"seed\":\"sodium,a1b88c2ed389db8df976a4861342f63c\"}\n>player p2 {\"name\":\"dirtydaz\",\"avatar\":\"1\",\"rating\":1970,\"seed\":\"sodium,576f0bf2b7cf5fcce77fcafde01e6862\"}\n>p1 move powerwhip\n>p2 move thunderwave\n>p1 move powerwhip\n>p2 move knockoff\n>p2 switch 5\n>p1 switch 3\n>p2 move bulkup\n>p1 move facade\n>p2 move substitute\n>p1 move facade\n>p2 move closecombat\n>p1 switch 5\n>p1 move fakeout\n>p2 move closecombat\n>p1 move closecombat\n>p2 move closecombat\n>p1 switch 4\n>p1 move bulletpunch\n>p2 switch 6\n>p1 move swordsdance\n>p2 move crunch\n>p1 move bulletpunch\n>p2 move suckerpunch\n>p1 switch 3\n>p1 move uturn\n>p2 move poisonfang\n>p1 switch 2\n>p1 move superpower\n>p2 move poisonfang\n>p2 switch 3\n>p1 move superpower\n>p2 move freezedry\n>p2 switch 2\n>p1 move knockoff\n>p2 move shadowball\n>p1 switch 6\n>p1 move calmmind\n>p2 move terablast\n>p1 move earthpower\n>p2 move terablast terastallize\n>forcelose p1", "uploadtime": 1782808169, "views": 3, "formatid": "gen9randombattle", "rating": null, "private": 0, "password": null, "player_dets": [{"name": "Priyonto", "avatar": "nate", "rating": 1936, "seed": "sodium,a1b88c2ed389db8df976a4861342f63c"}, {"name": "dirtydaz", "avatar": "1", "rating": 1970, "seed": "sodium,576f0bf2b7cf5fcce77fcafde01e6862"}], "teams_full": [{"Tsareena": {"name": "Tsareena", "species": "Tsareena", "speciesId": "tsareena", "gender": "F", "shiny": false, "level": 87, "moves": ["highjumpkick", "uturn", "tripleaxel", "powerwhip"], "ability": "Queenly Majesty", "evs": {"hp": 85, "atk": 85, "def": 85, "spa": 85, "spd": 85, "spe": 85}, "ivs": {"hp": 31, "atk": 31, "def": 31, "spa": 31, "spd": 31, "spe": 31}, "item": "Choice Band", "teraType": "Fighting", "role": "Fast Support", "bvs": {"hp": 72, "atk": 120, "def": 98, "spa": 50, "spd": 98, "spe": 72}, "stats": {"hp": 267, "atk": 259, "def": 220, "spa": 137, "spd": 220, "spe": 175}, "types": ["Grass"]}, "Lurantis": {"name": "Lurantis", "species": "Lurantis", "speciesId": "lurantis", "gender": "M", "shiny": false, "level": 87, "moves": ["knockoff", "leafstorm", "superpower", "synthesis"], "ability": "Contrary", "evs": {"hp": 85, "atk": 85, "def": 85, "spa": 85, "spd": 85, "spe": 85}, "ivs": {"hp": 31, "atk": 31, "def": 31, "spa": 31, "spd": 31, "spe": 31}, "item": "Leftovers", "teraType": "Fighting", "role": "Bulky Attacker", "bvs": {"hp": 70, "atk": 105, "def": 90, "spa": 80, "spd": 90, "spe": 45}, "stats": {"hp": 264, "atk": 232, "def": 206, "spa": 189, "spd": 206, "spe": 128}, "types": ["Grass"]}, "Ursaring": {"name": "Ursaring", "species": "Ursaring", "speciesId": "ursaring", "gender": "M", "shiny": false, "level": 84, "moves": ["closecombat", "swordsdance", "facade", "throatchop"], "ability": "Quick Feet", "evs": {"hp": 85, "atk": 85, "def": 85, "spa": 85, "spd": 85, "spe": 85}, "ivs": {"hp": 31, "atk": 31, "def": 31, "spa": 31, "spd": 31, "spe": 31}, "item": "Toxic Orb", "teraType": "Normal", "role": "Setup Sweeper", "bvs": {"hp": 90, "atk": 130, "def": 75, "spa": 75, "spd": 75, "spe": 55}, "stats": {"hp": 288, "atk": 267, "def": 174, "spa": 174, "spd": 174, "spe": 141}, "types": ["Normal"]}, "Scizor": {"name": "Scizor", "species": "Scizor", "speciesId": "scizor", "gender": "M", "shiny": false, "level": 79, "moves": ["swordsdance", "knockoff", "closecombat", "bulletpunch"], "ability": "Technician", "evs": {"hp": 85, "atk": 85, "def": 85, "spa": 85, "spd": 85, "spe": 85}, "ivs": {"hp": 31, "atk": 31, "def": 31, "spa": 31, "spd": 31, "spe": 31}, "item": "Life Orb", "teraType": "Steel", "role": "Setup Sweeper", "bvs": {"hp": 70, "atk": 130, "def": 100, "spa": 55, "spd": 80, "spe": 65}, "stats": {"hp": 240, "atk": 251, "def": 204, "spa": 132, "spd": 172, "spe": 148}, "types": ["Bug", "Steel"]}, "Mienshao": {"name": "Mienshao", "species": "Mienshao", "speciesId": "mienshao", "gender": "F", "shiny": false, "level": 83, "moves": ["knockoff", "fakeout", "uturn", "closecombat"], "ability": "Regenerator", "evs": {"hp": 85, "atk": 85, "def": 85, "spa": 85, "spd": 85, "spe": 85}, "ivs": {"hp": 31, "atk": 31, "def": 31, "spa": 31, "spd": 31, "spe": 31}, "item": "Assault Vest", "teraType": "Dark", "role": "AV Pivot", "bvs": {"hp": 65, "atk": 125, "def": 60, "spa": 95, "spd": 60, "spe": 105}, "stats": {"hp": 244, "atk": 255, "def": 147, "spa": 205, "spd": 147, "spe": 222}, "types": ["Fighting"]}, "Terapagos": {"name": "Terapagos", "species": "Terapagos", "speciesId": "terapagos", "gender": "M", "shiny": false, "level": 77, "moves": ["rest", "terastarstorm", "calmmind", "earthpower"], "ability": "Tera Shift", "evs": {"hp": 85, "atk": 0, "def": 85, "spa": 85, "spd": 85, "spe": 85}, "ivs": {"hp": 31, "atk": 0, "def": 31, "spa": 31, "spd": 31, "spe": 31}, "item": "Chesto Berry", "teraType": "Stellar", "role": "Fast Bulky Setup", "bvs": {"hp": 90, "atk": 65, "def": 85, "spa": 65, "spd": 85, "spe": 60}, "stats": {"hp": 265, "atk": 105, "def": 175, "spa": 145, "spd": 175, "spe": 137}, "types": ["Normal"]}}, {"Sableye": {"name": "Sableye", "species": "Sableye", "speciesId": "sableye", "gender": "M", "shiny": false, "level": 88, "moves": ["encore", "knockoff", "recover", "thunderwave"], "ability": "Prankster", "evs": {"hp": 85, "atk": 85, "def": 85, "spa": 85, "spd": 85, "spe": 85}, "ivs": {"hp": 31, "atk": 31, "def": 31, "spa": 31, "spd": 31, "spe": 31}, "item": "Leftovers", "teraType": "Steel", "role": "Bulky Support", "bvs": {"hp": 50, "atk": 75, "def": 75, "spa": 65, "spd": 65, "spe": 50}, "stats": {"hp": 231, "atk": 182, "def": 182, "spa": 165, "spd": 165, "spe": 138}, "types": ["Dark", "Ghost"]}, "Spectrier": {"name": "Spectrier", "species": "Spectrier", "speciesId": "spectrier", "gender": "N", "shiny": false, "level": 75, "moves": ["shadowball", "willowisp", "terablast", "nastyplot"], "ability": "Grim Neigh", "evs": {"hp": 85, "atk": 0, "def": 85, "spa": 85, "spd": 85, "spe": 85}, "ivs": {"hp": 31, "atk": 0, "def": 31, "spa": 31, "spd": 31, "spe": 31}, "item": "Life Orb", "teraType": "Fighting", "role": "Tera Blast user", "bvs": {"hp": 100, "atk": 65, "def": 60, "spa": 145, "spd": 80, "spe": 130}, "stats": {"hp": 274, "atk": 102, "def": 134, "spa": 261, "spd": 164, "spe": 239}, "types": ["Ghost"]}, "Cryogonal": {"name": "Cryogonal", "species": "Cryogonal", "speciesId": "cryogonal", "gender": "N", "shiny": false, "level": 89, "moves": ["haze", "freezedry", "recover", "rapidspin"], "ability": "Levitate", "evs": {"hp": 85, "atk": 85, "def": 85, "spa": 85, "spd": 85, "spe": 85}, "ivs": {"hp": 31, "atk": 31, "def": 31, "spa": 31, "spd": 31, "spe": 31}, "item": "Heavy-Duty Boots", "teraType": "Poison", "role": "Bulky Support", "bvs": {"hp": 80, "atk": 50, "def": 50, "spa": 95, "spd": 135, "spe": 105}, "stats": {"hp": 287, "atk": 140, "def": 140, "spa": 220, "spd": 291, "spe": 238}, "types": ["Ice"]}, "Deoxys": {"name": "Deoxys", "species": "Deoxys-Defense", "speciesId": "deoxysdefense", "gender": "N", "shiny": false, "level": 84, "moves": ["knockoff", "recover", "psychicnoise", "stealthrock"], "ability": "Pressure", "evs": {"hp": 85, "atk": 85, "def": 85, "spa": 85, "spd": 85, "spe": 85}, "ivs": {"hp": 31, "atk": 31, "def": 31, "spa": 31, "spd": 31, "spe": 31}, "item": "Rocky Helmet", "teraType": "Fairy", "role": "Bulky Support", "bvs": {"hp": 50, "atk": 70, "def": 160, "spa": 70, "spd": 160, "spe": 90}, "stats": {"hp": 221, "atk": 166, "def": 317, "spa": 166, "spd": 317, "spe": 199}, "types": ["Psychic"]}, "Tauros": {"name": "Tauros", "species": "Tauros-Paldea-Blaze", "speciesId": "taurospaldeablaze", "gender": "M", "shiny": false, "level": 81, "moves": ["ragingbull", "closecombat", "bulkup", "substitute"], "ability": "Cud Chew", "evs": {"hp": 73, "atk": 85, "def": 85, "spa": 85, "spd": 85, "spe": 85}, "ivs": {"hp": 31, "atk": 31, "def": 31, "spa": 31, "spd": 31, "spe": 31}, "item": "Sitrus Berry", "teraType": "Water", "role": "Fast Bulky Setup", "bvs": {"hp": 75, "atk": 110, "def": 105, "spa": 30, "spd": 70, "spe": 100}, "stats": {"hp": 252, "atk": 225, "def": 217, "spa": 95, "spd": 160, "spe": 209}, "types": ["Fighting", "Fire"]}, "Mightyena": {"name": "Mightyena", "species": "Mightyena", "speciesId": "mightyena", "gender": "M", "shiny": false, "level": 96, "moves": ["poisonfang", "suckerpunch", "taunt", "crunch"], "ability": "Intimidate", "evs": {"hp": 85, "atk": 85, "def": 85, "spa": 85, "spd": 85, "spe": 85}, "ivs": {"hp": 31, "atk": 31, "def": 31, "spa": 31, "spd": 31, "spe": 31}, "item": "Leftovers", "teraType": "Poison", "role": "Bulky Attacker", "bvs": {"hp": 70, "atk": 90, "def": 70, "spa": 60, "spd": 60, "spe": 70}, "stats": {"hp": 290, "atk": 227, "def": 189, "spa": 170, "spd": 170, "spe": 189}, "types": ["Dark"]}}]}