{"id": "gen9randombattle-2641572184", "format": "[Gen 9] Random Battle", "players": ["BTS fan forevahh", "masbahlilganteng"], "log": "|j|\u2606BTS fan forevahh\n|j|\u2606masbahlilganteng\n|t:|1782810636\n|gametype|singles\n|player|p1|BTS fan forevahh|170|2057\n|player|p2|masbahlilganteng|hoopster|2093\n|gen|9\n|tier|[Gen 9] Random Battle\n|rated|\n|rule|Species Clause: Limit one of each Pok\u00e9mon\n|rule|HP Percentage Mod: HP is shown in percentages\n|rule|Sleep Clause Mod: Limit one foe put to sleep\n|rule|Illusion Level Mod: Illusion disguises the Pok\u00e9mon's true level\n|\n|t:|1782810636\n|teamsize|p1|6\n|teamsize|p2|6\n|start\n|switch|p1a: Furret|Furret, L94, F|312/312\n|switch|p2a: Tatsugiri|Tatsugiri, L87, F|260/260\n|-item|p2a: Tatsugiri|Heavy-Duty Boots|[from] ability: Frisk|[of] p1a: Furret\n|turn|1\n|inactive|Battle timer is ON: inactive players will automatically lose when time's up. (requested by masbahlilganteng)\n|inactive|BTS fan forevahh has 120 seconds left.\n|\n|t:|1782810669\n|switch|p1a: Pachirisu|Pachirisu, L96, M|271/271\n|switch|p2a: Registeel|Registeel, L81|262/262\n|\n|upkeep\n|turn|2\n|\n|t:|1782810685\n|move|p1a: Pachirisu|Nuzzle|p2a: Registeel\n|-damage|p2a: Registeel|250/262\n|-status|p2a: Registeel|par\n|cant|p2a: Registeel|par\n|\n|upkeep\n|turn|3\n|\n|t:|1782810707\n|move|p1a: Pachirisu|Super Fang|p2a: Registeel\n|-damage|p2a: Registeel|125/262 par\n|move|p2a: Registeel|Iron Defense|p2a: Registeel\n|-boost|p2a: Registeel|def|2\n|\n|upkeep\n|turn|4\n|\n|t:|1782810726\n|switch|p1a: Tinkaton|Tinkaton, L82, F|274/274\n|-ability|p1a: Tinkaton|Mold Breaker\n|cant|p2a: Registeel|par\n|\n|upkeep\n|turn|5\n|\n|t:|1782810732\n|move|p1a: Tinkaton|Encore|p2a: Registeel\n|-start|p2a: Registeel|Encore\n|move|p2a: Registeel|Iron Defense|p2a: Registeel\n|-boost|p2a: Registeel|def|2\n|\n|upkeep\n|turn|6\n|\n|t:|1782810740\n|move|p1a: Tinkaton|Stealth Rock|p2a: Registeel\n|-sidestart|p2: masbahlilganteng|move: Stealth Rock\n|cant|p2a: Registeel|par\n|\n|upkeep\n|turn|7\n|\n|t:|1782810747\n|move|p1a: Tinkaton|Play Rough|p2a: Registeel\n|-resisted|p2a: Registeel\n|-damage|p2a: Registeel|117/262 par\n|-unboost|p2a: Registeel|atk|1\n|move|p2a: Registeel|Iron Defense|p2a: Registeel\n|-boost|p2a: Registeel|def|2\n|\n|-end|p2a: Registeel|Encore\n|upkeep\n|turn|8\n|\n|t:|1782810751\n|move|p1a: Tinkaton|Encore|p2a: Registeel\n|-start|p2a: Registeel|Encore\n|move|p2a: Registeel|Iron Defense|p2a: Registeel\n|-boost|p2a: Registeel|def|0\n|\n|upkeep\n|turn|9\n|\n|t:|1782810761\n|switch|p1a: Urshifu|Urshifu, L74, F|270/270\n|move|p2a: Registeel|Iron Defense|p2a: Registeel\n|-boost|p2a: Registeel|def|0\n|\n|upkeep\n|turn|10\n|\n|t:|1782810766\n|switch|p2a: Weezing|Weezing-Galar, L86, F|252/252\n|-damage|p2a: Weezing|221/252|[from] Stealth Rock\n|move|p1a: Urshifu|Wicked Blow|p2a: Weezing\n|-resisted|p2a: Weezing\n|-crit|p2a: Weezing\n|-damage|p2a: Weezing|157/252\n|\n|-heal|p2a: Weezing|172/252|[from] item: Leftovers\n|upkeep\n|turn|11\n|\n|t:|1782810775\n|switch|p1a: Pachirisu|Pachirisu, L96, M|271/271\n|move|p2a: Weezing|Will-O-Wisp|p1a: Pachirisu\n|-status|p1a: Pachirisu|brn\n|\n|-heal|p2a: Weezing|187/252|[from] item: Leftovers\n|-damage|p1a: Pachirisu|255/271 brn|[from] brn\n|upkeep\n|turn|12\n|\n|t:|1782810781\n|switch|p2a: Registeel|Registeel, L81|117/262 par\n|-damage|p2a: Registeel|101/262 par|[from] Stealth Rock\n|move|p1a: Pachirisu|Thunderbolt|p2a: Registeel\n|-damage|p2a: Registeel|47/262 par\n|\n|-damage|p1a: Pachirisu|239/271 brn|[from] brn\n|upkeep\n|turn|13\n|\n|t:|1782810789\n|switch|p2a: Iron Treads|Iron Treads, L77|265/265\n|-damage|p2a: Iron Treads|257/265|[from] Stealth Rock\n|move|p1a: Pachirisu|Thunderbolt|p2a: Iron Treads\n|-immune|p2a: Iron Treads\n|\n|-damage|p1a: Pachirisu|223/271 brn|[from] brn\n|upkeep\n|turn|14\n|\n|t:|1782810796\n|move|p1a: Pachirisu|U-turn|p2a: Iron Treads\n|-resisted|p2a: Iron Treads\n|-damage|p2a: Iron Treads|250/265\n|\n|t:|1782810802\n|switch|p1a: Lilligant|Lilligant, L86, F|261/261|[from] U-turn\n|move|p2a: Iron Treads|Knock Off|p1a: Lilligant\n|-damage|p1a: Lilligant|195/261\n|-enditem|p1a: Lilligant|Life Orb|[from] move: Knock Off|[of] p2a: Iron Treads\n|\n|upkeep\n|turn|15\n|\n|t:|1782810813\n|move|p2a: Iron Treads|Volt Switch|p1a: Lilligant\n|-resisted|p1a: Lilligant\n|-damage|p1a: Lilligant|176/261\n|\n|t:|1782810817\n|-end|p2a: Iron Treads|Quark Drive|[silent]\n|switch|p2a: Registeel|Registeel, L81|47/262 par|[from] Volt Switch\n|-damage|p2a: Registeel|31/262 par|[from] Stealth Rock\n|move|p1a: Lilligant|Quiver Dance|p1a: Lilligant\n|-boost|p1a: Lilligant|spa|1\n|-boost|p1a: Lilligant|spd|1\n|-boost|p1a: Lilligant|spe|1\n|\n|upkeep\n|turn|16\n|\n|t:|1782810821\n|move|p1a: Lilligant|Alluring Voice|p2a: Registeel\n|-resisted|p2a: Registeel\n|-damage|p2a: Registeel|0 fnt\n|faint|p2a: Registeel\n|\n|upkeep\n|\n|t:|1782810828\n|switch|p2a: Weezing|Weezing-Galar, L86, F|187/252\n|-damage|p2a: Weezing|156/252|[from] Stealth Rock\n|turn|17\n|\n|t:|1782810836\n|move|p1a: Lilligant|Sleep Powder|p2a: Weezing\n|-status|p2a: Weezing|slp|[from] move: Sleep Powder\n|cant|p2a: Weezing|slp\n|\n|-heal|p2a: Weezing|171/252 slp|[from] item: Leftovers\n|upkeep\n|turn|18\n|\n|t:|1782810852\n|switch|p1a: Pachirisu|Pachirisu, L96, M|223/271 brn\n|cant|p2a: Weezing|slp\n|\n|-heal|p2a: Weezing|186/252 slp|[from] item: Leftovers\n|-damage|p1a: Pachirisu|207/271 brn|[from] brn\n|upkeep\n|turn|19\n|inactive|masbahlilganteng has 120 seconds left.\n|\n|t:|1782810882\n|switch|p2a: Iron Treads|Iron Treads, L77|250/265\n|-damage|p2a: Iron Treads|242/265|[from] Stealth Rock\n|move|p1a: Pachirisu|U-turn|p2a: Iron Treads\n|-resisted|p2a: Iron Treads\n|-damage|p2a: Iron Treads|235/265\n|\n|t:|1782810890\n|switch|p1a: Infernape|Infernape, L82, F|259/259|[from] U-turn\n|\n|upkeep\n|turn|20\n|\n|t:|1782810909\n|-end|p2a: Iron Treads|Quark Drive|[silent]\n|switch|p2a: Weezing|Weezing-Galar, L86, F|186/252 slp\n|-damage|p2a: Weezing|155/252 slp|[from] Stealth Rock\n|move|p1a: Infernape|Flare Blitz|p2a: Weezing\n|-damage|p2a: Weezing|59/252 slp\n|-damage|p1a: Infernape|227/259|[from] Recoil\n|\n|-heal|p2a: Weezing|74/252 slp|[from] item: Leftovers\n|upkeep\n|turn|21\n|\n|t:|1782810917\n|switch|p2a: Tatsugiri|Tatsugiri, L87, F|260/260\n|move|p1a: Infernape|Flare Blitz|p2a: Tatsugiri\n|-resisted|p2a: Tatsugiri\n|-damage|p2a: Tatsugiri|218/260\n|-damage|p1a: Infernape|213/259|[from] Recoil\n|\n|upkeep\n|turn|22\n|\n|t:|1782810928\n|switch|p1a: Tinkaton|Tinkaton, L82, F|274/274\n|-ability|p1a: Tinkaton|Mold Breaker\n|move|p2a: Tatsugiri|Rapid Spin|p1a: Tinkaton\n|-resisted|p1a: Tinkaton\n|-damage|p1a: Tinkaton|260/274\n|-boost|p2a: Tatsugiri|spe|1\n|-sideend|p2: masbahlilganteng|Stealth Rock|[from] move: Rapid Spin|[of] p2a: Tatsugiri\n|\n|-heal|p1a: Tinkaton|274/274|[from] item: Leftovers\n|upkeep\n|turn|23\n|\n|t:|1782810938\n|move|p2a: Tatsugiri|Surf|p1a: Tinkaton\n|-damage|p1a: Tinkaton|168/274\n|move|p1a: Tinkaton|Play Rough|p2a: Tatsugiri\n|-supereffective|p2a: Tatsugiri\n|-damage|p2a: Tatsugiri|36/260\n|\n|-heal|p1a: Tinkaton|185/274|[from] item: Leftovers\n|upkeep\n|turn|24\n|\n|t:|1782810949\n|move|p2a: Tatsugiri|Surf|p1a: Tinkaton\n|-damage|p1a: Tinkaton|70/274\n|move|p1a: Tinkaton|Gigaton Hammer|p2a: Tatsugiri\n|-resisted|p2a: Tatsugiri\n|-damage|p2a: Tatsugiri|0 fnt\n|faint|p2a: Tatsugiri\n|\n|-heal|p1a: Tinkaton|87/274|[from] item: Leftovers\n|upkeep\n|\n|t:|1782810956\n|switch|p2a: Iron Treads|Iron Treads, L77|235/265\n|turn|25\n|\n|t:|1782810966\n|move|p2a: Iron Treads|Earthquake|p1a: Tinkaton\n|-supereffective|p1a: Tinkaton\n|-damage|p1a: Tinkaton|0 fnt\n|faint|p1a: Tinkaton\n|\n|upkeep\n|\n|t:|1782810981\n|switch|p1a: Furret|Furret, L94, F|312/312\n|-item|p2a: Iron Treads|Assault Vest|[from] ability: Frisk|[of] p1a: Furret\n|turn|26\n|\n|t:|1782810992\n|move|p1a: Furret|Brick Break|p2a: Iron Treads\n|-supereffective|p2a: Iron Treads\n|-damage|p2a: Iron Treads|118/265\n|-damage|p1a: Furret|281/312|[from] item: Life Orb\n|move|p2a: Iron Treads|Earthquake|p1a: Furret\n|-damage|p1a: Furret|161/312\n|\n|upkeep\n|turn|27\n|\n|t:|1782811001\n|-end|p2a: Iron Treads|Quark Drive|[silent]\n|switch|p2a: Weezing|Weezing-Galar, L86, F|74/252 slp\n|move|p1a: Furret|Tidy Up|p1a: Furret\n|-boost|p1a: Furret|atk|1\n|-boost|p1a: Furret|spe|1\n|\n|-heal|p2a: Weezing|89/252 slp|[from] item: Leftovers\n|upkeep\n|turn|28\n|\n|t:|1782811007\n|move|p1a: Furret|Double-Edge|p2a: Weezing\n|-damage|p2a: Weezing|0 fnt\n|faint|p2a: Weezing\n|-damage|p1a: Furret|132/312|[from] Recoil\n|-damage|p1a: Furret|101/312|[from] item: Life Orb\n|\n|upkeep\n|inactive|masbahlilganteng has 120 seconds left.\n|\n|t:|1782811037\n|switch|p2a: Rayquaza|Rayquaza, L72|270/270\n|-ability|p2a: Rayquaza|Air Lock\n|turn|29\n|\n|t:|1782811048\n|switch|p2a: Iron Treads|Iron Treads, L77|118/265\n|-terastallize|p1a: Furret|Normal\n|move|p1a: Furret|Double-Edge|p2a: Iron Treads\n|-resisted|p2a: Iron Treads\n|-damage|p2a: Iron Treads|0 fnt\n|faint|p2a: Iron Treads\n|-end|p2a: Iron Treads|Quark Drive|[silent]\n|-damage|p1a: Furret|62/312|[from] Recoil\n|-damage|p1a: Furret|31/312|[from] item: Life Orb\n|\n|upkeep\n|\n|t:|1782811056\n|switch|p2a: Arceus|Arceus-Ground, L70|284/284\n|turn|30\n|\n|t:|1782811061\n|move|p2a: Arceus|Extreme Speed|p1a: Furret\n|-damage|p1a: Furret|0 fnt\n|faint|p1a: Furret\n|\n|upkeep\n|\n|t:|1782811070\n|switch|p1a: Lilligant|Lilligant, L86, F|176/261\n|turn|31\n|inactive|masbahlilganteng has 120 seconds left.\n|inactive|masbahlilganteng has 90 seconds left.\n|inactive|BTS fan forevahh has 120 seconds left.\n|inactive|masbahlilganteng has 60 seconds left.\n|inactive|masbahlilganteng has 30 seconds left.\n|inactive|masbahlilganteng has 20 seconds left.\n|\n|t:|1782811203\n|-terastallize|p2a: Arceus|Normal\n|move|p2a: Arceus|Extreme Speed|p1a: Lilligant\n|-damage|p1a: Lilligant|94/261\n|move|p1a: Lilligant|Sleep Powder|p2a: Arceus\n|-status|p2a: Arceus|slp|[from] move: Sleep Powder\n|\n|upkeep\n|turn|32\n|inactive|masbahlilganteng has 30 seconds left this turn.\n|\n|t:|1782811221\n|cant|p2a: Arceus|slp\n|move|p1a: Lilligant|Quiver Dance|p1a: Lilligant\n|-boost|p1a: Lilligant|spa|1\n|-boost|p1a: Lilligant|spd|1\n|-boost|p1a: Lilligant|spe|1\n|\n|upkeep\n|turn|33\n|inactive|masbahlilganteng has 30 seconds left.\n|\n|t:|1782811232\n|move|p1a: Lilligant|Petal Dance|p2a: Arceus\n|-damage|p2a: Arceus|77/284 slp\n|-curestatus|p2a: Arceus|slp|[msg]\n|move|p2a: Arceus|Swords Dance|p2a: Arceus\n|-boost|p2a: Arceus|atk|2\n|\n|upkeep\n|turn|34\n|inactive|masbahlilganteng has 30 seconds left.\n|\n|t:|1782811239\n|move|p2a: Arceus|Extreme Speed|p1a: Lilligant\n|-damage|p1a: Lilligant|0 fnt\n|faint|p1a: Lilligant\n|\n|upkeep\n|\n|t:|1782811241\n|switch|p1a: Urshifu|Urshifu, L74, F|270/270\n|turn|35\n|\n|t:|1782811251\n|move|p2a: Arceus|Swords Dance|p2a: Arceus\n|-boost|p2a: Arceus|atk|2\n|move|p1a: Urshifu|Wicked Blow|p2a: Arceus\n|-crit|p2a: Arceus\n|-damage|p2a: Arceus|0 fnt\n|faint|p2a: Arceus\n|\n|upkeep\n|\n|t:|1782811254\n|switch|p2a: Rayquaza|Rayquaza, L72|270/270\n|-ability|p2a: Rayquaza|Air Lock\n|turn|36\n|\n|t:|1782811259\n|move|p1a: Urshifu|Wicked Blow|p2a: Rayquaza\n|-crit|p2a: Rayquaza\n|-damage|p2a: Rayquaza|77/270\n|move|p2a: Rayquaza|Scale Shot|p1a: Urshifu\n|-damage|p1a: Urshifu|240/270\n|-damage|p1a: Urshifu|212/270\n|-crit|p1a: Urshifu\n|-damage|p1a: Urshifu|167/270\n|-damage|p1a: Urshifu|137/270\n|-damage|p1a: Urshifu|104/270\n|-hitcount|p1a: Urshifu|5\n|-unboost|p2a: Rayquaza|def|1\n|-boost|p2a: Rayquaza|spe|1\n|\n|upkeep\n|turn|37\n|inactive|masbahlilganteng has 60 seconds left.\n|\n|t:|1782811271\n|move|p2a: Rayquaza|Dragon Ascent|p1a: Urshifu\n|-supereffective|p1a: Urshifu\n|-damage|p1a: Urshifu|0 fnt\n|-unboost|p2a: Rayquaza|def|1\n|-unboost|p2a: Rayquaza|spd|1\n|faint|p1a: Urshifu\n|\n|upkeep\n|\n|t:|1782811278\n|switch|p1a: Infernape|Infernape, L82, F|213/259\n|turn|38\n|\n|t:|1782811282\n|move|p1a: Infernape|Flare Blitz|p2a: Rayquaza\n|-resisted|p2a: Rayquaza\n|-damage|p2a: Rayquaza|0 fnt\n|faint|p2a: Rayquaza\n|-damage|p1a: Infernape|188/259|[from] Recoil\n|\n|win|BTS fan forevahh\n", "inputlog": ">version f8ac14003a5f27e1bdc8d8c59608a773c1cb96e5\n>start {\"formatid\":\"gen9randombattle\",\"seed\":\"sodium,4abe0529f6ca1e33bfb9febfc1fef47c\",\"rated\":\"Rated battle\"}\n>player p1 {\"name\":\"BTS fan forevahh\",\"avatar\":\"170\",\"rating\":2057,\"seed\":\"sodium,a3e8d53c96cd3fbdc2222e12501bedd7\"}\n>player p2 {\"name\":\"masbahlilganteng\",\"avatar\":\"hoopster\",\"rating\":2093,\"seed\":\"sodium,66ae93894c40e0122f610969a627616a\"}\n>p1 switch 6\n>p2 switch 4\n>p1 move nuzzle\n>p2 move irondefense\n>p1 move superfang\n>p2 move irondefense\n>p1 switch 4\n>p2 move bodypress\n>p1 move encore\n>p2 move rest\n>p1 move stealthrock\n>p2 move irondefense\n>p1 move playrough\n>p2 move irondefense\n>p1 move encore\n>p2 move rest\n>p1 switch 3\n>p2 move irondefense\n>p1 move wickedblow\n>p2 switch 6\n>p1 switch 4\n>p2 move willowisp\n>p1 move thunderbolt\n>p2 switch 6\n>p1 move thunderbolt\n>p2 switch 2\n>p1 move uturn\n>p2 move knockoff\n>p1 switch 2\n>p1 move quiverdance\n>p2 move voltswitch\n>p2 switch 2\n>p1 move alluringvoice\n>p2 move rest\n>p2 switch 6\n>p1 move sleeppowder\n>p2 move strangesteam\n>p1 switch 2\n>p2 move strangesteam\n>p1 move uturn\n>p2 switch 2\n>p1 switch 5\n>p1 move flareblitz\n>p2 switch 2\n>p1 move flareblitz\n>p2 switch 4\n>p1 switch 3\n>p2 move rapidspin\n>p1 move playrough\n>p2 move surf\n>p1 move gigatonhammer\n>p2 move surf\n>p2 switch 2\n>p1 move stealthrock\n>p2 move earthquake\n>p1 switch 6\n>p1 move brickbreak\n>p2 move earthquake\n>p1 move tidyup\n>p2 switch 4\n>p1 move doubleedge\n>p2 move willowisp\n>p2 switch 3\n>p1 move doubleedge terastallize\n>p2 switch 4\n>p2 switch 5\n>p1 move doubleedge\n>p2 move extremespeed\n>p1 switch 2\n>p1 move sleeppowder\n>p2 move extremespeed terastallize\n>p1 move quiverdance\n>p2 move swordsdance\n>p1 move petaldance\n>p2 move swordsdance\n>p1 move petaldance\n>p2 move extremespeed\n>p1 switch 4\n>p1 move wickedblow\n>p2 move swordsdance\n>p2 switch 4\n>p1 move wickedblow\n>p2 move scaleshot\n>p1 move wickedblow\n>p2 move dragonascent\n>p1 switch 3\n>p1 move flareblitz\n>p2 move dragonascent", "uploadtime": 1782810640, "views": 6, "formatid": "gen9randombattle", "rating": null, "private": 0, "password": null, "player_dets": [{"name": "BTS fan forevahh", "avatar": "170", "rating": 2057, "seed": "sodium,a3e8d53c96cd3fbdc2222e12501bedd7"}, {"name": "masbahlilganteng", "avatar": "hoopster", "rating": 2093, "seed": "sodium,66ae93894c40e0122f610969a627616a"}], "teams_full": [{"Furret": {"name": "Furret", "species": "Furret", "speciesId": "furret", "gender": "F", "shiny": false, "level": 94, "moves": ["doubleedge", "brickbreak", "tidyup", "knockoff"], "ability": "Frisk", "evs": {"hp": 85, "atk": 85, "def": 85, "spa": 85, "spd": 85, "spe": 85}, "ivs": {"hp": 31, "atk": 31, "def": 31, "spa": 31, "spd": 31, "spe": 31}, "item": "Life Orb", "teraType": "Normal", "role": "Setup Sweeper", "bvs": {"hp": 85, "atk": 76, "def": 64, "spa": 45, "spd": 55, "spe": 90}, "stats": {"hp": 312, "atk": 196, "def": 174, "spa": 138, "spd": 157, "spe": 223}, "types": ["Normal"]}, "Lilligant": {"name": "Lilligant", "species": "Lilligant", "speciesId": "lilligant", "gender": "F", "shiny": false, "level": 86, "moves": ["petaldance", "sleeppowder", "quiverdance", "alluringvoice"], "ability": "Own Tempo", "evs": {"hp": 85, "atk": 0, "def": 85, "spa": 85, "spd": 85, "spe": 85}, "ivs": {"hp": 31, "atk": 0, "def": 31, "spa": 31, "spd": 31, "spe": 31}, "item": "Life Orb", "teraType": "Fairy", "role": "Setup Sweeper", "bvs": {"hp": 70, "atk": 60, "def": 75, "spa": 110, "spd": 75, "spe": 90}, "stats": {"hp": 261, "atk": 108, "def": 178, "spa": 238, "spd": 178, "spe": 204}, "types": ["Grass"]}, "Urshifu": {"name": "Urshifu", "species": "Urshifu", "speciesId": "urshifu", "gender": "F", "shiny": false, "level": 74, "moves": ["uturn", "wickedblow", "poisonjab", "closecombat"], "ability": "Unseen Fist", "evs": {"hp": 85, "atk": 85, "def": 85, "spa": 85, "spd": 85, "spe": 85}, "ivs": {"hp": 31, "atk": 31, "def": 31, "spa": 31, "spd": 31, "spe": 31}, "item": "Choice Band", "teraType": "Fighting", "role": "Fast Attacker", "bvs": {"hp": 100, "atk": 130, "def": 100, "spa": 63, "spd": 60, "spe": 97}, "stats": {"hp": 270, "atk": 235, "def": 191, "spa": 136, "spd": 132, "spe": 187}, "types": ["Fighting", "Dark"]}, "Tinkaton": {"name": "Tinkaton", "species": "Tinkaton", "speciesId": "tinkaton", "gender": "F", "shiny": false, "level": 82, "moves": ["playrough", "encore", "stealthrock", "gigatonhammer"], "ability": "Mold Breaker", "evs": {"hp": 85, "atk": 85, "def": 85, "spa": 85, "spd": 85, "spe": 85}, "ivs": {"hp": 31, "atk": 31, "def": 31, "spa": 31, "spd": 31, "spe": 31}, "item": "Leftovers", "teraType": "Water", "role": "Bulky Attacker", "bvs": {"hp": 85, "atk": 75, "def": 77, "spa": 70, "spd": 105, "spe": 94}, "stats": {"hp": 274, "atk": 170, "def": 173, "spa": 162, "spd": 219, "spe": 201}, "types": ["Fairy", "Steel"]}, "Infernape": {"name": "Infernape", "species": "Infernape", "speciesId": "infernape", "gender": "F", "shiny": false, "level": 82, "moves": ["closecombat", "knockoff", "flareblitz", "stoneedge"], "ability": "Blaze", "evs": {"hp": 85, "atk": 85, "def": 85, "spa": 85, "spd": 85, "spe": 85}, "ivs": {"hp": 31, "atk": 31, "def": 31, "spa": 31, "spd": 31, "spe": 31}, "item": "Choice Scarf", "teraType": "Fire", "role": "Fast Support", "bvs": {"hp": 76, "atk": 104, "def": 71, "spa": 104, "spd": 71, "spe": 108}, "stats": {"hp": 259, "atk": 218, "def": 164, "spa": 218, "spd": 164, "spe": 224}, "types": ["Fire", "Fighting"]}, "Pachirisu": {"name": "Pachirisu", "species": "Pachirisu", "speciesId": "pachirisu", "gender": "M", "shiny": false, "level": 96, "moves": ["thunderbolt", "nuzzle", "superfang", "uturn"], "ability": "Volt Absorb", "evs": {"hp": 85, "atk": 85, "def": 85, "spa": 85, "spd": 85, "spe": 85}, "ivs": {"hp": 31, "atk": 31, "def": 31, "spa": 31, "spd": 31, "spe": 31}, "item": "Assault Vest", "teraType": "Flying", "role": "AV Pivot", "bvs": {"hp": 60, "atk": 45, "def": 70, "spa": 45, "spd": 90, "spe": 95}, "stats": {"hp": 271, "atk": 141, "def": 189, "spa": 141, "spd": 227, "spe": 237}, "types": ["Electric"]}}, {"Tatsugiri": {"name": "Tatsugiri", "species": "Tatsugiri", "speciesId": "tatsugiri", "gender": "F", "shiny": false, "level": 87, "moves": ["surf", "rapidspin", "dracometeor", "nastyplot"], "ability": "Storm Drain", "evs": {"hp": 85, "atk": 85, "def": 85, "spa": 85, "spd": 85, "spe": 85}, "ivs": {"hp": 31, "atk": 31, "def": 31, "spa": 31, "spd": 31, "spe": 31}, "item": "Heavy-Duty Boots", "teraType": "Steel", "role": "Fast Support", "bvs": {"hp": 68, "atk": 50, "def": 60, "spa": 120, "spd": 95, "spe": 82}, "stats": {"hp": 260, "atk": 137, "def": 154, "spa": 259, "spd": 215, "spe": 192}, "types": ["Dragon", "Water"]}, "Iron Treads": {"name": "Iron Treads", "species": "Iron Treads", "speciesId": "irontreads", "gender": "N", "shiny": false, "level": 77, "moves": ["ironhead", "knockoff", "voltswitch", "earthquake"], "ability": "Quark Drive", "evs": {"hp": 85, "atk": 85, "def": 85, "spa": 85, "spd": 85, "spe": 85}, "ivs": {"hp": 31, "atk": 31, "def": 31, "spa": 31, "spd": 31, "spe": 31}, "item": "Assault Vest", "teraType": "Ghost", "role": "Bulky Support", "bvs": {"hp": 90, "atk": 112, "def": 120, "spa": 72, "spd": 70, "spe": 106}, "stats": {"hp": 265, "atk": 217, "def": 229, "spa": 155, "spd": 152, "spe": 208}, "types": ["Ground", "Steel"]}, "Rayquaza": {"name": "Rayquaza", "species": "Rayquaza", "speciesId": "rayquaza", "gender": "N", "shiny": false, "level": 72, "moves": ["swordsdance", "scaleshot", "earthquake", "dragonascent"], "ability": "Air Lock", "evs": {"hp": 85, "atk": 85, "def": 85, "spa": 85, "spd": 85, "spe": 85}, "ivs": {"hp": 31, "atk": 31, "def": 31, "spa": 31, "spd": 31, "spe": 31}, "item": "Loaded Dice", "teraType": "Dragon", "role": "Fast Bulky Setup", "bvs": {"hp": 105, "atk": 150, "def": 90, "spa": 150, "spd": 90, "spe": 95}, "stats": {"hp": 270, "atk": 258, "def": 172, "spa": 258, "spd": 172, "spe": 179}, "types": ["Dragon", "Flying"]}, "Registeel": {"name": "Registeel", "species": "Registeel", "speciesId": "registeel", "gender": "N", "shiny": false, "level": 81, "moves": ["irondefense", "bodypress", "rest", "ironhead"], "ability": "Clear Body", "evs": {"hp": 85, "atk": 85, "def": 85, "spa": 85, "spd": 85, "spe": 85}, "ivs": {"hp": 31, "atk": 31, "def": 31, "spa": 31, "spd": 31, "spe": 31}, "item": "Chesto Berry", "teraType": "Fighting", "role": "Bulky Setup", "bvs": {"hp": 80, "atk": 75, "def": 150, "spa": 75, "spd": 150, "spe": 50}, "stats": {"hp": 262, "atk": 168, "def": 290, "spa": 168, "spd": 290, "spe": 128}, "types": ["Steel"]}, "Arceus": {"name": "Arceus", "species": "Arceus-Ground", "speciesId": "arceusground", "gender": "N", "shiny": false, "level": 70, "moves": ["earthquake", "stoneedge", "extremespeed", "swordsdance"], "ability": "Multitype", "evs": {"hp": 85, "atk": 85, "def": 85, "spa": 85, "spd": 85, "spe": 85}, "ivs": {"hp": 31, "atk": 31, "def": 31, "spa": 31, "spd": 31, "spe": 31}, "item": "Earth Plate", "teraType": "Normal", "role": "Setup Sweeper", "bvs": {"hp": 120, "atk": 120, "def": 120, "spa": 120, "spd": 120, "spe": 120}, "stats": {"hp": 284, "atk": 209, "def": 209, "spa": 209, "spd": 209, "spe": 209}, "types": ["Ground"]}, "Weezing": {"name": "Weezing", "species": "Weezing-Galar", "speciesId": "weezinggalar", "gender": "F", "shiny": false, "level": 86, "moves": ["strangesteam", "gunkshot", "willowisp", "fireblast"], "ability": "Levitate", "evs": {"hp": 85, "atk": 85, "def": 85, "spa": 85, "spd": 85, "spe": 85}, "ivs": {"hp": 31, "atk": 31, "def": 31, "spa": 31, "spd": 31, "spe": 31}, "item": "Leftovers", "teraType": "Steel", "role": "Bulky Support", "bvs": {"hp": 65, "atk": 90, "def": 120, "spa": 85, "spd": 70, "spe": 60}, "stats": {"hp": 252, "atk": 204, "def": 256, "spa": 195, "spd": 170, "spe": 152}, "types": ["Poison", "Fairy"]}}]}