{"id": "gen9randombattle-2641092283", "format": "[Gen 9] Random Battle", "players": ["snoopdog2614", "Naide7"], "log": "|j|\u2606snoopdog2614\n|j|\u2606Naide7\n|t:|1782739298\n|gametype|singles\n|player|p1|snoopdog2614|2|1762\n|player|p2|Naide7|iris|1824\n|gen|9\n|tier|[Gen 9] Random Battle\n|rated|\n|rule|Species Clause: Limit one of each Pok\u00e9mon\n|rule|HP Percentage Mod: HP is shown in percentages\n|rule|Sleep Clause Mod: Limit one foe put to sleep\n|rule|Illusion Level Mod: Illusion disguises the Pok\u00e9mon's true level\n|\n|t:|1782739298\n|teamsize|p1|6\n|teamsize|p2|6\n|start\n|switch|p1a: Magcargo|Magcargo, L95, M|268/268\n|switch|p2a: Hitmonchan|Hitmonchan, L87, M|229/229\n|turn|1\n|\n|t:|1782739311\n|switch|p2a: Baxcalibur|Baxcalibur, L75, M|295/295\n|switch|p1a: Oricorio|Oricorio, L84, M|263/263\n|\n|upkeep\n|turn|2\n|inactive|Battle timer is ON: inactive players will automatically lose when time's up. (requested by snoopdog2614)\n|\n|t:|1782739324\n|switch|p1a: Basculegion|Basculegion, L80, M|323/323\n|move|p2a: Baxcalibur|Icicle Spear|p1a: Basculegion\n|-resisted|p1a: Basculegion\n|-damage|p1a: Basculegion|305/323\n|-resisted|p1a: Basculegion\n|-damage|p1a: Basculegion|286/323\n|-resisted|p1a: Basculegion\n|-damage|p1a: Basculegion|266/323\n|-resisted|p1a: Basculegion\n|-damage|p1a: Basculegion|246/323\n|-resisted|p1a: Basculegion\n|-damage|p1a: Basculegion|227/323\n|-hitcount|p1a: Basculegion|5\n|\n|upkeep\n|turn|3\n|\n|t:|1782739330\n|switch|p2a: Gogoat|Gogoat, L88, M|360/360\n|move|p1a: Basculegion|Shadow Ball|p2a: Gogoat\n|-damage|p2a: Gogoat|270/360\n|\n|-heal|p2a: Gogoat|292/360|[from] item: Leftovers\n|upkeep\n|turn|4\n|\n|t:|1782739339\n|switch|p2a: Kleavor|Kleavor, L78, F|237/237\n|move|p1a: Basculegion|Flip Turn|p2a: Kleavor\n|-supereffective|p2a: Kleavor\n|-damage|p2a: Kleavor|49/237\n|\n|t:|1782739347\n|switch|p1a: Pachirisu|Pachirisu, L96, M|271/271|[from] Flip Turn\n|\n|upkeep\n|turn|5\n|\n|t:|1782739358\n|switch|p2a: Gogoat|Gogoat, L88, M|292/360\n|move|p1a: Pachirisu|Thunderbolt|p2a: Gogoat\n|-resisted|p2a: Gogoat\n|-damage|p2a: Gogoat|256/360\n|\n|-heal|p2a: Gogoat|278/360|[from] item: Leftovers\n|upkeep\n|turn|6\n|\n|t:|1782739373\n|move|p1a: Pachirisu|U-turn|p2a: Gogoat\n|-supereffective|p2a: Gogoat\n|-damage|p2a: Gogoat|182/360\n|\n|t:|1782739376\n|switch|p1a: Oricorio|Oricorio, L84, M|263/263|[from] U-turn\n|move|p2a: Gogoat|Horn Leech|p1a: Oricorio\n|-resisted|p1a: Oricorio\n|-damage|p1a: Oricorio|239/263\n|-heal|p2a: Gogoat|194/360|[from] drain|[of] p1a: Oricorio\n|\n|-heal|p2a: Gogoat|216/360|[from] item: Leftovers\n|upkeep\n|turn|7\n|\n|t:|1782739387\n|switch|p2a: Baxcalibur|Baxcalibur, L75, M|295/295\n|move|p1a: Oricorio|Quiver Dance|p1a: Oricorio\n|-boost|p1a: Oricorio|spa|1\n|-boost|p1a: Oricorio|spd|1\n|-boost|p1a: Oricorio|spe|1\n|\n|upkeep\n|turn|8\n|\n|t:|1782739393\n|switch|p2a: Gogoat|Gogoat, L88, M|216/360\n|move|p1a: Oricorio|Hurricane|p2a: Gogoat\n|-supereffective|p2a: Gogoat\n|-damage|p2a: Gogoat|0 fnt\n|faint|p2a: Gogoat\n|\n|upkeep\n|\n|t:|1782739416\n|switch|p2a: Iron Jugulis|Iron Jugulis, L77|271/271\n|turn|9\n|\n|t:|1782739426\n|move|p1a: Oricorio|Hurricane|p2a: Iron Jugulis|[miss]\n|-miss|p1a: Oricorio|p2a: Iron Jugulis\n|move|p2a: Iron Jugulis|Meteor Beam||[still]\n|-prepare|p2a: Iron Jugulis|Meteor Beam\n|-boost|p2a: Iron Jugulis|spa|1\n|-enditem|p2a: Iron Jugulis|Power Herb\n|-anim|p2a: Iron Jugulis|Meteor Beam|p1a: Oricorio\n|-supereffective|p1a: Oricorio\n|-damage|p1a: Oricorio|0 fnt\n|faint|p1a: Oricorio\n|\n|upkeep\n|\n|t:|1782739431\n|switch|p1a: Pachirisu|Pachirisu, L96, M|271/271\n|turn|10\n|\n|t:|1782739445\n|move|p1a: Pachirisu|Super Fang|p2a: Iron Jugulis\n|-damage|p2a: Iron Jugulis|136/271\n|move|p2a: Iron Jugulis|Earth Power|p1a: Pachirisu\n|-supereffective|p1a: Pachirisu\n|-damage|p1a: Pachirisu|167/271\n|\n|upkeep\n|turn|11\n|\n|t:|1782739455\n|-end|p2a: Iron Jugulis|Quark Drive|[silent]\n|switch|p2a: Hitmonchan|Hitmonchan, L87, M|229/229\n|move|p1a: Pachirisu|Thunderbolt|p2a: Hitmonchan\n|-damage|p2a: Hitmonchan|169/229\n|\n|-heal|p2a: Hitmonchan|183/229|[from] item: Leftovers\n|upkeep\n|turn|12\n|\n|t:|1782739462\n|move|p1a: Pachirisu|U-turn|p2a: Hitmonchan\n|-resisted|p2a: Hitmonchan\n|-damage|p2a: Hitmonchan|165/229\n|\n|t:|1782739467\n|switch|p1a: Chesnaught|Chesnaught, L84, F|285/285|[from] U-turn\n|move|p2a: Hitmonchan|Drain Punch|p1a: Chesnaught\n|-damage|p1a: Chesnaught|207/285\n|-heal|p2a: Hitmonchan|204/229|[from] drain|[of] p1a: Chesnaught\n|\n|-heal|p2a: Hitmonchan|218/229|[from] item: Leftovers\n|-heal|p1a: Chesnaught|224/285|[from] item: Leftovers\n|upkeep\n|turn|13\n|\n|t:|1782739492\n|move|p2a: Hitmonchan|Drain Punch|p1a: Chesnaught\n|-damage|p1a: Chesnaught|143/285\n|-heal|p2a: Hitmonchan|229/229|[from] drain|[of] p1a: Chesnaught\n|move|p1a: Chesnaught|Trailblaze|p2a: Hitmonchan\n|-damage|p2a: Hitmonchan|171/229\n|-boost|p1a: Chesnaught|spe|1\n|\n|-heal|p1a: Chesnaught|160/285|[from] item: Leftovers\n|-heal|p2a: Hitmonchan|185/229|[from] item: Leftovers\n|upkeep\n|turn|14\n|\n|t:|1782739497\n|switch|p2a: Brambleghast|Brambleghast, L88, F|240/240\n|move|p1a: Chesnaught|Iron Defense|p1a: Chesnaught\n|-boost|p1a: Chesnaught|def|2\n|\n|-heal|p1a: Chesnaught|177/285|[from] item: Leftovers\n|upkeep\n|turn|15\n|\n|t:|1782739501\n|move|p1a: Chesnaught|Iron Defense|p1a: Chesnaught\n|-boost|p1a: Chesnaught|def|2\n|move|p2a: Brambleghast|Spikes|p1a: Chesnaught\n|-sidestart|p1: snoopdog2614|Spikes\n|\n|-heal|p1a: Chesnaught|194/285|[from] item: Leftovers\n|upkeep\n|turn|16\n|\n|t:|1782739504\n|move|p1a: Chesnaught|Iron Defense|p1a: Chesnaught\n|-boost|p1a: Chesnaught|def|2\n|move|p2a: Brambleghast|Spikes|p1a: Chesnaught\n|-sidestart|p1: snoopdog2614|Spikes\n|\n|-heal|p1a: Chesnaught|211/285|[from] item: Leftovers\n|upkeep\n|turn|17\n|\n|t:|1782739512\n|move|p1a: Chesnaught|Trailblaze|p2a: Brambleghast\n|-resisted|p2a: Brambleghast\n|-damage|p2a: Brambleghast|205/240\n|-boost|p1a: Chesnaught|spe|1\n|move|p2a: Brambleghast|Spikes|p1a: Chesnaught\n|-sidestart|p1: snoopdog2614|Spikes\n|\n|-heal|p1a: Chesnaught|228/285|[from] item: Leftovers\n|-heal|p2a: Brambleghast|220/240|[from] item: Leftovers\n|upkeep\n|turn|18\n|\n|t:|1782739522\n|move|p1a: Chesnaught|Trailblaze|p2a: Brambleghast\n|-resisted|p2a: Brambleghast\n|-damage|p2a: Brambleghast|188/240\n|-boost|p1a: Chesnaught|spe|1\n|move|p2a: Brambleghast|Poltergeist|p1a: Chesnaught\n|-activate|p1a: Chesnaught|move: Poltergeist|Leftovers\n|-damage|p1a: Chesnaught|197/285\n|\n|-heal|p1a: Chesnaught|214/285|[from] item: Leftovers\n|-heal|p2a: Brambleghast|203/240|[from] item: Leftovers\n|upkeep\n|turn|19\n|-message|Naide7 forfeited.\n|\n|win|snoopdog2614\n|raw|snoopdog2614's rating: 1762 &rarr; <strong>1787</strong><br />(+25 for winning)\n|raw|Naide7's rating: 1848 &rarr; <strong>1823</strong><br />(-25 for losing)\n|l|\u2606Naide7\n|player|p2|\n", "inputlog": ">version f8ac14003a5f27e1bdc8d8c59608a773c1cb96e5\n>start {\"formatid\":\"gen9randombattle\",\"seed\":\"sodium,b4805936d6943f3a5dece7b97795903c\",\"rated\":\"Rated battle\"}\n>player p1 {\"name\":\"snoopdog2614\",\"avatar\":\"2\",\"rating\":1762,\"seed\":\"sodium,6ecca9a59369f2f61141904204bf770c\"}\n>player p2 {\"name\":\"Naide7\",\"avatar\":\"iris\",\"rating\":1824,\"seed\":\"sodium,32d3098bfc3e18e857abde341edf9902\"}\n>p1 switch 2\n>p2 switch 2\n>p1 switch 5\n>p2 move iciclespear\n>p1 move shadowball\n>p2 switch 4\n>p1 move flipturn\n>p2 switch 5\n>p1 switch 6\n>p1 move thunderbolt\n>p2 switch 5\n>p1 move uturn\n>p2 move hornleech\n>p1 switch 5\n>p1 move quiverdance\n>p2 switch 4\n>p1 move hurricane\n>p2 switch 4\n>p2 switch 3\n>p1 move hurricane\n>p2 move meteorbeam\n>p1 switch 5\n>p1 move superfang\n>p2 move earthpower\n>p1 move thunderbolt\n>p2 switch 2\n>p1 move uturn\n>p2 move drainpunch\n>p1 switch 3\n>p1 move trailblaze\n>p2 move drainpunch\n>p1 move irondefense\n>p2 switch 6\n>p1 move irondefense\n>p2 move spikes\n>p1 move irondefense\n>p2 move spikes\n>p1 move trailblaze\n>p2 move spikes\n>p1 move trailblaze\n>p2 move poltergeist\n>forcelose p2", "uploadtime": 1782739531, "views": 5, "formatid": "gen9randombattle", "rating": 1787, "private": 0, "password": null, "player_dets": [{"name": "snoopdog2614", "avatar": "2", "rating": 1762, "seed": "sodium,6ecca9a59369f2f61141904204bf770c"}, {"name": "Naide7", "avatar": "iris", "rating": 1824, "seed": "sodium,32d3098bfc3e18e857abde341edf9902"}], "teams_full": [{"Magcargo": {"name": "Magcargo", "species": "Magcargo", "speciesId": "magcargo", "gender": "M", "shiny": false, "level": 95, "moves": ["earthpower", "fireblast", "powergem", "shellsmash"], "ability": "Weak Armor", "evs": {"hp": 85, "atk": 0, "def": 85, "spa": 85, "spd": 85, "spe": 85}, "ivs": {"hp": 31, "atk": 0, "def": 31, "spa": 31, "spd": 31, "spe": 31}, "item": "Heavy-Duty Boots", "teraType": "Dragon", "role": "Setup Sweeper", "bvs": {"hp": 60, "atk": 50, "def": 120, "spa": 90, "spd": 80, "spe": 30}, "stats": {"hp": 268, "atk": 100, "def": 282, "spa": 225, "spd": 206, "spe": 111}, "types": ["Fire", "Rock"]}, "Oricorio": {"name": "Oricorio", "species": "Oricorio", "speciesId": "oricorio", "gender": "M", "shiny": false, "level": 84, "moves": ["revelationdance", "hurricane", "roost", "quiverdance"], "ability": "Dancer", "evs": {"hp": 85, "atk": 0, "def": 85, "spa": 85, "spd": 85, "spe": 85}, "ivs": {"hp": 31, "atk": 0, "def": 31, "spa": 31, "spd": 31, "spe": 31}, "item": "Heavy-Duty Boots", "teraType": "Ground", "role": "Setup Sweeper", "bvs": {"hp": 75, "atk": 70, "def": 70, "spa": 98, "spd": 70, "spe": 93}, "stats": {"hp": 263, "atk": 122, "def": 166, "spa": 213, "spd": 166, "spe": 204}, "types": ["Fire", "Flying"]}, "Chesnaught": {"name": "Chesnaught", "species": "Chesnaught", "speciesId": "chesnaught", "gender": "F", "shiny": false, "level": 84, "moves": ["irondefense", "trailblaze", "synthesis", "bodypress"], "ability": "Bulletproof", "evs": {"hp": 85, "atk": 85, "def": 85, "spa": 85, "spd": 85, "spe": 85}, "ivs": {"hp": 31, "atk": 31, "def": 31, "spa": 31, "spd": 31, "spe": 31}, "item": "Leftovers", "teraType": "Steel", "role": "Fast Bulky Setup", "bvs": {"hp": 88, "atk": 107, "def": 122, "spa": 74, "spd": 75, "spe": 64}, "stats": {"hp": 285, "atk": 228, "def": 253, "spa": 173, "spd": 174, "spe": 156}, "types": ["Grass", "Fighting"]}, "Blissey": {"name": "Blissey", "species": "Blissey", "speciesId": "blissey", "gender": "F", "shiny": false, "level": 85, "moves": ["seismictoss", "stealthrock", "thunderwave", "softboiled"], "ability": "Natural Cure", "evs": {"hp": 85, "atk": 0, "def": 85, "spa": 85, "spd": 85, "spe": 85}, "ivs": {"hp": 31, "atk": 0, "def": 31, "spa": 31, "spd": 31, "spe": 31}, "item": "Leftovers", "teraType": "Dark", "role": "Bulky Support", "bvs": {"hp": 255, "atk": 10, "def": 10, "spa": 75, "spd": 135, "spe": 55}, "stats": {"hp": 572, "atk": 22, "def": 66, "spa": 176, "spd": 278, "spe": 142}, "types": ["Normal"]}, "Basculegion": {"name": "Basculegion", "species": "Basculegion", "speciesId": "basculegion", "gender": "M", "shiny": false, "level": 80, "moves": ["shadowball", "aquajet", "wavecrash", "flipturn"], "ability": "Adaptability", "evs": {"hp": 85, "atk": 85, "def": 85, "spa": 85, "spd": 85, "spe": 85}, "ivs": {"hp": 31, "atk": 31, "def": 31, "spa": 31, "spd": 31, "spe": 31}, "item": "Assault Vest", "teraType": "Water", "role": "AV Pivot", "bvs": {"hp": 120, "atk": 112, "def": 65, "spa": 80, "spd": 75, "spe": 78}, "stats": {"hp": 323, "atk": 225, "def": 150, "spa": 174, "spd": 166, "spe": 171}, "types": ["Water", "Ghost"]}, "Pachirisu": {"name": "Pachirisu", "species": "Pachirisu", "speciesId": "pachirisu", "gender": "M", "shiny": false, "level": 96, "moves": ["thunderbolt", "nuzzle", "uturn", "superfang"], "ability": "Volt Absorb", "evs": {"hp": 85, "atk": 85, "def": 85, "spa": 85, "spd": 85, "spe": 85}, "ivs": {"hp": 31, "atk": 31, "def": 31, "spa": 31, "spd": 31, "spe": 31}, "item": "Assault Vest", "teraType": "Flying", "role": "AV Pivot", "bvs": {"hp": 60, "atk": 45, "def": 70, "spa": 45, "spd": 90, "spe": 95}, "stats": {"hp": 271, "atk": 141, "def": 189, "spa": 141, "spd": 227, "spe": 237}, "types": ["Electric"]}}, {"Hitmonchan": {"name": "Hitmonchan", "species": "Hitmonchan", "speciesId": "hitmonchan", "gender": "M", "shiny": false, "level": 87, "moves": ["drainpunch", "taunt", "knockoff", "rapidspin"], "ability": "Iron Fist", "evs": {"hp": 85, "atk": 85, "def": 85, "spa": 85, "spd": 85, "spe": 85}, "ivs": {"hp": 31, "atk": 31, "def": 31, "spa": 31, "spd": 31, "spe": 31}, "item": "Leftovers", "teraType": "Steel", "role": "Bulky Support", "bvs": {"hp": 50, "atk": 105, "def": 79, "spa": 35, "spd": 110, "spe": 76}, "stats": {"hp": 229, "atk": 232, "def": 187, "spa": 111, "spd": 241, "spe": 182}, "types": ["Fighting"]}, "Baxcalibur": {"name": "Baxcalibur", "species": "Baxcalibur", "speciesId": "baxcalibur", "gender": "M", "shiny": false, "level": 75, "moves": ["swordsdance", "iciclespear", "earthquake", "scaleshot"], "ability": "Thermal Exchange", "evs": {"hp": 81, "atk": 85, "def": 85, "spa": 85, "spd": 85, "spe": 85}, "ivs": {"hp": 31, "atk": 31, "def": 31, "spa": 31, "spd": 31, "spe": 31}, "item": "Loaded Dice", "teraType": "Dragon", "role": "Bulky Setup", "bvs": {"hp": 115, "atk": 145, "def": 92, "spa": 75, "spd": 86, "spe": 87}, "stats": {"hp": 295, "atk": 261, "def": 182, "spa": 156, "spd": 173, "spe": 174}, "types": ["Dragon", "Ice"]}, "Iron Jugulis": {"name": "Iron Jugulis", "species": "Iron Jugulis", "speciesId": "ironjugulis", "gender": "N", "shiny": false, "level": 77, "moves": ["darkpulse", "hurricane", "meteorbeam", "earthpower"], "ability": "Quark Drive", "evs": {"hp": 85, "atk": 0, "def": 85, "spa": 85, "spd": 85, "spe": 85}, "ivs": {"hp": 31, "atk": 0, "def": 31, "spa": 31, "spd": 31, "spe": 31}, "item": "Power Herb", "teraType": "Dark", "role": "Setup Sweeper", "bvs": {"hp": 94, "atk": 80, "def": 86, "spa": 122, "spd": 80, "spe": 108}, "stats": {"hp": 271, "atk": 128, "def": 177, "spa": 232, "spd": 168, "spe": 211}, "types": ["Dark", "Flying"]}, "Gogoat": {"name": "Gogoat", "species": "Gogoat", "speciesId": "gogoat", "gender": "M", "shiny": false, "level": 88, "moves": ["earthquake", "milkdrink", "bulkup", "hornleech"], "ability": "Sap Sipper", "evs": {"hp": 85, "atk": 85, "def": 85, "spa": 85, "spd": 85, "spe": 85}, "ivs": {"hp": 31, "atk": 31, "def": 31, "spa": 31, "spd": 31, "spe": 31}, "item": "Leftovers", "teraType": "Ground", "role": "Bulky Setup", "bvs": {"hp": 123, "atk": 100, "def": 62, "spa": 97, "spd": 81, "spe": 68}, "stats": {"hp": 360, "atk": 226, "def": 159, "spa": 221, "spd": 193, "spe": 170}, "types": ["Grass"]}, "Kleavor": {"name": "Kleavor", "species": "Kleavor", "speciesId": "kleavor", "gender": "F", "shiny": false, "level": 78, "moves": ["stoneaxe", "closecombat", "xscissor", "uturn"], "ability": "Sharpness", "evs": {"hp": 85, "atk": 85, "def": 85, "spa": 85, "spd": 85, "spe": 85}, "ivs": {"hp": 31, "atk": 31, "def": 31, "spa": 31, "spd": 31, "spe": 31}, "item": "Choice Band", "teraType": "Rock", "role": "Bulky Attacker", "bvs": {"hp": 70, "atk": 135, "def": 95, "spa": 45, "spd": 70, "spe": 85}, "stats": {"hp": 237, "atk": 256, "def": 193, "spa": 115, "spd": 154, "spe": 178}, "types": ["Bug", "Rock"]}, "Brambleghast": {"name": "Brambleghast", "species": "Brambleghast", "speciesId": "brambleghast", "gender": "F", "shiny": false, "level": 88, "moves": ["strengthsap", "spikes", "powerwhip", "poltergeist"], "ability": "Wind Rider", "evs": {"hp": 85, "atk": 85, "def": 85, "spa": 85, "spd": 85, "spe": 85}, "ivs": {"hp": 31, "atk": 31, "def": 31, "spa": 31, "spd": 31, "spe": 31}, "item": "Leftovers", "teraType": "Steel", "role": "Fast Support", "bvs": {"hp": 55, "atk": 115, "def": 70, "spa": 80, "spd": 70, "spe": 90}, "stats": {"hp": 240, "atk": 253, "def": 173, "spa": 191, "spd": 173, "spe": 209}, "types": ["Grass", "Ghost"]}}]}