{"id": "gen9randombattle-2641122040", "format": "[Gen 9] Random Battle", "players": ["testbotcif", "mangospread"], "log": "|j|\u2606testbotcif\n|j|\u2606mangospread\n|t:|1782743256\n|gametype|singles\n|player|p1|testbotcif|266|1066\n|player|p2|mangospread|marshal|1082\n|gen|9\n|tier|[Gen 9] Random Battle\n|rated|\n|rule|Species Clause: Limit one of each Pok\u00e9mon\n|rule|HP Percentage Mod: HP is shown in percentages\n|rule|Sleep Clause Mod: Limit one foe put to sleep\n|rule|Illusion Level Mod: Illusion disguises the Pok\u00e9mon's true level\n|\n|t:|1782743256\n|teamsize|p1|6\n|teamsize|p2|6\n|start\n|switch|p1a: Vigoroth|Vigoroth, L85, F|275/275\n|switch|p2a: Wigglytuff|Wigglytuff, L96, M|424/424\n|turn|1\n|inactive|Battle timer is ON: inactive players will automatically lose when time's up. (requested by testbotcif)\n|c|\u2606testbotcif|rlhf\n|inactive|mangospread also wants the timer to be on.\n|\n|t:|1782743268\n|move|p1a: Vigoroth|Bulk Up|p1a: Vigoroth\n|-boost|p1a: Vigoroth|atk|1\n|-boost|p1a: Vigoroth|def|1\n|move|p2a: Wigglytuff|Thunder Wave|p1a: Vigoroth\n|-status|p1a: Vigoroth|par\n|\n|upkeep\n|turn|2\n|l|\u2606mangospread\n|inactive|mangospread disconnected and has a minute to reconnect!\n|player|p2|\n|j|\u2606mangospread\n|inactive|mangospread reconnected and has 120 seconds left.\n|player|p2|mangospread|marshal|\n|\n|t:|1782743308\n|switch|p2a: Drifblim|Drifblim, L86, F|396/396\n|cant|p1a: Vigoroth|par\n|\n|upkeep\n|turn|3\n|inactive|mangospread has 120 seconds left.\n|\n|t:|1782743315\n|move|p2a: Drifblim|Calm Mind|p2a: Drifblim\n|-boost|p2a: Drifblim|spa|1\n|-boost|p2a: Drifblim|spd|1\n|move|p1a: Vigoroth|Knock Off|p2a: Drifblim\n|-supereffective|p2a: Drifblim\n|-damage|p2a: Drifblim|122/396\n|-enditem|p2a: Drifblim|Sitrus Berry|[from] move: Knock Off|[of] p1a: Vigoroth\n|\n|upkeep\n|turn|4\n|\n|t:|1782743323\n|move|p2a: Drifblim|Strength Sap|p1a: Vigoroth\n|-unboost|p1a: Vigoroth|atk|1\n|-heal|p2a: Drifblim|396/396\n|move|p1a: Vigoroth|Knock Off|p2a: Drifblim\n|-supereffective|p2a: Drifblim\n|-damage|p2a: Drifblim|276/396\n|\n|upkeep\n|turn|5\n|\n|t:|1782743332\n|move|p2a: Drifblim|Strength Sap|p1a: Vigoroth\n|-unboost|p1a: Vigoroth|atk|1\n|-heal|p2a: Drifblim|396/396\n|move|p1a: Vigoroth|Knock Off|p2a: Drifblim\n|-supereffective|p2a: Drifblim\n|-damage|p2a: Drifblim|314/396\n|\n|upkeep\n|turn|6\n|\n|t:|1782743340\n|move|p2a: Drifblim|Calm Mind|p2a: Drifblim\n|-boost|p2a: Drifblim|spa|1\n|-boost|p2a: Drifblim|spd|1\n|move|p1a: Vigoroth|Bulk Up|p1a: Vigoroth\n|-boost|p1a: Vigoroth|atk|1\n|-boost|p1a: Vigoroth|def|1\n|\n|upkeep\n|turn|7\n|\n|t:|1782743348\n|move|p2a: Drifblim|Strength Sap|p1a: Vigoroth\n|-unboost|p1a: Vigoroth|atk|1\n|-heal|p2a: Drifblim|396/396\n|move|p1a: Vigoroth|Knock Off|p2a: Drifblim\n|-supereffective|p2a: Drifblim\n|-damage|p2a: Drifblim|310/396\n|\n|upkeep\n|turn|8\n|\n|t:|1782743356\n|move|p2a: Drifblim|Air Slash|p1a: Vigoroth\n|-damage|p1a: Vigoroth|140/275 par\n|move|p1a: Vigoroth|Bulk Up|p1a: Vigoroth\n|-boost|p1a: Vigoroth|atk|1\n|-boost|p1a: Vigoroth|def|1\n|\n|upkeep\n|turn|9\n|\n|t:|1782743364\n|move|p2a: Drifblim|Calm Mind|p2a: Drifblim\n|-boost|p2a: Drifblim|spa|1\n|-boost|p2a: Drifblim|spd|1\n|move|p1a: Vigoroth|Slack Off|p1a: Vigoroth\n|-heal|p1a: Vigoroth|275/275 par\n|\n|upkeep\n|turn|10\n|\n|t:|1782743371\n|move|p2a: Drifblim|Air Slash|p1a: Vigoroth\n|-damage|p1a: Vigoroth|107/275 par\n|move|p1a: Vigoroth|Knock Off|p2a: Drifblim\n|-supereffective|p2a: Drifblim\n|-damage|p2a: Drifblim|174/396\n|\n|upkeep\n|turn|11\n|\n|t:|1782743377\n|move|p2a: Drifblim|Air Slash|p1a: Vigoroth\n|-damage|p1a: Vigoroth|0 fnt\n|faint|p1a: Vigoroth\n|\n|upkeep\n|\n|t:|1782743378\n|switch|p1a: Bastiodon|Bastiodon, L89, M|252/252\n|turn|12\n|\n|t:|1782743393\n|-terastallize|p1a: Bastiodon|Fighting\n|move|p2a: Drifblim|Shadow Ball|p1a: Bastiodon\n|-damage|p1a: Bastiodon|101/252\n|move|p1a: Bastiodon|Iron Defense|p1a: Bastiodon\n|-boost|p1a: Bastiodon|def|2\n|\n|upkeep\n|turn|13\n|\n|t:|1782743403\n|move|p2a: Drifblim|Shadow Ball|p1a: Bastiodon\n|-damage|p1a: Bastiodon|0 fnt\n|faint|p1a: Bastiodon\n|\n|upkeep\n|\n|t:|1782743403\n|switch|p1a: Vaporeon|Vaporeon, L86, F|364/364\n|turn|14\n|\n|t:|1782743411\n|move|p2a: Drifblim|Strength Sap|p1a: Vaporeon\n|-unboost|p1a: Vaporeon|atk|1\n|-heal|p2a: Drifblim|335/396\n|move|p1a: Vaporeon|Scald|p2a: Drifblim\n|-damage|p2a: Drifblim|284/396\n|\n|upkeep\n|turn|15\n|\n|t:|1782743420\n|move|p2a: Drifblim|Air Slash|p1a: Vaporeon\n|-crit|p1a: Vaporeon\n|-damage|p1a: Vaporeon|73/364\n|move|p1a: Vaporeon|Scald|p2a: Drifblim\n|-damage|p2a: Drifblim|233/396\n|\n|-heal|p1a: Vaporeon|95/364|[from] item: Leftovers\n|upkeep\n|turn|16\n|\n|t:|1782743430\n|move|p2a: Drifblim|Shadow Ball|p1a: Vaporeon\n|-damage|p1a: Vaporeon|0 fnt\n|faint|p1a: Vaporeon\n|\n|upkeep\n|\n|t:|1782743430\n|switch|p1a: Phione|Phione, L91|293/293\n|turn|17\n|\n|t:|1782743438\n|move|p2a: Drifblim|Air Slash|p1a: Phione\n|-damage|p1a: Phione|89/293\n|move|p1a: Phione|Scald|p2a: Drifblim\n|-damage|p2a: Drifblim|190/396\n|-status|p2a: Drifblim|brn\n|\n|-heal|p1a: Phione|107/293|[from] item: Leftovers\n|-damage|p2a: Drifblim|166/396 brn|[from] brn\n|upkeep\n|turn|18\n|\n|t:|1782743449\n|move|p2a: Drifblim|Air Slash|p1a: Phione\n|-damage|p1a: Phione|0 fnt\n|faint|p1a: Phione\n|\n|-damage|p2a: Drifblim|142/396 brn|[from] brn\n|upkeep\n|\n|t:|1782743449\n|switch|p1a: Lugia|Lugia, L73|275/275\n|turn|19\n|\n|t:|1782743459\n|move|p2a: Drifblim|Shadow Ball|p1a: Lugia\n|-supereffective|p1a: Lugia\n|-damage|p1a: Lugia|110/275\n|move|p1a: Lugia|Calm Mind|p1a: Lugia\n|-boost|p1a: Lugia|spa|1\n|-boost|p1a: Lugia|spd|1\n|\n|-damage|p2a: Drifblim|118/396 brn|[from] brn\n|upkeep\n|turn|20\n|\n|t:|1782743469\n|move|p2a: Drifblim|Shadow Ball|p1a: Lugia\n|-supereffective|p1a: Lugia\n|-damage|p1a: Lugia|0 fnt\n|faint|p1a: Lugia\n|\n|-damage|p2a: Drifblim|94/396 brn|[from] brn\n|upkeep\n|\n|t:|1782743469\n|switch|p1a: Palossand|Palossand, L89, F|296/296\n|turn|21\n|\n|t:|1782743479\n|move|p2a: Drifblim|Shadow Ball|p1a: Palossand\n|-supereffective|p1a: Palossand\n|-damage|p1a: Palossand|0 fnt\n|faint|p1a: Palossand\n|\n|win|mangospread\n|raw|testbotcif's rating: 1066 &rarr; <strong>1047</strong><br />(-19 for losing)\n|raw|mangospread's rating: 1082 &rarr; <strong>1108</strong><br />(+26 for winning)\n", "inputlog": ">version f8ac14003a5f27e1bdc8d8c59608a773c1cb96e5\n>start {\"formatid\":\"gen9randombattle\",\"seed\":\"sodium,6910edf996f1472349b82efbfb7d6c06\",\"rated\":\"Rated battle\"}\n>player p1 {\"name\":\"testbotcif\",\"avatar\":\"266\",\"rating\":1066,\"seed\":\"sodium,11137563c13aa9a902756ff66b8ef631\"}\n>player p2 {\"name\":\"mangospread\",\"avatar\":\"marshal\",\"rating\":1082,\"seed\":\"sodium,c7e15f047fcc3228dca4f2bbba510f3d\"}\n>chat \u2606testbotcif|rlhf\n>p1 move bulkup\n>p2 move thunderwave\n>p1 move bulkup\n>p2 switch 3\n>p1 move knockoff\n>p2 move calmmind\n>p1 move knockoff\n>p2 move strengthsap\n>p1 move knockoff\n>p2 move strengthsap\n>p1 move bulkup\n>p2 move calmmind\n>p1 move knockoff\n>p2 move strengthsap\n>p1 move bulkup\n>p2 move airslash\n>p1 move slackoff\n>p2 move calmmind\n>p1 move knockoff\n>p2 move airslash\n>p1 move slackoff\n>p2 move airslash\n>p1 switch 5\n>p1 move irondefense terastallize\n>p2 move shadowball\n>p1 move rest\n>p2 move shadowball\n>p1 switch 4\n>p1 move scald\n>p2 move strengthsap\n>p1 move scald\n>p2 move airslash\n>p1 move wish\n>p2 move shadowball\n>p1 switch 2\n>p1 move scald\n>p2 move airslash\n>p1 move grassknot\n>p2 move airslash\n>p1 switch 6\n>p1 move calmmind\n>p2 move shadowball\n>p1 move recover\n>p2 move shadowball\n>p1 switch 3\n>p1 move shoreup\n>p2 move shadowball", "uploadtime": 1782743479, "views": 8, "formatid": "gen9randombattle", "rating": 1047, "private": 0, "password": null, "player_dets": [{"name": "testbotcif", "avatar": "266", "rating": 1066, "seed": "sodium,11137563c13aa9a902756ff66b8ef631"}, {"name": "mangospread", "avatar": "marshal", "rating": 1082, "seed": "sodium,c7e15f047fcc3228dca4f2bbba510f3d"}], "teams_full": [{"Vigoroth": {"name": "Vigoroth", "species": "Vigoroth", "speciesId": "vigoroth", "gender": "F", "shiny": false, "level": 85, "moves": ["slackoff", "bulkup", "bodyslam", "knockoff"], "ability": "Vital Spirit", "evs": {"hp": 85, "atk": 85, "def": 85, "spa": 85, "spd": 85, "spe": 85}, "ivs": {"hp": 31, "atk": 31, "def": 31, "spa": 31, "spd": 31, "spe": 31}, "item": "Eviolite", "teraType": "Ghost", "role": "Bulky Setup", "bvs": {"hp": 80, "atk": 80, "def": 80, "spa": 55, "spd": 55, "spe": 90}, "stats": {"hp": 275, "atk": 185, "def": 185, "spa": 142, "spd": 142, "spe": 202}, "types": ["Normal"]}, "Phione": {"name": "Phione", "species": "Phione", "speciesId": "phione", "gender": "N", "shiny": false, "level": 91, "moves": ["takeheart", "icebeam", "grassknot", "scald"], "ability": "Hydration", "evs": {"hp": 85, "atk": 0, "def": 85, "spa": 85, "spd": 85, "spe": 85}, "ivs": {"hp": 31, "atk": 0, "def": 31, "spa": 31, "spd": 31, "spe": 31}, "item": "Leftovers", "teraType": "Steel", "role": "Bulky Attacker", "bvs": {"hp": 80, "atk": 80, "def": 80, "spa": 80, "spd": 80, "spe": 80}, "stats": {"hp": 293, "atk": 150, "def": 197, "spa": 197, "spd": 197, "spe": 197}, "types": ["Water"]}, "Palossand": {"name": "Palossand", "species": "Palossand", "speciesId": "palossand", "gender": "F", "shiny": false, "level": 89, "moves": ["shoreup", "earthpower", "sludgebomb", "shadowball"], "ability": "Water Compaction", "evs": {"hp": 85, "atk": 0, "def": 85, "spa": 85, "spd": 85, "spe": 85}, "ivs": {"hp": 31, "atk": 0, "def": 31, "spa": 31, "spd": 31, "spe": 31}, "item": "Leftovers", "teraType": "Water", "role": "Bulky Support", "bvs": {"hp": 85, "atk": 75, "def": 110, "spa": 100, "spd": 75, "spe": 35}, "stats": {"hp": 296, "atk": 138, "def": 247, "spa": 229, "spd": 184, "spe": 113}, "types": ["Ghost", "Ground"]}, "Vaporeon": {"name": "Vaporeon", "species": "Vaporeon", "speciesId": "vaporeon", "gender": "F", "shiny": false, "level": 86, "moves": ["flipturn", "scald", "wish", "protect"], "ability": "Water Absorb", "evs": {"hp": 85, "atk": 85, "def": 85, "spa": 85, "spd": 85, "spe": 85}, "ivs": {"hp": 31, "atk": 31, "def": 31, "spa": 31, "spd": 31, "spe": 31}, "item": "Leftovers", "teraType": "Ghost", "role": "Bulky Support", "bvs": {"hp": 130, "atk": 65, "def": 60, "spa": 110, "spd": 95, "spe": 65}, "stats": {"hp": 364, "atk": 161, "def": 152, "spa": 238, "spd": 213, "spe": 161}, "types": ["Water"]}, "Bastiodon": {"name": "Bastiodon", "species": "Bastiodon", "speciesId": "bastiodon", "gender": "M", "shiny": false, "level": 89, "moves": ["foulplay", "irondefense", "bodypress", "rest"], "ability": "Soundproof", "evs": {"hp": 85, "atk": 0, "def": 85, "spa": 85, "spd": 85, "spe": 85}, "ivs": {"hp": 31, "atk": 0, "def": 31, "spa": 31, "spd": 31, "spe": 31}, "item": "Chesto Berry", "teraType": "Fighting", "role": "Bulky Setup", "bvs": {"hp": 60, "atk": 52, "def": 168, "spa": 47, "spd": 138, "spe": 30}, "stats": {"hp": 252, "atk": 97, "def": 350, "spa": 134, "spd": 296, "spe": 104}, "types": ["Rock", "Steel"]}, "Lugia": {"name": "Lugia", "species": "Lugia", "speciesId": "lugia", "gender": "N", "shiny": false, "level": 73, "moves": ["aeroblast", "calmmind", "recover", "earthpower"], "ability": "Multiscale", "evs": {"hp": 85, "atk": 0, "def": 85, "spa": 85, "spd": 85, "spe": 85}, "ivs": {"hp": 31, "atk": 0, "def": 31, "spa": 31, "spd": 31, "spe": 31}, "item": "Heavy-Duty Boots", "teraType": "Steel", "role": "Bulky Setup", "bvs": {"hp": 106, "atk": 90, "def": 130, "spa": 90, "spd": 154, "spe": 110}, "stats": {"hp": 275, "atk": 136, "def": 232, "spa": 174, "spd": 267, "spe": 203}, "types": ["Psychic", "Flying"]}}, {"Wigglytuff": {"name": "Wigglytuff", "species": "Wigglytuff", "speciesId": "wigglytuff", "gender": "M", "shiny": false, "level": 96, "moves": ["knockoff", "thunderwave", "alluringvoice", "fireblast"], "ability": "Competitive", "evs": {"hp": 85, "atk": 85, "def": 85, "spa": 85, "spd": 85, "spe": 85}, "ivs": {"hp": 31, "atk": 31, "def": 31, "spa": 31, "spd": 31, "spe": 31}, "item": "Leftovers", "teraType": "Steel", "role": "Bulky Support", "bvs": {"hp": 140, "atk": 70, "def": 45, "spa": 85, "spd": 50, "spe": 45}, "stats": {"hp": 424, "atk": 189, "def": 141, "spa": 218, "spd": 150, "spe": 141}, "types": ["Normal", "Fairy"]}, "Regieleki": {"name": "Regieleki", "species": "Regieleki", "speciesId": "regieleki", "gender": "N", "shiny": false, "level": 79, "moves": ["explosion", "voltswitch", "rapidspin", "thunderbolt"], "ability": "Transistor", "evs": {"hp": 85, "atk": 85, "def": 85, "spa": 85, "spd": 85, "spe": 85}, "ivs": {"hp": 31, "atk": 31, "def": 31, "spa": 31, "spd": 31, "spe": 31}, "item": "Magnet", "teraType": "Electric", "role": "Fast Support", "bvs": {"hp": 80, "atk": 100, "def": 50, "spa": 100, "spd": 50, "spe": 200}, "stats": {"hp": 256, "atk": 204, "def": 125, "spa": 204, "spd": 125, "spe": 362}, "types": ["Electric"]}, "Drifblim": {"name": "Drifblim", "species": "Drifblim", "speciesId": "drifblim", "gender": "F", "shiny": false, "level": 86, "moves": ["shadowball", "strengthsap", "calmmind", "airslash"], "ability": "Unburden", "evs": {"hp": 73, "atk": 0, "def": 85, "spa": 85, "spd": 85, "spe": 85}, "ivs": {"hp": 31, "atk": 0, "def": 31, "spa": 31, "spd": 31, "spe": 31}, "item": "Sitrus Berry", "teraType": "Fairy", "role": "Bulky Attacker", "bvs": {"hp": 150, "atk": 80, "def": 44, "spa": 90, "spd": 54, "spe": 80}, "stats": {"hp": 396, "atk": 142, "def": 125, "spa": 204, "spd": 142, "spe": 187}, "types": ["Ghost", "Flying"]}, "Drednaw": {"name": "Drednaw", "species": "Drednaw", "speciesId": "drednaw", "gender": "F", "shiny": false, "level": 81, "moves": ["crunch", "liquidation", "stoneedge", "shellsmash"], "ability": "Strong Jaw", "evs": {"hp": 85, "atk": 85, "def": 85, "spa": 85, "spd": 85, "spe": 85}, "ivs": {"hp": 31, "atk": 31, "def": 31, "spa": 31, "spd": 31, "spe": 31}, "item": "White Herb", "teraType": "Dark", "role": "Setup Sweeper", "bvs": {"hp": 90, "atk": 115, "def": 90, "spa": 48, "spd": 68, "spe": 74}, "stats": {"hp": 278, "atk": 233, "def": 192, "spa": 124, "spd": 157, "spe": 167}, "types": ["Water", "Rock"]}, "Arceus": {"name": "Arceus", "species": "Arceus-Bug", "speciesId": "arceusbug", "gender": "N", "shiny": false, "level": 73, "moves": ["calmmind", "judgment", "fireblast", "recover"], "ability": "Multitype", "evs": {"hp": 81, "atk": 0, "def": 85, "spa": 85, "spd": 85, "spe": 85}, "ivs": {"hp": 31, "atk": 0, "def": 31, "spa": 31, "spd": 31, "spe": 31}, "item": "Insect Plate", "teraType": "Fire", "role": "Bulky Setup", "bvs": {"hp": 120, "atk": 120, "def": 120, "spa": 120, "spd": 120, "spe": 120}, "stats": {"hp": 295, "atk": 180, "def": 218, "spa": 218, "spd": 218, "spe": 218}, "types": ["Bug"]}, "Gholdengo": {"name": "Gholdengo", "species": "Gholdengo", "speciesId": "gholdengo", "gender": "N", "shiny": false, "level": 77, "moves": ["recover", "shadowball", "thunderwave", "makeitrain"], "ability": "Good as Gold", "evs": {"hp": 85, "atk": 0, "def": 85, "spa": 85, "spd": 85, "spe": 85}, "ivs": {"hp": 31, "atk": 0, "def": 31, "spa": 31, "spd": 31, "spe": 31}, "item": "Leftovers", "teraType": "Dark", "role": "Bulky Support", "bvs": {"hp": 87, "atk": 60, "def": 95, "spa": 133, "spd": 91, "spe": 84}, "stats": {"hp": 261, "atk": 97, "def": 191, "spa": 249, "spd": 185, "spe": 174}, "types": ["Steel", "Ghost"]}}]}