{"id": "gen9randombattle-2641497257", "format": "[Gen 9] Random Battle", "players": ["mysteryantelope", "Jadasteel"], "log": "|j|\u2606mysteryantelope\n|j|\u2606Jadasteel\n|t:|1782794746\n|gametype|singles\n|player|p1|mysteryantelope|169|1951\n|player|p2|Jadasteel|fantina|2057\n|gen|9\n|tier|[Gen 9] Random Battle\n|rated|\n|rule|Species Clause: Limit one of each Pok\u00e9mon\n|rule|HP Percentage Mod: HP is shown in percentages\n|rule|Sleep Clause Mod: Limit one foe put to sleep\n|rule|Illusion Level Mod: Illusion disguises the Pok\u00e9mon's true level\n|\n|t:|1782794746\n|teamsize|p1|6\n|teamsize|p2|6\n|start\n|switch|p1a: Rotom|Rotom-Wash, L82|216/216\n|switch|p2a: Ariados|Ariados, L95, M|287/287\n|turn|1\n|inactive|Battle timer is ON: inactive players will automatically lose when time's up. (requested by Jadasteel)\n|inactive|mysteryantelope also wants the timer to be on.\n|\n|t:|1782794758\n|move|p1a: Rotom|Will-O-Wisp|p2a: Ariados\n|-status|p2a: Ariados|brn\n|move|p2a: Ariados|Sticky Web|p1a: Rotom\n|-sidestart|p1: mysteryantelope|move: Sticky Web\n|\n|-damage|p2a: Ariados|270/287 brn|[from] brn\n|upkeep\n|turn|2\n|\n|t:|1782794765\n|move|p1a: Rotom|Hydro Pump|p2a: Ariados\n|-damage|p2a: Ariados|150/287 brn\n|move|p2a: Ariados|Knock Off|p1a: Rotom\n|-damage|p1a: Rotom|179/216\n|-enditem|p1a: Rotom|Leftovers|[from] move: Knock Off|[of] p2a: Ariados\n|\n|-damage|p2a: Ariados|133/287 brn|[from] brn\n|upkeep\n|turn|3\n|\n|t:|1782794776\n|switch|p2a: Toedscruel|Toedscruel, L87, M|281/281\n|move|p1a: Rotom|Hydro Pump|p2a: Toedscruel\n|-damage|p2a: Toedscruel|220/281\n|\n|upkeep\n|turn|4\n|\n|t:|1782794798\n|switch|p1a: Illumise|Illumise, L91, F|266/266\n|move|p2a: Toedscruel|Knock Off|p1a: Illumise\n|-damage|p1a: Illumise|205/266\n|-enditem|p1a: Illumise|Heavy-Duty Boots|[from] move: Knock Off|[of] p2a: Toedscruel\n|\n|upkeep\n|turn|5\n|\n|t:|1782794804\n|switch|p2a: Ariados|Ariados, L95, M|133/287 brn\n|move|p1a: Illumise|Thunder Wave||[still]\n|-fail|p1a: Illumise\n|\n|-damage|p2a: Ariados|116/287 brn|[from] brn\n|upkeep\n|turn|6\n|\n|t:|1782794815\n|move|p1a: Illumise|Bug Buzz|p2a: Ariados\n|-resisted|p2a: Ariados\n|-damage|p2a: Ariados|68/287 brn\n|move|p2a: Ariados|Poison Jab|p1a: Illumise\n|-damage|p1a: Illumise|155/266\n|-status|p1a: Illumise|psn\n|\n|-damage|p1a: Illumise|122/266 psn|[from] psn\n|-damage|p2a: Ariados|51/287 brn|[from] brn\n|upkeep\n|turn|7\n|\n|t:|1782794823\n|move|p1a: Illumise|Roost|p1a: Illumise\n|-heal|p1a: Illumise|255/266 psn\n|-singleturn|p1a: Illumise|move: Roost\n|move|p2a: Ariados|Megahorn|p1a: Illumise\n|-damage|p1a: Illumise|173/266 psn\n|\n|-damage|p1a: Illumise|140/266 psn|[from] psn\n|-damage|p2a: Ariados|34/287 brn|[from] brn\n|upkeep\n|turn|8\n|\n|t:|1782794833\n|move|p1a: Illumise|Roost|p1a: Illumise\n|-heal|p1a: Illumise|266/266 psn\n|-singleturn|p1a: Illumise|move: Roost\n|move|p2a: Ariados|Poison Jab|p1a: Illumise\n|-damage|p1a: Illumise|209/266 psn\n|\n|-damage|p1a: Illumise|176/266 psn|[from] psn\n|-damage|p2a: Ariados|17/287 brn|[from] brn\n|upkeep\n|turn|9\n|\n|t:|1782794844\n|move|p1a: Illumise|Bug Buzz|p2a: Ariados\n|-resisted|p2a: Ariados\n|-crit|p2a: Ariados\n|-damage|p2a: Ariados|0 fnt\n|faint|p2a: Ariados\n|\n|-damage|p1a: Illumise|143/266 psn|[from] psn\n|upkeep\n|\n|t:|1782794848\n|switch|p2a: Chien-Pao|Chien-Pao, L72|234/234\n|-ability|p2a: Chien-Pao|Sword of Ruin\n|turn|10\n|\n|t:|1782794857\n|switch|p1a: Rotom|Rotom-Wash, L82|179/216\n|move|p2a: Chien-Pao|Crunch|p1a: Rotom\n|-damage|p1a: Rotom|52/216\n|\n|upkeep\n|turn|11\n|\n|t:|1782794864\n|move|p2a: Chien-Pao|Crunch|p1a: Rotom\n|-damage|p1a: Rotom|0 fnt\n|faint|p1a: Rotom\n|\n|upkeep\n|\n|t:|1782794875\n|switch|p1a: Toedscruel|Toedscruel, L87, M|281/281\n|-activate|p1a: Toedscruel|move: Sticky Web\n|-unboost|p1a: Toedscruel|spe|1\n|turn|12\n|\n|t:|1782794882\n|switch|p2a: Gengar|Gengar, L81, M|230/230\n|move|p1a: Toedscruel|Rapid Spin|p2a: Gengar\n|-immune|p2a: Gengar\n|\n|upkeep\n|turn|13\n|\n|t:|1782794891\n|move|p2a: Gengar|Encore|p1a: Toedscruel\n|-start|p1a: Toedscruel|Encore\n|move|p1a: Toedscruel|Rapid Spin|p2a: Gengar\n|-immune|p2a: Gengar\n|\n|upkeep\n|turn|14\n|\n|t:|1782794895\n|switch|p1a: Illumise|Illumise, L91, F|143/266 psn\n|-activate|p1a: Illumise|move: Sticky Web\n|-unboost|p1a: Illumise|spe|1\n|move|p2a: Gengar|Sludge Wave|p1a: Illumise\n|-damage|p1a: Illumise|0 fnt\n|faint|p1a: Illumise\n|-damage|p2a: Gengar|207/230|[from] item: Life Orb\n|\n|upkeep\n|\n|t:|1782794908\n|switch|p1a: Typhlosion|Typhlosion-Hisui, L83, M|257/257\n|turn|15\n|\n|t:|1782794920\n|switch|p2a: Toedscruel|Toedscruel, L87, M|220/281\n|-terastallize|p1a: Typhlosion|Fighting\n|move|p1a: Typhlosion|Shadow Ball|p2a: Toedscruel\n|-damage|p2a: Toedscruel|172/281\n|-unboost|p2a: Toedscruel|spd|1\n|\n|upkeep\n|turn|16\n|inactive|mysteryantelope has 120 seconds left.\n|\n|t:|1782794964\n|move|p2a: Toedscruel|Knock Off|p1a: Typhlosion\n|-resisted|p1a: Typhlosion\n|-damage|p1a: Typhlosion|226/257\n|-enditem|p1a: Typhlosion|Heavy-Duty Boots|[from] move: Knock Off|[of] p2a: Toedscruel\n|move|p1a: Typhlosion|Fire Blast|p2a: Toedscruel\n|-supereffective|p2a: Toedscruel\n|-damage|p2a: Toedscruel|0 fnt\n|faint|p2a: Toedscruel\n|\n|upkeep\n|\n|t:|1782794979\n|switch|p2a: Barraskewda|Barraskewda, L81, M|231/231\n|turn|17\n|inactive|mysteryantelope has 120 seconds left.\n|inactive|mysteryantelope has 90 seconds left.\n|\n|t:|1782795023\n|move|p2a: Barraskewda|Waterfall|p1a: Typhlosion\n|-damage|p1a: Typhlosion|60/257\n|move|p1a: Typhlosion|Shadow Ball|p2a: Barraskewda\n|-damage|p2a: Barraskewda|93/231\n|\n|upkeep\n|turn|18\n|inactive|mysteryantelope has 90 seconds left.\n|\n|t:|1782795030\n|move|p2a: Barraskewda|Waterfall|p1a: Typhlosion\n|-damage|p1a: Typhlosion|0 fnt\n|faint|p1a: Typhlosion\n|\n|upkeep\n|\n|t:|1782795032\n|switch|p1a: Slaking|Slaking, L84, F|389/389\n|-activate|p1a: Slaking|move: Sticky Web\n|-unboost|p1a: Slaking|spe|1\n|turn|19\n|\n|t:|1782795041\n|move|p2a: Barraskewda|Waterfall|p1a: Slaking\n|-damage|p1a: Slaking|263/389\n|move|p1a: Slaking|Knock Off|p2a: Barraskewda\n|-damage|p2a: Barraskewda|0 fnt\n|-enditem|p2a: Barraskewda|Choice Band|[from] move: Knock Off|[of] p1a: Slaking\n|faint|p2a: Barraskewda\n|\n|upkeep\n|\n|t:|1782795055\n|switch|p2a: Chien-Pao|Chien-Pao, L72|234/234\n|-ability|p2a: Chien-Pao|Sword of Ruin\n|turn|20\n|\n|t:|1782795065\n|move|p2a: Chien-Pao|Icicle Crash|p1a: Slaking\n|-damage|p1a: Slaking|118/389\n|cant|p1a: Slaking|ability: Truant\n|\n|upkeep\n|turn|21\n|\n|t:|1782795072\n|move|p2a: Chien-Pao|Icicle Crash|p1a: Slaking\n|-damage|p1a: Slaking|0 fnt\n|faint|p1a: Slaking\n|\n|upkeep\n|\n|t:|1782795075\n|switch|p1a: Zebstrika|Zebstrika, L87, M|272/272\n|-activate|p1a: Zebstrika|move: Sticky Web\n|-unboost|p1a: Zebstrika|spe|1\n|turn|22\n|\n|t:|1782795080\n|-terastallize|p2a: Chien-Pao|Ice\n|move|p2a: Chien-Pao|Icicle Crash|p1a: Zebstrika\n|-damage|p1a: Zebstrika|16/272\n|cant|p1a: Zebstrika|flinch\n|\n|upkeep\n|turn|23\n|\n|t:|1782795086\n|move|p2a: Chien-Pao|Icicle Crash|p1a: Zebstrika\n|-damage|p1a: Zebstrika|0 fnt\n|faint|p1a: Zebstrika\n|\n|upkeep\n|\n|t:|1782795088\n|switch|p1a: Toedscruel|Toedscruel, L87, M|281/281\n|-activate|p1a: Toedscruel|move: Sticky Web\n|-unboost|p1a: Toedscruel|spe|1\n|turn|24\n|\n|t:|1782795089\n|move|p2a: Chien-Pao|Icicle Crash|p1a: Toedscruel\n|-supereffective|p1a: Toedscruel\n|-damage|p1a: Toedscruel|0 fnt\n|faint|p1a: Toedscruel\n|\n|win|Jadasteel\n", "inputlog": ">version f8ac14003a5f27e1bdc8d8c59608a773c1cb96e5\n>start {\"formatid\":\"gen9randombattle\",\"seed\":\"sodium,e7ded2cabee101f7cbdfa552644cba47\",\"rated\":\"Rated battle\"}\n>player p1 {\"name\":\"mysteryantelope\",\"avatar\":\"169\",\"rating\":1951,\"seed\":\"sodium,3d89d2f36bb91a8008db722497594fde\"}\n>player p2 {\"name\":\"Jadasteel\",\"avatar\":\"fantina\",\"rating\":2057,\"seed\":\"sodium,ebde69162747b11519d2b3ee93a52a3e\"}\n>p1 move willowisp\n>p2 move stickyweb\n>p1 move hydropump\n>p2 move knockoff\n>p1 move hydropump\n>p2 switch 2\n>p1 switch 2\n>p2 move knockoff\n>p1 move thunderwave\n>p2 switch 2\n>p1 move bugbuzz\n>p2 move poisonjab\n>p1 move roost\n>p2 move megahorn\n>p1 move roost\n>p2 move poisonjab\n>p1 move bugbuzz\n>p2 move megahorn\n>p2 switch 6\n>p1 switch 2\n>p2 move crunch\n>p1 move willowisp\n>p2 move crunch\n>p1 switch 5\n>p1 move rapidspin\n>p2 switch 5\n>p1 move knockoff\n>p2 move encore\n>p1 switch 2\n>p2 move sludgewave\n>p1 switch 4\n>p1 move shadowball terastallize\n>p2 switch 2\n>p1 move fireblast\n>p2 move knockoff\n>p2 switch 4\n>p1 move shadowball\n>p2 move waterfall\n>p1 move shadowball\n>p2 move waterfall\n>p1 switch 6\n>p1 move knockoff\n>p2 move waterfall\n>p2 switch 5\n>p1 move knockoff\n>p2 move iciclecrash\n>p1 move knockoff\n>p2 move iciclecrash\n>p1 switch 3\n>p1 move overheat\n>p2 move iciclecrash terastallize\n>p1 move overheat\n>p2 move iciclecrash\n>p1 switch 2\n>p1 move rapidspin\n>p2 move iciclecrash", "uploadtime": 1782794750, "views": 5, "formatid": "gen9randombattle", "rating": null, "private": 0, "password": null, "player_dets": [{"name": "mysteryantelope", "avatar": "169", "rating": 1951, "seed": "sodium,3d89d2f36bb91a8008db722497594fde"}, {"name": "Jadasteel", "avatar": "fantina", "rating": 2057, "seed": "sodium,ebde69162747b11519d2b3ee93a52a3e"}], "teams_full": [{"Rotom": {"name": "Rotom", "species": "Rotom-Wash", "speciesId": "rotomwash", "gender": "N", "shiny": false, "level": 82, "moves": ["painsplit", "hydropump", "willowisp", "discharge"], "ability": "Levitate", "evs": {"hp": 85, "atk": 0, "def": 85, "spa": 85, "spd": 85, "spe": 85}, "ivs": {"hp": 31, "atk": 0, "def": 31, "spa": 31, "spd": 31, "spe": 31}, "item": "Leftovers", "teraType": "Electric", "role": "Bulky Support", "bvs": {"hp": 50, "atk": 65, "def": 107, "spa": 105, "spd": 107, "spe": 86}, "stats": {"hp": 216, "atk": 111, "def": 223, "spa": 219, "spd": 223, "spe": 188}, "types": ["Electric", "Water"]}, "Illumise": {"name": "Illumise", "species": "Illumise", "speciesId": "illumise", "gender": "F", "shiny": false, "level": 91, "moves": ["bugbuzz", "roost", "encore", "thunderwave"], "ability": "Prankster", "evs": {"hp": 85, "atk": 0, "def": 85, "spa": 85, "spd": 85, "spe": 85}, "ivs": {"hp": 31, "atk": 0, "def": 31, "spa": 31, "spd": 31, "spe": 31}, "item": "Heavy-Duty Boots", "teraType": "Steel", "role": "Bulky Support", "bvs": {"hp": 65, "atk": 47, "def": 75, "spa": 73, "spd": 85, "spe": 85}, "stats": {"hp": 266, "atk": 90, "def": 188, "spa": 185, "spd": 207, "spe": 207}, "types": ["Bug"]}, "Zebstrika": {"name": "Zebstrika", "species": "Zebstrika", "speciesId": "zebstrika", "gender": "M", "shiny": false, "level": 87, "moves": ["voltswitch", "supercellslam", "highhorsepower", "overheat"], "ability": "Sap Sipper", "evs": {"hp": 85, "atk": 85, "def": 85, "spa": 85, "spd": 85, "spe": 85}, "ivs": {"hp": 31, "atk": 31, "def": 31, "spa": 31, "spd": 31, "spe": 31}, "item": "Life Orb", "teraType": "Ground", "role": "Fast Attacker", "bvs": {"hp": 75, "atk": 100, "def": 63, "spa": 80, "spd": 63, "spe": 116}, "stats": {"hp": 272, "atk": 224, "def": 159, "spa": 189, "spd": 159, "spe": 252}, "types": ["Electric"]}, "Typhlosion": {"name": "Typhlosion", "species": "Typhlosion-Hisui", "speciesId": "typhlosionhisui", "gender": "M", "shiny": false, "level": 83, "moves": ["shadowball", "fireblast", "calmmind", "focusblast"], "ability": "Blaze", "evs": {"hp": 85, "atk": 0, "def": 85, "spa": 85, "spd": 85, "spe": 85}, "ivs": {"hp": 31, "atk": 0, "def": 31, "spa": 31, "spd": 31, "spe": 31}, "item": "Heavy-Duty Boots", "teraType": "Fighting", "role": "Fast Bulky Setup", "bvs": {"hp": 73, "atk": 84, "def": 78, "spa": 119, "spd": 85, "spe": 95}, "stats": {"hp": 257, "atk": 144, "def": 177, "spa": 245, "spd": 189, "spe": 205}, "types": ["Fire", "Ghost"]}, "Toedscruel": {"name": "Toedscruel", "species": "Toedscruel", "speciesId": "toedscruel", "gender": "M", "shiny": false, "level": 87, "moves": ["earthpower", "knockoff", "rapidspin", "leafstorm"], "ability": "Mycelium Might", "evs": {"hp": 85, "atk": 85, "def": 85, "spa": 85, "spd": 85, "spe": 85}, "ivs": {"hp": 31, "atk": 31, "def": 31, "spa": 31, "spd": 31, "spe": 31}, "item": "Assault Vest", "teraType": "Water", "role": "Bulky Support", "bvs": {"hp": 80, "atk": 70, "def": 65, "spa": 80, "spd": 120, "spe": 100}, "stats": {"hp": 281, "atk": 172, "def": 163, "spa": 189, "spd": 259, "spe": 224}, "types": ["Ground", "Grass"]}, "Slaking": {"name": "Slaking", "species": "Slaking", "speciesId": "slaking", "gender": "F", "shiny": false, "level": 84, "moves": ["knockoff", "gigaimpact", "earthquake", "doubleedge"], "ability": "Truant", "evs": {"hp": 85, "atk": 85, "def": 85, "spa": 85, "spd": 85, "spe": 85}, "ivs": {"hp": 31, "atk": 31, "def": 31, "spa": 31, "spd": 31, "spe": 31}, "item": "Choice Scarf", "teraType": "Normal", "role": "Fast Attacker", "bvs": {"hp": 150, "atk": 160, "def": 100, "spa": 95, "spd": 65, "spe": 100}, "stats": {"hp": 389, "atk": 317, "def": 216, "spa": 208, "spd": 157, "spe": 216}, "types": ["Normal"]}}, {"Ariados": {"name": "Ariados", "species": "Ariados", "speciesId": "ariados", "gender": "M", "shiny": false, "level": 95, "moves": ["stickyweb", "poisonjab", "megahorn", "knockoff"], "ability": "Insomnia", "evs": {"hp": 85, "atk": 85, "def": 85, "spa": 85, "spd": 85, "spe": 85}, "ivs": {"hp": 31, "atk": 31, "def": 31, "spa": 31, "spd": 31, "spe": 31}, "item": "Focus Sash", "teraType": "Ghost", "role": "Fast Support", "bvs": {"hp": 70, "atk": 90, "def": 70, "spa": 60, "spd": 70, "spe": 40}, "stats": {"hp": 287, "atk": 225, "def": 187, "spa": 168, "spd": 187, "spe": 130}, "types": ["Bug", "Poison"]}, "Toedscruel": {"name": "Toedscruel", "species": "Toedscruel", "speciesId": "toedscruel", "gender": "M", "shiny": false, "level": 87, "moves": ["knockoff", "earthpower", "leafstorm", "rapidspin"], "ability": "Mycelium Might", "evs": {"hp": 85, "atk": 85, "def": 85, "spa": 85, "spd": 85, "spe": 85}, "ivs": {"hp": 31, "atk": 31, "def": 31, "spa": 31, "spd": 31, "spe": 31}, "item": "Assault Vest", "teraType": "Water", "role": "Bulky Support", "bvs": {"hp": 80, "atk": 70, "def": 65, "spa": 80, "spd": 120, "spe": 100}, "stats": {"hp": 281, "atk": 172, "def": 163, "spa": 189, "spd": 259, "spe": 224}, "types": ["Ground", "Grass"]}, "Dunsparce": {"name": "Dunsparce", "species": "Dunsparce", "speciesId": "dunsparce", "gender": "M", "shiny": false, "level": 86, "moves": ["bodyslam", "coil", "roost", "earthquake"], "ability": "Serene Grace", "evs": {"hp": 85, "atk": 85, "def": 85, "spa": 85, "spd": 85, "spe": 85}, "ivs": {"hp": 31, "atk": 31, "def": 31, "spa": 31, "spd": 31, "spe": 31}, "item": "Eviolite", "teraType": "Ground", "role": "Bulky Setup", "bvs": {"hp": 100, "atk": 70, "def": 70, "spa": 65, "spd": 65, "spe": 45}, "stats": {"hp": 312, "atk": 170, "def": 170, "spa": 161, "spd": 161, "spe": 127}, "types": ["Normal"]}, "Barraskewda": {"name": "Barraskewda", "species": "Barraskewda", "speciesId": "barraskewda", "gender": "M", "shiny": false, "level": 81, "moves": ["flipturn", "waterfall", "poisonjab", "closecombat"], "ability": "Swift Swim", "evs": {"hp": 85, "atk": 85, "def": 85, "spa": 85, "spd": 85, "spe": 85}, "ivs": {"hp": 31, "atk": 31, "def": 31, "spa": 31, "spd": 31, "spe": 31}, "item": "Choice Band", "teraType": "Water", "role": "Wallbreaker", "bvs": {"hp": 61, "atk": 123, "def": 60, "spa": 60, "spd": 50, "spe": 136}, "stats": {"hp": 231, "atk": 246, "def": 144, "spa": 144, "spd": 128, "spe": 267}, "types": ["Water"]}, "Gengar": {"name": "Gengar", "species": "Gengar", "speciesId": "gengar", "gender": "M", "shiny": false, "level": 81, "moves": ["shadowball", "encore", "sludgewave", "willowisp"], "ability": "Cursed Body", "evs": {"hp": 85, "atk": 0, "def": 85, "spa": 85, "spd": 85, "spe": 85}, "ivs": {"hp": 31, "atk": 0, "def": 31, "spa": 31, "spd": 31, "spe": 31}, "item": "Life Orb", "teraType": "Dark", "role": "Fast Attacker", "bvs": {"hp": 60, "atk": 65, "def": 60, "spa": 130, "spd": 75, "spe": 110}, "stats": {"hp": 230, "atk": 110, "def": 144, "spa": 257, "spd": 168, "spe": 225}, "types": ["Ghost", "Poison"]}, "Chien-Pao": {"name": "Chien-Pao", "species": "Chien-Pao", "speciesId": "chienpao", "gender": "N", "shiny": false, "level": 72, "moves": ["iceshard", "iciclecrash", "crunch", "sacredsword"], "ability": "Sword of Ruin", "evs": {"hp": 85, "atk": 85, "def": 85, "spa": 85, "spd": 85, "spe": 85}, "ivs": {"hp": 31, "atk": 31, "def": 31, "spa": 31, "spd": 31, "spe": 31}, "item": "Choice Band", "teraType": "Ice", "role": "Wallbreaker", "bvs": {"hp": 80, "atk": 120, "def": 80, "spa": 90, "spd": 65, "spe": 135}, "stats": {"hp": 234, "atk": 215, "def": 157, "spa": 172, "spd": 136, "spe": 236}, "types": ["Dark", "Ice"]}}]}