{"id": "gen9randombattle-2641117517", "format": "[Gen 9] Random Battle", "players": ["CarlosFermin095", "Herdicher"], "log": "|j|\u2606CarlosFermin095\n|j|\u2606Herdicher\n|t:|1782742670\n|gametype|singles\n|player|p1|CarlosFermin095|red|1766\n|player|p2|Herdicher|blue-gen1|1750\n|gen|9\n|tier|[Gen 9] Random Battle\n|rated|\n|rule|Species Clause: Limit one of each Pok\u00e9mon\n|rule|HP Percentage Mod: HP is shown in percentages\n|rule|Sleep Clause Mod: Limit one foe put to sleep\n|rule|Illusion Level Mod: Illusion disguises the Pok\u00e9mon's true level\n|\n|t:|1782742670\n|teamsize|p1|6\n|teamsize|p2|6\n|start\n|switch|p1a: Espathra|Espathra, L80, M|283/283\n|switch|p2a: Iron Jugulis|Iron Jugulis, L77|271/271\n|turn|1\n|inactive|Battle timer is ON: inactive players will automatically lose when time's up. (requested by Herdicher)\n|\n|t:|1782742683\n|-terastallize|p1a: Espathra|Fairy\n|move|p1a: Espathra|Substitute|p1a: Espathra\n|-start|p1a: Espathra|Substitute\n|-damage|p1a: Espathra|213/283\n|move|p2a: Iron Jugulis|Dark Pulse|p1a: Espathra\n|-resisted|p1a: Espathra\n|-end|p1a: Espathra|Substitute\n|\n|-heal|p1a: Espathra|230/283|[from] item: Leftovers\n|-ability|p1a: Espathra|Speed Boost|boost\n|-boost|p1a: Espathra|spe|1\n|upkeep\n|turn|2\n|\n|t:|1782742702\n|-end|p2a: Iron Jugulis|Quark Drive|[silent]\n|switch|p2a: Keldeo|Keldeo-Resolute, L79|273/273\n|move|p1a: Espathra|Calm Mind|p1a: Espathra\n|-boost|p1a: Espathra|spa|1\n|-boost|p1a: Espathra|spd|1\n|\n|-heal|p1a: Espathra|247/283|[from] item: Leftovers\n|-ability|p1a: Espathra|Speed Boost|boost\n|-boost|p1a: Espathra|spe|1\n|upkeep\n|turn|3\n|\n|t:|1782742713\n|-terastallize|p2a: Keldeo|Steel\n|move|p1a: Espathra|Stored Power|p2a: Keldeo\n|-resisted|p2a: Keldeo\n|-damage|p2a: Keldeo|194/273\n|move|p2a: Keldeo|Calm Mind|p2a: Keldeo\n|-boost|p2a: Keldeo|spa|1\n|-boost|p2a: Keldeo|spd|1\n|\n|-heal|p1a: Espathra|264/283|[from] item: Leftovers\n|-heal|p2a: Keldeo|211/273|[from] item: Leftovers\n|-ability|p1a: Espathra|Speed Boost|boost\n|-boost|p1a: Espathra|spe|1\n|upkeep\n|turn|4\n|\n|t:|1782742726\n|move|p1a: Espathra|Calm Mind|p1a: Espathra\n|-boost|p1a: Espathra|spa|1\n|-boost|p1a: Espathra|spd|1\n|move|p2a: Keldeo|Calm Mind|p2a: Keldeo\n|-boost|p2a: Keldeo|spa|1\n|-boost|p2a: Keldeo|spd|1\n|\n|-heal|p1a: Espathra|281/283|[from] item: Leftovers\n|-heal|p2a: Keldeo|228/273|[from] item: Leftovers\n|-ability|p1a: Espathra|Speed Boost|boost\n|-boost|p1a: Espathra|spe|1\n|upkeep\n|turn|5\n|\n|t:|1782742737\n|move|p1a: Espathra|Calm Mind|p1a: Espathra\n|-boost|p1a: Espathra|spa|1\n|-boost|p1a: Espathra|spd|1\n|move|p2a: Keldeo|Calm Mind|p2a: Keldeo\n|-boost|p2a: Keldeo|spa|1\n|-boost|p2a: Keldeo|spd|1\n|\n|-heal|p1a: Espathra|283/283|[from] item: Leftovers\n|-heal|p2a: Keldeo|245/273|[from] item: Leftovers\n|-ability|p1a: Espathra|Speed Boost|boost\n|-boost|p1a: Espathra|spe|1\n|upkeep\n|turn|6\n|\n|t:|1782742748\n|move|p1a: Espathra|Calm Mind|p1a: Espathra\n|-boost|p1a: Espathra|spa|1\n|-boost|p1a: Espathra|spd|1\n|move|p2a: Keldeo|Secret Sword|p1a: Espathra\n|-resisted|p1a: Espathra\n|-damage|p1a: Espathra|124/283\n|\n|-heal|p1a: Espathra|141/283|[from] item: Leftovers\n|-heal|p2a: Keldeo|262/273|[from] item: Leftovers\n|-ability|p1a: Espathra|Speed Boost|boost\n|-boost|p1a: Espathra|spe|1\n|upkeep\n|turn|7\n|\n|t:|1782742760\n|move|p1a: Espathra|Stored Power|p2a: Keldeo\n|-resisted|p2a: Keldeo\n|-damage|p2a: Keldeo|83/273\n|move|p2a: Keldeo|Secret Sword|p1a: Espathra\n|-resisted|p1a: Espathra\n|-damage|p1a: Espathra|0 fnt\n|faint|p1a: Espathra\n|\n|-heal|p2a: Keldeo|100/273|[from] item: Leftovers\n|upkeep\n|inactive|CarlosFermin095 has 120 seconds left.\n|\n|t:|1782742793\n|switch|p1a: Pawmot|Pawmot, L80, M|243/243\n|turn|8\n|inactive|CarlosFermin095 has 120 seconds left.\n|\n|t:|1782742802\n|move|p2a: Keldeo|Secret Sword|p1a: Pawmot\n|-damage|p1a: Pawmot|0 fnt\n|faint|p1a: Pawmot\n|\n|-heal|p2a: Keldeo|117/273|[from] item: Leftovers\n|upkeep\n|inactive|CarlosFermin095 has 120 seconds left.\n|\n|t:|1782742815\n|switch|p1a: Polteageist|Polteageist-Antique, L78|222/222\n|turn|9\n|inactive|CarlosFermin095 has 120 seconds left.\n|\n|t:|1782742821\n|move|p2a: Keldeo|Hydro Pump|p1a: Polteageist|[miss]\n|-miss|p2a: Keldeo|p1a: Polteageist\n|move|p1a: Polteageist|Shell Smash|p1a: Polteageist\n|-unboost|p1a: Polteageist|def|1\n|-unboost|p1a: Polteageist|spd|1\n|-boost|p1a: Polteageist|atk|2\n|-boost|p1a: Polteageist|spa|2\n|-boost|p1a: Polteageist|spe|2\n|-enditem|p1a: Polteageist|White Herb\n|-clearnegativeboost|p1a: Polteageist|[silent]\n|\n|-heal|p2a: Keldeo|134/273|[from] item: Leftovers\n|upkeep\n|turn|10\n|inactive|CarlosFermin095 has 120 seconds left.\n|\n|t:|1782742833\n|move|p1a: Polteageist|Shadow Ball|p2a: Keldeo\n|-damage|p2a: Keldeo|56/273\n|move|p2a: Keldeo|Hydro Pump|p1a: Polteageist\n|-damage|p1a: Polteageist|0 fnt\n|faint|p1a: Polteageist\n|\n|-heal|p2a: Keldeo|73/273|[from] item: Leftovers\n|upkeep\n|inactive|CarlosFermin095 has 120 seconds left.\n|\n|t:|1782742845\n|switch|p1a: Gallade|Gallade, L80, M|240/240\n|turn|11\n|inactive|CarlosFermin095 has 120 seconds left.\n|\n|t:|1782742852\n|move|p2a: Keldeo|Hydro Pump|p1a: Gallade\n|-damage|p1a: Gallade|0 fnt\n|faint|p1a: Gallade\n|\n|-heal|p2a: Keldeo|90/273|[from] item: Leftovers\n|upkeep\n|inactive|CarlosFermin095 has 120 seconds left.\n|\n|t:|1782742862\n|switch|p1a: Carbink|Carbink, L90|236/236\n|turn|12\n|\n|t:|1782742870\n|move|p2a: Keldeo|Hydro Pump|p1a: Carbink\n|-supereffective|p1a: Carbink\n|-ability|p1a: Carbink|Sturdy\n|-damage|p1a: Carbink|1/236\n|move|p1a: Carbink|Body Press|p2a: Keldeo\n|-supereffective|p2a: Keldeo\n|-damage|p2a: Keldeo|0 fnt\n|faint|p2a: Keldeo\n|\n|upkeep\n|\n|t:|1782742877\n|switch|p2a: Iron Jugulis|Iron Jugulis, L77|271/271\n|turn|13\n|c|\u2606Herdicher|gg\n|\n|t:|1782742882\n|move|p2a: Iron Jugulis|Dark Pulse|p1a: Carbink\n|-resisted|p1a: Carbink\n|-damage|p1a: Carbink|0 fnt\n|faint|p1a: Carbink\n|\n|upkeep\n|\n|t:|1782742888\n|switch|p1a: Mamoswine|Mamoswine, L81, M|311/311\n|turn|14\n|c|\u2606Herdicher|oh sorry i thought that was the last pokemon\n|c|\u2606Herdicher|mb\n|\n|t:|1782742909\n|move|p2a: Iron Jugulis|Dark Pulse|p1a: Mamoswine\n|-damage|p1a: Mamoswine|131/311\n|move|p1a: Mamoswine|Icicle Crash|p2a: Iron Jugulis\n|-supereffective|p2a: Iron Jugulis\n|-damage|p2a: Iron Jugulis|0 fnt\n|faint|p2a: Iron Jugulis\n|-end|p2a: Iron Jugulis|Quark Drive|[silent]\n|\n|upkeep\n|c|\u2606CarlosFermin095|Gg though\n|\n|t:|1782742919\n|switch|p2a: Arceus|Arceus-Ghost, L69|280/280\n|turn|15\n|\n|t:|1782742926\n|move|p2a: Arceus|Judgment|p1a: Mamoswine\n|-damage|p1a: Mamoswine|4/311\n|move|p1a: Mamoswine|Icicle Crash|p2a: Arceus\n|-damage|p2a: Arceus|120/280\n|\n|upkeep\n|turn|16\n|\n|t:|1782742935\n|move|p2a: Arceus|Judgment|p1a: Mamoswine\n|-damage|p1a: Mamoswine|0 fnt\n|faint|p1a: Mamoswine\n|\n|win|Herdicher\n|raw|CarlosFermin095's rating: 1766 &rarr; <strong>1745</strong><br />(-21 for losing)\n|raw|Herdicher's rating: 1750 &rarr; <strong>1771</strong><br />(+21 for winning)\n|c|\u2606Herdicher|ggwp\n", "inputlog": ">version f8ac14003a5f27e1bdc8d8c59608a773c1cb96e5\n>start {\"formatid\":\"gen9randombattle\",\"seed\":\"sodium,aa1a1e36ba789d8d35ac18c6153311ae\",\"rated\":\"Rated battle\"}\n>player p1 {\"name\":\"CarlosFermin095\",\"avatar\":\"red\",\"rating\":1766,\"seed\":\"sodium,5cb4d532bbd27b6f10d8973daf39883f\"}\n>player p2 {\"name\":\"Herdicher\",\"avatar\":\"blue-gen1\",\"rating\":1750,\"seed\":\"sodium,e9b61b593fba1ff88bbfa77affb6ecf2\"}\n>p1 move substitute terastallize\n>p2 move darkpulse\n>p1 move calmmind\n>p2 switch 3\n>p1 move storedpower\n>p2 move calmmind terastallize\n>p1 move calmmind\n>p2 move calmmind\n>p1 move calmmind\n>p2 move calmmind\n>p1 move calmmind\n>p2 move secretsword\n>p1 move storedpower\n>p2 move secretsword\n>p1 switch 6\n>p1 move closecombat\n>p2 move secretsword\n>p1 switch 5\n>p1 move shellsmash\n>p2 move hydropump\n>p1 move shadowball\n>p2 move hydropump\n>p1 switch 2\n>p1 move agility\n>p2 move hydropump\n>p1 switch 4\n>p1 move bodypress\n>p2 move hydropump\n>p2 switch 3\n>chat \u2606Herdicher|gg\n>p1 move bodypress\n>p2 move darkpulse\n>p1 switch 3\n>chat \u2606Herdicher|oh sorry i thought that was the last pokemon\n>chat \u2606Herdicher|mb\n>p1 move iciclecrash\n>p2 move darkpulse\n>chat \u2606CarlosFermin095|Gg though\n>p2 switch 5\n>p1 move iciclecrash\n>p2 move judgment\n>p1 move iciclecrash\n>p2 move judgment", "uploadtime": 1782742943, "views": 8, "formatid": "gen9randombattle", "rating": 1745, "private": 0, "password": null, "player_dets": [{"name": "CarlosFermin095", "avatar": "red", "rating": 1766, "seed": "sodium,5cb4d532bbd27b6f10d8973daf39883f"}, {"name": "Herdicher", "avatar": "blue-gen1", "rating": 1750, "seed": "sodium,e9b61b593fba1ff88bbfa77affb6ecf2"}], "teams_full": [{"Espathra": {"name": "Espathra", "species": "Espathra", "speciesId": "espathra", "gender": "M", "shiny": false, "level": 80, "moves": ["storedpower", "substitute", "calmmind", "dazzlinggleam"], "ability": "Speed Boost", "evs": {"hp": 85, "atk": 0, "def": 85, "spa": 85, "spd": 85, "spe": 85}, "ivs": {"hp": 31, "atk": 0, "def": 31, "spa": 31, "spd": 31, "spe": 31}, "item": "Leftovers", "teraType": "Fairy", "role": "Fast Bulky Setup", "bvs": {"hp": 95, "atk": 60, "def": 60, "spa": 101, "spd": 60, "spe": 105}, "stats": {"hp": 283, "atk": 101, "def": 142, "spa": 208, "spd": 142, "spe": 214}, "types": ["Psychic"]}, "Gallade": {"name": "Gallade", "species": "Gallade", "speciesId": "gallade", "gender": "M", "shiny": false, "level": 80, "moves": ["psychocut", "agility", "nightslash", "sacredsword"], "ability": "Sharpness", "evs": {"hp": 85, "atk": 85, "def": 85, "spa": 85, "spd": 85, "spe": 85}, "ivs": {"hp": 31, "atk": 31, "def": 31, "spa": 31, "spd": 31, "spe": 31}, "item": "Life Orb", "teraType": "Fighting", "role": "Setup Sweeper", "bvs": {"hp": 68, "atk": 125, "def": 65, "spa": 65, "spd": 115, "spe": 80}, "stats": {"hp": 240, "atk": 246, "def": 150, "spa": 150, "spd": 230, "spe": 174}, "types": ["Psychic", "Fighting"]}, "Mamoswine": {"name": "Mamoswine", "species": "Mamoswine", "speciesId": "mamoswine", "gender": "M", "shiny": false, "level": 81, "moves": ["knockoff", "earthquake", "iceshard", "iciclecrash"], "ability": "Thick Fat", "evs": {"hp": 85, "atk": 85, "def": 85, "spa": 85, "spd": 85, "spe": 85}, "ivs": {"hp": 31, "atk": 31, "def": 31, "spa": 31, "spd": 31, "spe": 31}, "item": "Choice Band", "teraType": "Ice", "role": "Wallbreaker", "bvs": {"hp": 110, "atk": 130, "def": 80, "spa": 70, "spd": 60, "spe": 80}, "stats": {"hp": 311, "atk": 257, "def": 176, "spa": 160, "spd": 144, "spe": 176}, "types": ["Ice", "Ground"]}, "Carbink": {"name": "Carbink", "species": "Carbink", "speciesId": "carbink", "gender": "N", "shiny": false, "level": 90, "moves": ["irondefense", "rest", "moonblast", "bodypress"], "ability": "Sturdy", "evs": {"hp": 85, "atk": 0, "def": 85, "spa": 85, "spd": 85, "spe": 85}, "ivs": {"hp": 31, "atk": 0, "def": 31, "spa": 31, "spd": 31, "spe": 31}, "item": "Chesto Berry", "teraType": "Fighting", "role": "Fast Bulky Setup", "bvs": {"hp": 50, "atk": 50, "def": 150, "spa": 50, "spd": 150, "spe": 50}, "stats": {"hp": 236, "atk": 95, "def": 321, "spa": 141, "spd": 321, "spe": 141}, "types": ["Rock", "Fairy"]}, "Polteageist": {"name": "Polteageist", "species": "Polteageist-Antique", "speciesId": "polteageist", "gender": "N", "shiny": false, "level": 78, "moves": ["storedpower", "strengthsap", "shadowball", "shellsmash"], "ability": "Cursed Body", "evs": {"hp": 85, "atk": 0, "def": 85, "spa": 85, "spd": 85, "spe": 85}, "ivs": {"hp": 31, "atk": 0, "def": 31, "spa": 31, "spd": 31, "spe": 31}, "item": "White Herb", "teraType": "Dark", "role": "Setup Sweeper", "bvs": {"hp": 60, "atk": 65, "def": 65, "spa": 134, "spd": 114, "spe": 70}, "stats": {"hp": 222, "atk": 106, "def": 146, "spa": 254, "spd": 223, "spe": 154}, "types": ["Ghost"]}, "Pawmot": {"name": "Pawmot", "species": "Pawmot", "speciesId": "pawmot", "gender": "M", "shiny": false, "level": 80, "moves": ["closecombat", "knockoff", "revivalblessing", "doubleshock"], "ability": "Volt Absorb", "evs": {"hp": 85, "atk": 85, "def": 85, "spa": 85, "spd": 85, "spe": 85}, "ivs": {"hp": 31, "atk": 31, "def": 31, "spa": 31, "spd": 31, "spe": 31}, "item": "Life Orb", "teraType": "Electric", "role": "Fast Attacker", "bvs": {"hp": 70, "atk": 115, "def": 70, "spa": 70, "spd": 60, "spe": 105}, "stats": {"hp": 243, "atk": 230, "def": 158, "spa": 158, "spd": 142, "spe": 214}, "types": ["Electric", "Fighting"]}}, {"Iron Jugulis": {"name": "Iron Jugulis", "species": "Iron Jugulis", "speciesId": "ironjugulis", "gender": "N", "shiny": false, "level": 77, "moves": ["hurricane", "earthpower", "hydropump", "darkpulse"], "ability": "Quark Drive", "evs": {"hp": 85, "atk": 0, "def": 85, "spa": 85, "spd": 85, "spe": 85}, "ivs": {"hp": 31, "atk": 0, "def": 31, "spa": 31, "spd": 31, "spe": 31}, "item": "Choice Specs", "teraType": "Ground", "role": "Wallbreaker", "bvs": {"hp": 94, "atk": 80, "def": 86, "spa": 122, "spd": 80, "spe": 108}, "stats": {"hp": 271, "atk": 128, "def": 177, "spa": 232, "spd": 168, "spe": 211}, "types": ["Dark", "Flying"]}, "Ogerpon": {"name": "Ogerpon", "species": "Ogerpon-Hearthflame", "speciesId": "ogerponhearthflame", "gender": "F", "shiny": false, "level": 74, "moves": ["powerwhip", "ivycudgel", "stompingtantrum", "swordsdance"], "ability": "Mold Breaker", "evs": {"hp": 77, "atk": 85, "def": 85, "spa": 85, "spd": 85, "spe": 85}, "ivs": {"hp": 31, "atk": 31, "def": 31, "spa": 31, "spd": 31, "spe": 31}, "item": "Hearthflame Mask", "teraType": "Fire", "role": "Setup Sweeper", "bvs": {"hp": 80, "atk": 120, "def": 84, "spa": 60, "spd": 96, "spe": 110}, "stats": {"hp": 239, "atk": 221, "def": 167, "spa": 132, "spd": 185, "spe": 206}, "types": ["Grass", "Fire"]}, "Keldeo": {"name": "Keldeo", "species": "Keldeo-Resolute", "speciesId": "keldeoresolute", "gender": "N", "shiny": false, "level": 79, "moves": ["substitute", "secretsword", "calmmind", "hydropump"], "ability": "Justified", "evs": {"hp": 85, "atk": 0, "def": 85, "spa": 85, "spd": 85, "spe": 85}, "ivs": {"hp": 31, "atk": 0, "def": 31, "spa": 31, "spd": 31, "spe": 31}, "item": "Leftovers", "teraType": "Steel", "role": "Bulky Setup", "bvs": {"hp": 91, "atk": 72, "def": 90, "spa": 129, "spd": 90, "spe": 108}, "stats": {"hp": 273, "atk": 118, "def": 188, "spa": 249, "spd": 188, "spe": 216}, "types": ["Water", "Fighting"]}, "Kommo-o": {"name": "Kommo-o", "species": "Kommo-o", "speciesId": "kommoo", "gender": "M", "shiny": false, "level": 78, "moves": ["closecombat", "scaleshot", "ironhead", "swordsdance"], "ability": "Soundproof", "evs": {"hp": 85, "atk": 85, "def": 85, "spa": 85, "spd": 85, "spe": 85}, "ivs": {"hp": 31, "atk": 31, "def": 31, "spa": 31, "spd": 31, "spe": 31}, "item": "Loaded Dice", "teraType": "Steel", "role": "Setup Sweeper", "bvs": {"hp": 75, "atk": 110, "def": 125, "spa": 100, "spd": 105, "spe": 85}, "stats": {"hp": 245, "atk": 217, "def": 240, "spa": 201, "spd": 209, "spe": 178}, "types": ["Dragon", "Fighting"]}, "Arceus": {"name": "Arceus", "species": "Arceus-Ghost", "speciesId": "arceusghost", "gender": "N", "shiny": false, "level": 69, "moves": ["focusblast", "recover", "calmmind", "judgment"], "ability": "Multitype", "evs": {"hp": 85, "atk": 0, "def": 85, "spa": 85, "spd": 85, "spe": 85}, "ivs": {"hp": 31, "atk": 0, "def": 31, "spa": 31, "spd": 31, "spe": 31}, "item": "Spooky Plate", "teraType": "Fighting", "role": "Bulky Attacker", "bvs": {"hp": 120, "atk": 120, "def": 120, "spa": 120, "spd": 120, "spe": 120}, "stats": {"hp": 280, "atk": 170, "def": 206, "spa": 206, "spd": 206, "spe": 206}, "types": ["Ghost"]}, "Oricorio": {"name": "Oricorio", "species": "Oricorio-Sensu", "speciesId": "oricoriosensu", "gender": "M", "shiny": false, "level": 85, "moves": ["revelationdance", "roost", "quiverdance", "hurricane"], "ability": "Dancer", "evs": {"hp": 85, "atk": 0, "def": 85, "spa": 85, "spd": 85, "spe": 85}, "ivs": {"hp": 31, "atk": 0, "def": 31, "spa": 31, "spd": 31, "spe": 31}, "item": "Heavy-Duty Boots", "teraType": "Fighting", "role": "Setup Sweeper", "bvs": {"hp": 75, "atk": 70, "def": 70, "spa": 98, "spd": 70, "spe": 93}, "stats": {"hp": 266, "atk": 124, "def": 168, "spa": 215, "spd": 168, "spe": 207}, "types": ["Ghost", "Flying"]}}]}