{"id": "gen9randombattle-2641194810", "format": "[Gen 9] Random Battle", "players": ["testbotcif", "ghostplx"], "log": "|j|\u2606testbotcif\n|j|\u2606ghostplx\n|t:|1782752106\n|gametype|singles\n|player|p1|testbotcif|266|1142\n|player|p2|ghostplx|fisherman-gen4|1096\n|gen|9\n|tier|[Gen 9] Random Battle\n|rated|\n|rule|Species Clause: Limit one of each Pok\u00e9mon\n|rule|HP Percentage Mod: HP is shown in percentages\n|rule|Sleep Clause Mod: Limit one foe put to sleep\n|rule|Illusion Level Mod: Illusion disguises the Pok\u00e9mon's true level\n|\n|t:|1782752106\n|teamsize|p1|6\n|teamsize|p2|6\n|start\n|switch|p1a: Thundurus|Thundurus, L80, M|258/258\n|switch|p2a: Dragalge|Dragalge, L88, F|258/258\n|turn|1\n|inactive|Battle timer is ON: inactive players will automatically lose when time's up. (requested by ghostplx)\n|inactive|testbotcif also wants the timer to be on.\n|c|\u2606testbotcif|rlhf\n|\n|t:|1782752124\n|move|p1a: Thundurus|Nasty Plot|p1a: Thundurus\n|-boost|p1a: Thundurus|spa|2\n|move|p2a: Dragalge|Dragon Tail|p1a: Thundurus\n|-damage|p1a: Thundurus|160/258\n|drag|p1a: Floatzel|Floatzel, L86, M|286/286\n|\n|upkeep\n|turn|2\n|\n|t:|1782752129\n|move|p1a: Floatzel|Ice Spinner|p2a: Dragalge\n|-supereffective|p2a: Dragalge\n|-damage|p2a: Dragalge|148/258\n|move|p2a: Dragalge|Sludge Wave|p1a: Floatzel\n|-damage|p1a: Floatzel|56/286\n|\n|-heal|p1a: Floatzel|73/286|[from] item: Leftovers\n|upkeep\n|turn|3\n|\n|t:|1782752133\n|move|p1a: Floatzel|Ice Spinner|p2a: Dragalge\n|-supereffective|p2a: Dragalge\n|-damage|p2a: Dragalge|24/258\n|move|p2a: Dragalge|Sludge Wave|p1a: Floatzel\n|-damage|p1a: Floatzel|0 fnt\n|faint|p1a: Floatzel\n|\n|upkeep\n|\n|t:|1782752133\n|switch|p1a: Slaking|Slaking, L84, M|389/389\n|turn|4\n|\n|t:|1782752143\n|move|p1a: Slaking|Double-Edge|p2a: Dragalge\n|-damage|p2a: Dragalge|0 fnt\n|faint|p2a: Dragalge\n|-damage|p1a: Slaking|381/389|[from] Recoil\n|\n|upkeep\n|\n|t:|1782752160\n|switch|p2a: Sneasler|Sneasler, L74, M|240/240\n|turn|5\n|\n|t:|1782752163\n|move|p2a: Sneasler|Close Combat|p1a: Slaking\n|-supereffective|p1a: Slaking\n|-damage|p1a: Slaking|153/389\n|-unboost|p2a: Sneasler|def|1\n|-unboost|p2a: Sneasler|spd|1\n|-enditem|p2a: Sneasler|White Herb\n|-clearnegativeboost|p2a: Sneasler|[silent]\n|cant|p1a: Slaking|ability: Truant\n|\n|upkeep\n|turn|6\n|\n|t:|1782752175\n|switch|p2a: Houndoom|Houndoom, L87, M|272/272\n|switch|p1a: Thundurus|Thundurus, L80, M|160/258\n|\n|upkeep\n|turn|7\n|\n|t:|1782752180\n|move|p1a: Thundurus|Focus Blast|p2a: Houndoom|[miss]\n|-miss|p1a: Thundurus|p2a: Houndoom\n|move|p2a: Houndoom|Dark Pulse|p1a: Thundurus\n|-damage|p1a: Thundurus|51/258\n|\n|upkeep\n|turn|8\n|\n|t:|1782752182\n|move|p2a: Houndoom|Sucker Punch|p1a: Thundurus\n|-crit|p1a: Thundurus\n|-damage|p1a: Thundurus|0 fnt\n|faint|p1a: Thundurus\n|\n|upkeep\n|\n|t:|1782752182\n|switch|p1a: Golduck|Golduck, L90, F|290/290\n|-ability|p1a: Golduck|Cloud Nine\n|turn|9\n|\n|t:|1782752191\n|switch|p2a: Leavanny|Leavanny, L86, M|269/269\n|move|p1a: Golduck|Nasty Plot|p1a: Golduck\n|-boost|p1a: Golduck|spa|2\n|\n|upkeep\n|turn|10\n|\n|t:|1782752196\n|-terastallize|p1a: Golduck|Water\n|move|p2a: Leavanny|Bullet Seed|p1a: Golduck\n|-supereffective|p1a: Golduck\n|-damage|p1a: Golduck|228/290\n|-supereffective|p1a: Golduck\n|-damage|p1a: Golduck|168/290\n|-supereffective|p1a: Golduck\n|-damage|p1a: Golduck|102/290\n|-supereffective|p1a: Golduck\n|-damage|p1a: Golduck|42/290\n|-hitcount|p1a: Golduck|4\n|move|p1a: Golduck|Ice Beam|p2a: Leavanny\n|-supereffective|p2a: Leavanny\n|-damage|p2a: Leavanny|0 fnt\n|faint|p2a: Leavanny\n|\n|-heal|p1a: Golduck|60/290|[from] item: Leftovers\n|upkeep\n|\n|t:|1782752208\n|switch|p2a: Samurott|Samurott-Hisui, L77, F|265/265\n|turn|11\n|\n|t:|1782752216\n|move|p2a: Samurott|Sucker Punch|p1a: Golduck\n|-damage|p1a: Golduck|0 fnt\n|faint|p1a: Golduck\n|\n|upkeep\n|\n|t:|1782752216\n|switch|p1a: Zangoose|Zangoose, L85, F|263/263\n|turn|12\n|\n|t:|1782752224\n|switch|p2a: Cryogonal|Cryogonal, L89|287/287\n|move|p1a: Zangoose|Close Combat|p2a: Cryogonal\n|-supereffective|p2a: Cryogonal\n|-damage|p2a: Cryogonal|0 fnt\n|-unboost|p1a: Zangoose|def|1\n|-unboost|p1a: Zangoose|spd|1\n|faint|p2a: Cryogonal\n|\n|-status|p1a: Zangoose|tox|[from] item: Toxic Orb\n|upkeep\n|\n|t:|1782752228\n|switch|p2a: Sneasler|Sneasler, L74, M|240/240\n|turn|13\n|\n|t:|1782752232\n|move|p2a: Sneasler|Close Combat|p1a: Zangoose\n|-supereffective|p1a: Zangoose\n|-damage|p1a: Zangoose|0 fnt\n|-unboost|p2a: Sneasler|def|1\n|-unboost|p2a: Sneasler|spd|1\n|faint|p1a: Zangoose\n|\n|upkeep\n|\n|t:|1782752232\n|switch|p1a: Slaking|Slaking, L84, M|153/389\n|turn|14\n|\n|t:|1782752237\n|switch|p2a: Samurott|Samurott-Hisui, L77, F|265/265\n|move|p1a: Slaking|Giga Impact|p2a: Samurott\n|-damage|p2a: Samurott|0 fnt\n|-mustrecharge|p1a: Slaking\n|faint|p2a: Samurott\n|\n|upkeep\n|\n|t:|1782752239\n|switch|p2a: Sneasler|Sneasler, L74, M|240/240\n|turn|15\n|\n|t:|1782752241\n|move|p2a: Sneasler|Close Combat|p1a: Slaking\n|-supereffective|p1a: Slaking\n|-damage|p1a: Slaking|0 fnt\n|-unboost|p2a: Sneasler|def|1\n|-unboost|p2a: Sneasler|spd|1\n|faint|p1a: Slaking\n|\n|upkeep\n|\n|t:|1782752241\n|switch|p1a: Probopass|Probopass, L91, M|257/257\n|turn|16\n|\n|t:|1782752243\n|move|p2a: Sneasler|Close Combat|p1a: Probopass\n|-supereffective|p1a: Probopass\n|-damage|p1a: Probopass|0 fnt\n|-unboost|p2a: Sneasler|def|1\n|-unboost|p2a: Sneasler|spd|1\n|faint|p1a: Probopass\n|\n|win|ghostplx\n|raw|testbotcif's rating: 1142 &rarr; <strong>1114</strong><br />(-28 for losing)\n|raw|ghostplx's rating: 1096 &rarr; <strong>1125</strong><br />(+29 for winning)\n", "inputlog": ">version f8ac14003a5f27e1bdc8d8c59608a773c1cb96e5\n>start {\"formatid\":\"gen9randombattle\",\"seed\":\"sodium,b1e3b7d6dccf8f8f552eba92532cf053\",\"rated\":\"Rated battle\"}\n>player p1 {\"name\":\"testbotcif\",\"avatar\":\"266\",\"rating\":1142,\"seed\":\"sodium,e4fe0219cf1075d002bd6f58adf6b018\"}\n>player p2 {\"name\":\"ghostplx\",\"avatar\":\"fisherman-gen4\",\"rating\":1096,\"seed\":\"sodium,9ae49676f0640c0e97c3032ffca4fdcf\"}\n>chat \u2606testbotcif|rlhf\n>p1 move nastyplot\n>p2 move dragontail\n>p1 move icespinner\n>p2 move sludgewave\n>p1 move icespinner\n>p2 move sludgewave\n>p1 switch 2\n>p1 move doubleedge\n>p2 move dracometeor\n>p2 switch 3\n>p1 move doubleedge\n>p2 move closecombat\n>p1 switch 5\n>p2 switch 2\n>p1 move focusblast\n>p2 move darkpulse\n>p1 move focusblast\n>p2 move suckerpunch\n>p1 switch 3\n>p1 move nastyplot\n>p2 switch 4\n>p1 move icebeam terastallize\n>p2 move bulletseed\n>p2 switch 5\n>p1 move grassknot\n>p2 move suckerpunch\n>p1 switch 6\n>p1 move closecombat\n>p2 switch 6\n>p2 switch 2\n>p1 move facade\n>p2 move closecombat\n>p1 switch 5\n>p1 move gigaimpact\n>p2 switch 6\n>p2 switch 6\n>p1 move recharge\n>p2 move closecombat\n>p1 switch 4\n>p1 move irondefense\n>p2 move closecombat", "uploadtime": 1782752243, "views": 6, "formatid": "gen9randombattle", "rating": 1114, "private": 0, "password": null, "player_dets": [{"name": "testbotcif", "avatar": "266", "rating": 1142, "seed": "sodium,e4fe0219cf1075d002bd6f58adf6b018"}, {"name": "ghostplx", "avatar": "fisherman-gen4", "rating": 1096, "seed": "sodium,9ae49676f0640c0e97c3032ffca4fdcf"}], "teams_full": [{"Thundurus": {"name": "Thundurus", "species": "Thundurus", "speciesId": "thundurus", "gender": "M", "shiny": false, "level": 80, "moves": ["terablast", "thunderbolt", "focusblast", "nastyplot"], "ability": "Defiant", "evs": {"hp": 85, "atk": 85, "def": 85, "spa": 85, "spd": 85, "spe": 85}, "ivs": {"hp": 31, "atk": 31, "def": 31, "spa": 31, "spd": 31, "spe": 31}, "item": "Heavy-Duty Boots", "teraType": "Flying", "role": "Tera Blast user", "bvs": {"hp": 79, "atk": 115, "def": 70, "spa": 125, "spd": 80, "spe": 111}, "stats": {"hp": 258, "atk": 230, "def": 158, "spa": 246, "spd": 174, "spe": 224}, "types": ["Electric", "Flying"]}, "Slaking": {"name": "Slaking", "species": "Slaking", "speciesId": "slaking", "gender": "M", "shiny": false, "level": 84, "moves": ["gigaimpact", "earthquake", "knockoff", "doubleedge"], "ability": "Truant", "evs": {"hp": 85, "atk": 85, "def": 85, "spa": 85, "spd": 85, "spe": 85}, "ivs": {"hp": 31, "atk": 31, "def": 31, "spa": 31, "spd": 31, "spe": 31}, "item": "Choice Band", "teraType": "Normal", "role": "Fast Attacker", "bvs": {"hp": 150, "atk": 160, "def": 100, "spa": 95, "spd": 65, "spe": 100}, "stats": {"hp": 389, "atk": 317, "def": 216, "spa": 208, "spd": 157, "spe": 216}, "types": ["Normal"]}, "Golduck": {"name": "Golduck", "species": "Golduck", "speciesId": "golduck", "gender": "F", "shiny": false, "level": 90, "moves": ["nastyplot", "icebeam", "grassknot", "hydropump"], "ability": "Cloud Nine", "evs": {"hp": 85, "atk": 0, "def": 85, "spa": 85, "spd": 85, "spe": 85}, "ivs": {"hp": 31, "atk": 0, "def": 31, "spa": 31, "spd": 31, "spe": 31}, "item": "Leftovers", "teraType": "Water", "role": "Bulky Setup", "bvs": {"hp": 80, "atk": 82, "def": 78, "spa": 95, "spd": 80, "spe": 85}, "stats": {"hp": 290, "atk": 152, "def": 192, "spa": 222, "spd": 195, "spe": 204}, "types": ["Water"]}, "Probopass": {"name": "Probopass", "species": "Probopass", "speciesId": "probopass", "gender": "M", "shiny": false, "level": 91, "moves": ["bodypress", "powergem", "flashcannon", "irondefense"], "ability": "Magnet Pull", "evs": {"hp": 85, "atk": 0, "def": 85, "spa": 85, "spd": 85, "spe": 85}, "ivs": {"hp": 31, "atk": 0, "def": 31, "spa": 31, "spd": 31, "spe": 31}, "item": "Leftovers", "teraType": "Fighting", "role": "Bulky Setup", "bvs": {"hp": 60, "atk": 55, "def": 145, "spa": 75, "spd": 150, "spe": 40}, "stats": {"hp": 257, "atk": 105, "def": 316, "spa": 188, "spd": 325, "spe": 125}, "types": ["Rock", "Steel"]}, "Floatzel": {"name": "Floatzel", "species": "Floatzel", "speciesId": "floatzel", "gender": "M", "shiny": false, "level": 86, "moves": ["icespinner", "wavecrash", "taunt", "bulkup"], "ability": "Water Veil", "evs": {"hp": 85, "atk": 85, "def": 85, "spa": 85, "spd": 85, "spe": 85}, "ivs": {"hp": 31, "atk": 31, "def": 31, "spa": 31, "spd": 31, "spe": 31}, "item": "Leftovers", "teraType": "Steel", "role": "Bulky Setup", "bvs": {"hp": 85, "atk": 105, "def": 55, "spa": 85, "spd": 50, "spe": 115}, "stats": {"hp": 286, "atk": 230, "def": 144, "spa": 195, "spd": 135, "spe": 247}, "types": ["Water"]}, "Zangoose": {"name": "Zangoose", "species": "Zangoose", "speciesId": "zangoose", "gender": "F", "shiny": false, "level": 85, "moves": ["quickattack", "closecombat", "facade", "knockoff"], "ability": "Toxic Boost", "evs": {"hp": 85, "atk": 85, "def": 85, "spa": 85, "spd": 85, "spe": 85}, "ivs": {"hp": 31, "atk": 31, "def": 31, "spa": 31, "spd": 31, "spe": 31}, "item": "Toxic Orb", "teraType": "Normal", "role": "Fast Attacker", "bvs": {"hp": 73, "atk": 115, "def": 60, "spa": 60, "spd": 60, "spe": 90}, "stats": {"hp": 263, "atk": 244, "def": 151, "spa": 151, "spd": 151, "spe": 202}, "types": ["Normal"]}}, {"Dragalge": {"name": "Dragalge", "species": "Dragalge", "speciesId": "dragalge", "gender": "F", "shiny": false, "level": 88, "moves": ["dracometeor", "dragontail", "sludgewave", "focusblast"], "ability": "Adaptability", "evs": {"hp": 85, "atk": 85, "def": 85, "spa": 85, "spd": 85, "spe": 85}, "ivs": {"hp": 31, "atk": 31, "def": 31, "spa": 31, "spd": 31, "spe": 31}, "item": "Assault Vest", "teraType": "Fighting", "role": "Bulky Attacker", "bvs": {"hp": 65, "atk": 75, "def": 90, "spa": 97, "spd": 123, "spe": 44}, "stats": {"hp": 258, "atk": 182, "def": 209, "spa": 221, "spd": 267, "spe": 128}, "types": ["Poison", "Dragon"]}, "Houndoom": {"name": "Houndoom", "species": "Houndoom", "speciesId": "houndoom", "gender": "M", "shiny": false, "level": 87, "moves": ["suckerpunch", "darkpulse", "sludgebomb", "fireblast"], "ability": "Flash Fire", "evs": {"hp": 85, "atk": 85, "def": 85, "spa": 85, "spd": 85, "spe": 85}, "ivs": {"hp": 31, "atk": 31, "def": 31, "spa": 31, "spd": 31, "spe": 31}, "item": "Heavy-Duty Boots", "teraType": "Poison", "role": "Fast Attacker", "bvs": {"hp": 75, "atk": 90, "def": 50, "spa": 110, "spd": 80, "spe": 95}, "stats": {"hp": 272, "atk": 206, "def": 137, "spa": 241, "spd": 189, "spe": 215}, "types": ["Dark", "Fire"]}, "Sneasler": {"name": "Sneasler", "species": "Sneasler", "speciesId": "sneasler", "gender": "M", "shiny": false, "level": 74, "moves": ["swordsdance", "acrobatics", "gunkshot", "closecombat"], "ability": "Unburden", "evs": {"hp": 85, "atk": 85, "def": 85, "spa": 85, "spd": 85, "spe": 85}, "ivs": {"hp": 31, "atk": 31, "def": 31, "spa": 31, "spd": 31, "spe": 31}, "item": "White Herb", "teraType": "Flying", "role": "Setup Sweeper", "bvs": {"hp": 80, "atk": 130, "def": 60, "spa": 40, "spd": 80, "spe": 120}, "stats": {"hp": 240, "atk": 235, "def": 132, "spa": 102, "spd": 161, "spe": 221}, "types": ["Fighting", "Poison"]}, "Leavanny": {"name": "Leavanny", "species": "Leavanny", "speciesId": "leavanny", "gender": "M", "shiny": false, "level": 86, "moves": ["bulletseed", "stickyweb", "tripleaxel", "knockoff"], "ability": "Chlorophyll", "evs": {"hp": 85, "atk": 85, "def": 85, "spa": 85, "spd": 85, "spe": 85}, "ivs": {"hp": 31, "atk": 31, "def": 31, "spa": 31, "spd": 31, "spe": 31}, "item": "Loaded Dice", "teraType": "Rock", "role": "Fast Attacker", "bvs": {"hp": 75, "atk": 103, "def": 80, "spa": 70, "spd": 80, "spe": 92}, "stats": {"hp": 269, "atk": 226, "def": 187, "spa": 170, "spd": 187, "spe": 207}, "types": ["Bug", "Grass"]}, "Samurott": {"name": "Samurott", "species": "Samurott-Hisui", "speciesId": "samurotthisui", "gender": "F", "shiny": false, "level": 77, "moves": ["razorshell", "ceaselessedge", "sacredsword", "suckerpunch"], "ability": "Sharpness", "evs": {"hp": 85, "atk": 85, "def": 85, "spa": 85, "spd": 85, "spe": 85}, "ivs": {"hp": 31, "atk": 31, "def": 31, "spa": 31, "spd": 31, "spe": 31}, "item": "Choice Band", "teraType": "Water", "role": "Fast Attacker", "bvs": {"hp": 90, "atk": 108, "def": 80, "spa": 100, "spd": 65, "spe": 85}, "stats": {"hp": 265, "atk": 211, "def": 168, "spa": 199, "spd": 145, "spe": 175}, "types": ["Water", "Dark"]}, "Cryogonal": {"name": "Cryogonal", "species": "Cryogonal", "speciesId": "cryogonal", "gender": "N", "shiny": false, "level": 89, "moves": ["haze", "freezedry", "recover", "rapidspin"], "ability": "Levitate", "evs": {"hp": 85, "atk": 85, "def": 85, "spa": 85, "spd": 85, "spe": 85}, "ivs": {"hp": 31, "atk": 31, "def": 31, "spa": 31, "spd": 31, "spe": 31}, "item": "Heavy-Duty Boots", "teraType": "Poison", "role": "Bulky Support", "bvs": {"hp": 80, "atk": 50, "def": 50, "spa": 95, "spd": 135, "spe": 105}, "stats": {"hp": 287, "atk": 140, "def": 140, "spa": 220, "spd": 291, "spe": 238}, "types": ["Ice"]}}]}