{"id": "gen9randombattle-2641428177", "format": "[Gen 9] Random Battle", "players": ["vgc 2020 is good", "ocmaster"], "log": "|j|\u2606vgc 2020 is good\n|j|\u2606ocmaster\n|t:|1782783289\n|gametype|singles\n|player|p1|vgc 2020 is good|1|1645\n|player|p2|ocmaster|170|1668\n|gen|9\n|tier|[Gen 9] Random Battle\n|rated|\n|rule|Species Clause: Limit one of each Pok\u00e9mon\n|rule|HP Percentage Mod: HP is shown in percentages\n|rule|Sleep Clause Mod: Limit one foe put to sleep\n|rule|Illusion Level Mod: Illusion disguises the Pok\u00e9mon's true level\n|\n|t:|1782783289\n|teamsize|p1|6\n|teamsize|p2|6\n|start\n|switch|p1a: Landorus|Landorus, L75, M|257/257\n|switch|p2a: Tatsugiri|Tatsugiri, L87, M|260/260\n|turn|1\n|inactive|Battle timer is ON: inactive players will automatically lose when time's up. (requested by vgc 2020 is good)\n|\n|t:|1782783306\n|switch|p1a: Weezing|Weezing, L88, M|258/258\n|move|p2a: Tatsugiri|Rapid Spin|p1a: Weezing\n|-damage|p1a: Weezing|241/258\n|-boost|p2a: Tatsugiri|spe|1\n|\n|-heal|p1a: Weezing|257/258|[from] item: Leftovers\n|upkeep\n|turn|2\n|\n|t:|1782783314\n|move|p2a: Tatsugiri|Nasty Plot|p2a: Tatsugiri\n|-boost|p2a: Tatsugiri|spa|2\n|move|p1a: Weezing|Gunk Shot|p2a: Tatsugiri|[miss]\n|-miss|p1a: Weezing|p2a: Tatsugiri\n|\n|-heal|p1a: Weezing|258/258|[from] item: Leftovers\n|upkeep\n|turn|3\n|\n|t:|1782783324\n|move|p2a: Tatsugiri|Draco Meteor|p1a: Weezing\n|-damage|p1a: Weezing|0 fnt\n|-unboost|p2a: Tatsugiri|spa|2\n|faint|p1a: Weezing\n|\n|upkeep\n|c|\u2606vgc 2020 is good|Wow\n|\n|t:|1782783337\n|switch|p1a: Tinkaton|Tinkaton, L82, F|274/274\n|-ability|p1a: Tinkaton|Mold Breaker\n|turn|4\n|c|\u2606ocmaster|only 1 fail\n|c|\u2606ocmaster|c mon\n|\n|t:|1782783347\n|move|p2a: Tatsugiri|Nasty Plot|p2a: Tatsugiri\n|-boost|p2a: Tatsugiri|spa|2\n|move|p1a: Tinkaton|Encore|p2a: Tatsugiri\n|-start|p2a: Tatsugiri|Encore\n|\n|upkeep\n|turn|5\n|\n|t:|1782783356\n|switch|p2a: Dugtrio|Dugtrio, L84, F|196/196\n|move|p1a: Tinkaton|Play Rough|p2a: Dugtrio\n|-damage|p2a: Dugtrio|94/196\n|\n|upkeep\n|turn|6\n|\n|t:|1782783365\n|move|p2a: Dugtrio|Earthquake|p1a: Tinkaton\n|-supereffective|p1a: Tinkaton\n|-damage|p1a: Tinkaton|0 fnt\n|faint|p1a: Tinkaton\n|-damage|p2a: Dugtrio|75/196|[from] item: Life Orb\n|\n|upkeep\n|\n|t:|1782783384\n|switch|p1a: Haxorus|Haxorus, L77, M|244/244\n|-ability|p1a: Haxorus|Mold Breaker\n|turn|7\n|c|\u2606ocmaster|chage ur name\n|c|\u2606ocmaster|loser\n|l|\u2606vgc 2020 is good\n|inactive|vgc 2020 is good disconnected and has a minute to reconnect!\n|player|p1|\n|\n|t:|1782783399\n|move|p2a: Dugtrio|Earthquake|p1a: Haxorus\n|-damage|p1a: Haxorus|87/244\n|-damage|p2a: Dugtrio|56/196|[from] item: Life Orb\n|move|p1a: Haxorus|Dragon Dance|p1a: Haxorus\n|-boost|p1a: Haxorus|atk|1\n|-boost|p1a: Haxorus|spe|1\n|\n|upkeep\n|turn|8\n|j|\u2606vgc 2020 is good\n|inactive|vgc 2020 is good reconnected and has 150 seconds left.\n|player|p1|vgc 2020 is good|1|\n|\n|t:|1782783411\n|move|p2a: Dugtrio|Sucker Punch|p1a: Haxorus\n|-damage|p1a: Haxorus|18/244\n|-damage|p2a: Dugtrio|37/196|[from] item: Life Orb\n|move|p1a: Haxorus|Iron Head|p2a: Dugtrio\n|-damage|p2a: Dugtrio|0 fnt\n|faint|p2a: Dugtrio\n|\n|upkeep\n|\n|t:|1782783420\n|switch|p2a: Chien-Pao|Chien-Pao, L72|234/234\n|-ability|p2a: Chien-Pao|Sword of Ruin\n|turn|9\n|\n|t:|1782783426\n|move|p2a: Chien-Pao|Ice Shard|p1a: Haxorus\n|-supereffective|p1a: Haxorus\n|-damage|p1a: Haxorus|0 fnt\n|faint|p1a: Haxorus\n|\n|upkeep\n|c|\u2606vgc 2020 is good|Priority merchant\n|\n|t:|1782783447\n|switch|p1a: Pawmot|Pawmot, L80, F|243/243\n|turn|10\n|\n|t:|1782783461\n|switch|p2a: Victreebel|Victreebel, L90, F|290/290\n|move|p1a: Pawmot|Close Combat|p2a: Victreebel\n|-resisted|p2a: Victreebel\n|-damage|p2a: Victreebel|209/290\n|-unboost|p1a: Pawmot|def|1\n|-unboost|p1a: Pawmot|spd|1\n|\n|upkeep\n|turn|11\n|\n|t:|1782783472\n|switch|p1a: Landorus|Landorus, L75, M|257/257\n|move|p2a: Victreebel|Power Whip|p1a: Landorus|[miss]\n|-miss|p2a: Victreebel|p1a: Landorus\n|\n|upkeep\n|turn|12\n|c|\u2606ocmaster|wow\n|\n|t:|1782783489\n|move|p1a: Landorus|Psychic|p2a: Victreebel\n|-supereffective|p2a: Victreebel\n|-damage|p2a: Victreebel|0 fnt\n|faint|p2a: Victreebel\n|\n|upkeep\n|\n|t:|1782783494\n|switch|p2a: Chien-Pao|Chien-Pao, L72|234/234\n|-ability|p2a: Chien-Pao|Sword of Ruin\n|turn|13\n|\n|t:|1782783503\n|move|p2a: Chien-Pao|Icicle Crash|p1a: Landorus|[miss]\n|-miss|p2a: Chien-Pao|p1a: Landorus\n|move|p1a: Landorus|Sludge Wave|p2a: Chien-Pao\n|-damage|p2a: Chien-Pao|75/234\n|\n|upkeep\n|turn|14\n|\n|t:|1782783510\n|move|p2a: Chien-Pao|Icicle Crash|p1a: Landorus\n|-supereffective|p1a: Landorus\n|-damage|p1a: Landorus|0 fnt\n|faint|p1a: Landorus\n|\n|upkeep\n|\n|t:|1782783515\n|switch|p1a: Floatzel|Floatzel, L86, M|286/286\n|turn|15\n|\n|t:|1782783527\n|switch|p2a: Tatsugiri|Tatsugiri, L87, M|260/260\n|move|p1a: Floatzel|Wave Crash|p2a: Tatsugiri\n|-ability|p2a: Tatsugiri|Storm Drain|boost\n|-boost|p2a: Tatsugiri|spa|1\n|\n|upkeep\n|turn|16\n|\n|t:|1782783537\n|move|p1a: Floatzel|Bulk Up|p1a: Floatzel\n|-boost|p1a: Floatzel|atk|1\n|-boost|p1a: Floatzel|def|1\n|move|p2a: Tatsugiri|Rapid Spin|p1a: Floatzel\n|-damage|p1a: Floatzel|264/286\n|-boost|p2a: Tatsugiri|spe|1\n|\n|-heal|p1a: Floatzel|281/286|[from] item: Leftovers\n|upkeep\n|turn|17\n|c|\u2606ocmaster|u dont help u\n|\n|t:|1782783548\n|move|p2a: Tatsugiri|Draco Meteor|p1a: Floatzel\n|-damage|p1a: Floatzel|0 fnt\n|-unboost|p2a: Tatsugiri|spa|2\n|faint|p1a: Floatzel\n|\n|upkeep\n|\n|t:|1782783551\n|switch|p1a: Pawmot|Pawmot, L80, F|243/243\n|turn|18\n|\n|t:|1782783560\n|move|p2a: Tatsugiri|Nasty Plot|p2a: Tatsugiri\n|-boost|p2a: Tatsugiri|spa|2\n|move|p1a: Pawmot|Nuzzle|p2a: Tatsugiri\n|-damage|p2a: Tatsugiri|229/260\n|-status|p2a: Tatsugiri|par\n|\n|upkeep\n|turn|19\n|\n|t:|1782783568\n|move|p1a: Pawmot|Revival Blessing|p1a: Pawmot\n|-enditem|p1a: Pawmot|Leppa Berry|[eat]\n|-activate|p1a: Pawmot|item: Leppa Berry|Revival Blessing|[consumed]\n|\n|t:|1782783573\n|-heal|p1: Tinkaton|137/274|[from] move: Revival Blessing\n|cant|p2a: Tatsugiri|par\n|\n|upkeep\n|turn|20\n|\n|t:|1782783583\n|-terastallize|p1a: Pawmot|Electric\n|move|p1a: Pawmot|Double Shock|p2a: Tatsugiri\n|-damage|p2a: Tatsugiri|9/260 par\n|-start|p1a: Pawmot|typechange|Electric|[from] move: Double Shock\n|move|p2a: Tatsugiri|Hydro Pump|p1a: Pawmot|[miss]\n|-miss|p2a: Tatsugiri|p1a: Pawmot\n|\n|upkeep\n|turn|21\n|\n|t:|1782783596\n|move|p1a: Pawmot|Double Shock|p2a: Tatsugiri\n|-damage|p2a: Tatsugiri|0 fnt\n|-start|p1a: Pawmot|typechange|Electric|[from] move: Double Shock\n|faint|p2a: Tatsugiri\n|\n|upkeep\n|\n|t:|1782783621\n|switch|p2a: Smeargle|Smeargle, L95, M|258/258\n|turn|22\n|\n|t:|1782783626\n|move|p1a: Pawmot|Nuzzle|p2a: Smeargle\n|-damage|p2a: Smeargle|106/258\n|-status|p2a: Smeargle|par\n|move|p2a: Smeargle|Spore|p1a: Pawmot\n|-status|p1a: Pawmot|slp|[from] move: Spore\n|\n|upkeep\n|turn|23\n|\n|t:|1782783636\n|switch|p2a: Passimian|Passimian, L83, M|302/302\n|cant|p1a: Pawmot|slp\n|\n|upkeep\n|turn|24\n|\n|t:|1782783644\n|-curestatus|p1a: Pawmot|slp|[msg]\n|move|p1a: Pawmot|Nuzzle|p2a: Passimian\n|-damage|p2a: Passimian|214/302\n|-status|p2a: Passimian|par\n|move|p2a: Passimian|Bulk Up|p2a: Passimian\n|-boost|p2a: Passimian|atk|1\n|-boost|p2a: Passimian|def|1\n|\n|-heal|p2a: Passimian|232/302 par|[from] item: Leftovers\n|upkeep\n|turn|25\n|\n|t:|1782783655\n|move|p1a: Pawmot|Double Shock|p2a: Passimian\n|-damage|p2a: Passimian|120/302 par\n|-start|p1a: Pawmot|typechange|Electric|[from] move: Double Shock\n|move|p2a: Passimian|Drain Punch|p1a: Pawmot\n|-damage|p1a: Pawmot|86/243\n|-heal|p2a: Passimian|199/302 par|[from] drain|[of] p1a: Pawmot\n|\n|-heal|p2a: Passimian|217/302 par|[from] item: Leftovers\n|upkeep\n|turn|26\n|\n|t:|1782783664\n|move|p1a: Pawmot|Double Shock|p2a: Passimian\n|-damage|p2a: Passimian|95/302 par\n|-start|p1a: Pawmot|typechange|Electric|[from] move: Double Shock\n|move|p2a: Passimian|Drain Punch|p1a: Pawmot\n|-damage|p1a: Pawmot|0 fnt\n|-heal|p2a: Passimian|138/302 par|[from] drain|[of] p1a: Pawmot\n|faint|p1a: Pawmot\n|\n|-heal|p2a: Passimian|156/302 par|[from] item: Leftovers\n|upkeep\n|\n|t:|1782783666\n|switch|p1a: Tinkaton|Tinkaton, L82, F|137/274\n|-ability|p1a: Tinkaton|Mold Breaker\n|turn|27\n|\n|t:|1782783678\n|-terastallize|p2a: Passimian|Poison\n|move|p1a: Tinkaton|Play Rough|p2a: Passimian\n|-resisted|p2a: Passimian\n|-damage|p2a: Passimian|130/302 par\n|move|p2a: Passimian|Drain Punch|p1a: Tinkaton\n|-damage|p1a: Tinkaton|0 fnt\n|-heal|p2a: Passimian|199/302 par|[from] drain|[of] p1a: Tinkaton\n|faint|p1a: Tinkaton\n|\n|win|ocmaster\n|raw|vgc 2020 is good's rating: 1645 &rarr; <strong>1626</strong><br />(-19 for losing)\n|raw|ocmaster's rating: 1668 &rarr; <strong>1687</strong><br />(+19 for winning)\n|c|\u2606ocmaster|ez\n|c|\u2606vgc 2020 is good|Congrats\n|l|\u2606vgc 2020 is good\n|player|p1|\n|c|\u2606ocmaster|vgc\n|c|\u2606ocmaster|hahahahaha\n", "inputlog": ">version f8ac14003a5f27e1bdc8d8c59608a773c1cb96e5\n>start {\"formatid\":\"gen9randombattle\",\"seed\":\"sodium,a63db75c30a17520304d4984f6a907a6\",\"rated\":\"Rated battle\"}\n>player p1 {\"name\":\"vgc 2020 is good\",\"avatar\":\"1\",\"rating\":1645,\"seed\":\"sodium,af1809f552e01dcdb22b5ac1a3ecda22\"}\n>player p2 {\"name\":\"ocmaster\",\"avatar\":\"170\",\"rating\":1668,\"seed\":\"sodium,6b32fd4a6d1273f1e2de0414d1d56152\"}\n>p1 switch 2\n>p2 move rapidspin\n>p1 move gunkshot\n>p2 move nastyplot\n>p1 move painsplit\n>p2 move dracometeor\n>chat \u2606vgc 2020 is good|Wow\n>p1 switch 4\n>chat \u2606ocmaster|only 1 fail\n>chat \u2606ocmaster|c mon\n>p1 move encore\n>p2 move nastyplot\n>p1 move playrough\n>p2 switch 5\n>p1 move gigatonhammer\n>p2 move earthquake\n>p1 switch 5\n>chat \u2606ocmaster|chage ur name\n>chat \u2606ocmaster|loser\n>p1 move dragondance\n>p2 move earthquake\n>p1 move ironhead\n>p2 move suckerpunch\n>p2 switch 2\n>p1 move closecombat\n>p2 move iceshard\n>chat \u2606vgc 2020 is good|Priority merchant\n>p1 switch 6\n>p1 move closecombat\n>p2 switch 3\n>p1 switch 2\n>p2 move powerwhip\n>chat \u2606ocmaster|wow\n>p1 move psychic\n>p2 move powerwhip\n>p2 switch 3\n>p1 move sludgewave\n>p2 move iciclecrash\n>p1 move sludgewave\n>p2 move iciclecrash\n>p1 switch 3\n>p1 move wavecrash\n>p2 switch 5\n>p1 move bulkup\n>p2 move rapidspin\n>chat \u2606ocmaster|u dont help u\n>p1 move icespinner\n>p2 move dracometeor\n>p1 switch 2\n>p1 move nuzzle\n>p2 move nastyplot\n>p1 move revivalblessing\n>p2 move dracometeor\n>p1 switch 5\n>p1 move doubleshock terastallize\n>p2 move hydropump\n>p1 move doubleshock\n>p2 move hydropump\n>p2 switch 4\n>p1 move nuzzle\n>p2 move spore\n>p1 move revivalblessing\n>p2 switch 6\n>p1 move nuzzle\n>p2 move bulkup\n>p1 move doubleshock\n>p2 move drainpunch\n>p1 move doubleshock\n>p2 move drainpunch\n>p1 switch 5\n>p1 move playrough\n>p2 move drainpunch terastallize", "uploadtime": 1782783727, "views": 3, "formatid": "gen9randombattle", "rating": 1626, "private": 0, "password": null, "player_dets": [{"name": "vgc 2020 is good", "avatar": "1", "rating": 1645, "seed": "sodium,af1809f552e01dcdb22b5ac1a3ecda22"}, {"name": "ocmaster", "avatar": "170", "rating": 1668, "seed": "sodium,6b32fd4a6d1273f1e2de0414d1d56152"}], "teams_full": [{"Landorus": {"name": "Landorus", "species": "Landorus", "speciesId": "landorus", "gender": "M", "shiny": false, "level": 75, "moves": ["psychic", "earthpower", "stealthrock", "sludgewave"], "ability": "Sheer Force", "evs": {"hp": 85, "atk": 0, "def": 85, "spa": 85, "spd": 85, "spe": 85}, "ivs": {"hp": 31, "atk": 0, "def": 31, "spa": 31, "spd": 31, "spe": 31}, "item": "Life Orb", "teraType": "Ground", "role": "Fast Attacker", "bvs": {"hp": 89, "atk": 125, "def": 90, "spa": 115, "spd": 80, "spe": 101}, "stats": {"hp": 257, "atk": 192, "def": 179, "spa": 216, "spd": 164, "spe": 195}, "types": ["Ground", "Flying"]}, "Weezing": {"name": "Weezing", "species": "Weezing", "speciesId": "weezing", "gender": "M", "shiny": false, "level": 88, "moves": ["gunkshot", "fireblast", "painsplit", "willowisp"], "ability": "Levitate", "evs": {"hp": 85, "atk": 85, "def": 85, "spa": 85, "spd": 85, "spe": 85}, "ivs": {"hp": 31, "atk": 31, "def": 31, "spa": 31, "spd": 31, "spe": 31}, "item": "Leftovers", "teraType": "Steel", "role": "Bulky Attacker", "bvs": {"hp": 65, "atk": 90, "def": 120, "spa": 85, "spd": 70, "spe": 60}, "stats": {"hp": 258, "atk": 209, "def": 261, "spa": 200, "spd": 173, "spe": 156}, "types": ["Poison"]}, "Floatzel": {"name": "Floatzel", "species": "Floatzel", "speciesId": "floatzel", "gender": "M", "shiny": false, "level": 86, "moves": ["wavecrash", "taunt", "bulkup", "icespinner"], "ability": "Water Veil", "evs": {"hp": 85, "atk": 85, "def": 85, "spa": 85, "spd": 85, "spe": 85}, "ivs": {"hp": 31, "atk": 31, "def": 31, "spa": 31, "spd": 31, "spe": 31}, "item": "Leftovers", "teraType": "Water", "role": "Bulky Setup", "bvs": {"hp": 85, "atk": 105, "def": 55, "spa": 85, "spd": 50, "spe": 115}, "stats": {"hp": 286, "atk": 230, "def": 144, "spa": 195, "spd": 135, "spe": 247}, "types": ["Water"]}, "Tinkaton": {"name": "Tinkaton", "species": "Tinkaton", "speciesId": "tinkaton", "gender": "F", "shiny": false, "level": 82, "moves": ["knockoff", "gigatonhammer", "encore", "playrough"], "ability": "Mold Breaker", "evs": {"hp": 85, "atk": 85, "def": 85, "spa": 85, "spd": 85, "spe": 85}, "ivs": {"hp": 31, "atk": 31, "def": 31, "spa": 31, "spd": 31, "spe": 31}, "item": "Leftovers", "teraType": "Water", "role": "Bulky Attacker", "bvs": {"hp": 85, "atk": 75, "def": 77, "spa": 70, "spd": 105, "spe": 94}, "stats": {"hp": 274, "atk": 170, "def": 173, "spa": 162, "spd": 219, "spe": 201}, "types": ["Fairy", "Steel"]}, "Haxorus": {"name": "Haxorus", "species": "Haxorus", "speciesId": "haxorus", "gender": "M", "shiny": false, "level": 77, "moves": ["outrage", "closecombat", "ironhead", "dragondance"], "ability": "Mold Breaker", "evs": {"hp": 85, "atk": 85, "def": 85, "spa": 85, "spd": 85, "spe": 85}, "ivs": {"hp": 31, "atk": 31, "def": 31, "spa": 31, "spd": 31, "spe": 31}, "item": "Lum Berry", "teraType": "Steel", "role": "Setup Sweeper", "bvs": {"hp": 76, "atk": 147, "def": 90, "spa": 60, "spd": 70, "spe": 97}, "stats": {"hp": 244, "atk": 271, "def": 183, "spa": 137, "spd": 152, "spe": 194}, "types": ["Dragon"]}, "Pawmot": {"name": "Pawmot", "species": "Pawmot", "speciesId": "pawmot", "gender": "F", "shiny": false, "level": 80, "moves": ["doubleshock", "revivalblessing", "closecombat", "nuzzle"], "ability": "Volt Absorb", "evs": {"hp": 85, "atk": 85, "def": 85, "spa": 85, "spd": 85, "spe": 85}, "ivs": {"hp": 31, "atk": 31, "def": 31, "spa": 31, "spd": 31, "spe": 31}, "item": "Leppa Berry", "teraType": "Electric", "role": "Fast Attacker", "bvs": {"hp": 70, "atk": 115, "def": 70, "spa": 70, "spd": 60, "spe": 105}, "stats": {"hp": 243, "atk": 230, "def": 158, "spa": 158, "spd": 142, "spe": 214}, "types": ["Electric", "Fighting"]}}, {"Tatsugiri": {"name": "Tatsugiri", "species": "Tatsugiri", "speciesId": "tatsugiri", "gender": "M", "shiny": false, "level": 87, "moves": ["rapidspin", "nastyplot", "dracometeor", "hydropump"], "ability": "Storm Drain", "evs": {"hp": 85, "atk": 85, "def": 85, "spa": 85, "spd": 85, "spe": 85}, "ivs": {"hp": 31, "atk": 31, "def": 31, "spa": 31, "spd": 31, "spe": 31}, "item": "Heavy-Duty Boots", "teraType": "Steel", "role": "Fast Support", "bvs": {"hp": 68, "atk": 50, "def": 60, "spa": 120, "spd": 95, "spe": 82}, "stats": {"hp": 260, "atk": 137, "def": 154, "spa": 259, "spd": 215, "spe": 192}, "types": ["Dragon", "Water"]}, "Chien-Pao": {"name": "Chien-Pao", "species": "Chien-Pao", "speciesId": "chienpao", "gender": "N", "shiny": false, "level": 72, "moves": ["throatchop", "iciclecrash", "sacredsword", "iceshard"], "ability": "Sword of Ruin", "evs": {"hp": 85, "atk": 85, "def": 85, "spa": 85, "spd": 85, "spe": 85}, "ivs": {"hp": 31, "atk": 31, "def": 31, "spa": 31, "spd": 31, "spe": 31}, "item": "Choice Band", "teraType": "Dark", "role": "Wallbreaker", "bvs": {"hp": 80, "atk": 120, "def": 80, "spa": 90, "spd": 65, "spe": 135}, "stats": {"hp": 234, "atk": 215, "def": 157, "spa": 172, "spd": 136, "spe": 236}, "types": ["Dark", "Ice"]}, "Victreebel": {"name": "Victreebel", "species": "Victreebel", "speciesId": "victreebel", "gender": "F", "shiny": false, "level": 90, "moves": ["poisonjab", "swordsdance", "powerwhip", "suckerpunch"], "ability": "Chlorophyll", "evs": {"hp": 85, "atk": 85, "def": 85, "spa": 85, "spd": 85, "spe": 85}, "ivs": {"hp": 31, "atk": 31, "def": 31, "spa": 31, "spd": 31, "spe": 31}, "item": "Life Orb", "teraType": "Grass", "role": "Setup Sweeper", "bvs": {"hp": 80, "atk": 105, "def": 65, "spa": 100, "spd": 70, "spe": 70}, "stats": {"hp": 290, "atk": 240, "def": 168, "spa": 231, "spd": 177, "spe": 177}, "types": ["Grass", "Poison"]}, "Smeargle": {"name": "Smeargle", "species": "Smeargle", "speciesId": "smeargle", "gender": "M", "shiny": false, "level": 95, "moves": ["ceaselessedge", "spore", "stickyweb", "whirlwind"], "ability": "Own Tempo", "evs": {"hp": 85, "atk": 85, "def": 85, "spa": 85, "spd": 85, "spe": 85}, "ivs": {"hp": 31, "atk": 31, "def": 31, "spa": 31, "spd": 31, "spe": 31}, "item": "Focus Sash", "teraType": "Ghost", "role": "Fast Support", "bvs": {"hp": 55, "atk": 20, "def": 35, "spa": 20, "spd": 45, "spe": 75}, "stats": {"hp": 258, "atk": 92, "def": 120, "spa": 92, "spd": 139, "spe": 196}, "types": ["Normal"]}, "Dugtrio": {"name": "Dugtrio", "species": "Dugtrio", "speciesId": "dugtrio", "gender": "F", "shiny": false, "level": 84, "moves": ["stoneedge", "earthquake", "suckerpunch", "swordsdance"], "ability": "Arena Trap", "evs": {"hp": 85, "atk": 85, "def": 85, "spa": 85, "spd": 85, "spe": 85}, "ivs": {"hp": 31, "atk": 31, "def": 31, "spa": 31, "spd": 31, "spe": 31}, "item": "Life Orb", "teraType": "Flying", "role": "Fast Support", "bvs": {"hp": 35, "atk": 100, "def": 50, "spa": 50, "spd": 70, "spe": 120}, "stats": {"hp": 196, "atk": 216, "def": 132, "spa": 132, "spd": 166, "spe": 250}, "types": ["Ground"]}, "Passimian": {"name": "Passimian", "species": "Passimian", "speciesId": "passimian", "gender": "M", "shiny": false, "level": 83, "moves": ["gunkshot", "bulkup", "drainpunch", "knockoff"], "ability": "Defiant", "evs": {"hp": 85, "atk": 85, "def": 85, "spa": 85, "spd": 85, "spe": 85}, "ivs": {"hp": 31, "atk": 31, "def": 31, "spa": 31, "spd": 31, "spe": 31}, "item": "Leftovers", "teraType": "Poison", "role": "Bulky Setup", "bvs": {"hp": 100, "atk": 120, "def": 90, "spa": 40, "spd": 60, "spe": 80}, "stats": {"hp": 302, "atk": 247, "def": 197, "spa": 114, "spd": 147, "spe": 180}, "types": ["Fighting"]}}]}