{"id": "gen9randombattle-2641473933", "format": "[Gen 9] Random Battle", "players": ["tonhua", "Ecchiokob"], "log": "|j|\u2606tonhua\n|j|\u2606Ecchiokob\n|t:|1782790407\n|gametype|singles\n|player|p1|tonhua|2|1914\n|player|p2|Ecchiokob|candice|1921\n|gen|9\n|tier|[Gen 9] Random Battle\n|rated|\n|rule|Species Clause: Limit one of each Pok\u00e9mon\n|rule|HP Percentage Mod: HP is shown in percentages\n|rule|Sleep Clause Mod: Limit one foe put to sleep\n|rule|Illusion Level Mod: Illusion disguises the Pok\u00e9mon's true level\n|\n|t:|1782790407\n|teamsize|p1|6\n|teamsize|p2|6\n|start\n|switch|p1a: Wo-Chien|Wo-Chien, L83|277/277\n|switch|p2a: Piloswine|Piloswine, L85, M|309/309\n|-ability|p1a: Wo-Chien|Tablets of Ruin\n|turn|1\n|\n|t:|1782790489\n|move|p1a: Wo-Chien|Knock Off|p2a: Piloswine\n|-crit|p2a: Piloswine\n|-damage|p2a: Piloswine|206/309\n|-enditem|p2a: Piloswine|Eviolite|[from] move: Knock Off|[of] p1a: Wo-Chien\n|move|p2a: Piloswine|Icicle Crash|p1a: Wo-Chien\n|-supereffective|p1a: Wo-Chien\n|-damage|p1a: Wo-Chien|151/277\n|\n|-heal|p1a: Wo-Chien|168/277|[from] item: Leftovers\n|upkeep\n|turn|2\n|\n|t:|1782790499\n|move|p1a: Wo-Chien|Giga Drain|p2a: Piloswine\n|-supereffective|p2a: Piloswine\n|-damage|p2a: Piloswine|6/309\n|-heal|p1a: Wo-Chien|268/277|[from] drain|[of] p2a: Piloswine\n|move|p2a: Piloswine|Icicle Crash|p1a: Wo-Chien\n|-supereffective|p1a: Wo-Chien\n|-damage|p1a: Wo-Chien|136/277\n|\n|-heal|p1a: Wo-Chien|153/277|[from] item: Leftovers\n|upkeep\n|turn|3\n|\n|t:|1782790511\n|move|p2a: Piloswine|Ice Shard|p1a: Wo-Chien\n|-supereffective|p1a: Wo-Chien\n|-damage|p1a: Wo-Chien|91/277\n|move|p1a: Wo-Chien|Knock Off|p2a: Piloswine\n|-damage|p2a: Piloswine|0 fnt\n|faint|p2a: Piloswine\n|\n|-heal|p1a: Wo-Chien|108/277|[from] item: Leftovers\n|upkeep\n|\n|t:|1782790514\n|switch|p2a: Samurott|Samurott, L88, M|310/310\n|turn|4\n|\n|t:|1782790526\n|switch|p1a: Arbok|Arbok, L87, M|246/246\n|-ability|p1a: Arbok|Intimidate|boost\n|-unboost|p2a: Samurott|atk|1\n|move|p2a: Samurott|Sacred Sword|p1a: Arbok\n|-resisted|p1a: Arbok\n|-damage|p1a: Arbok|211/246\n|-damage|p2a: Samurott|279/310|[from] item: Life Orb\n|\n|-heal|p1a: Arbok|226/246|[from] item: Leftovers\n|upkeep\n|turn|5\n|\n|t:|1782790542\n|switch|p2a: Qwilfish|Qwilfish, L86, F|252/252\n|-ability|p2a: Qwilfish|Intimidate|boost\n|-unboost|p1a: Arbok|atk|1\n|move|p1a: Arbok|Gunk Shot|p2a: Qwilfish\n|-resisted|p2a: Qwilfish\n|-damage|p2a: Qwilfish|205/252\n|\n|-heal|p2a: Qwilfish|220/252|[from] item: Leftovers\n|-heal|p1a: Arbok|241/246|[from] item: Leftovers\n|upkeep\n|turn|6\n|\n|t:|1782790559\n|move|p2a: Qwilfish|Thunder Wave|p1a: Arbok\n|-status|p1a: Arbok|par\n|move|p1a: Arbok|Coil|p1a: Arbok\n|-boost|p1a: Arbok|atk|1\n|-boost|p1a: Arbok|def|1\n|-boost|p1a: Arbok|accuracy|1\n|\n|-heal|p2a: Qwilfish|235/252|[from] item: Leftovers\n|-heal|p1a: Arbok|246/246 par|[from] item: Leftovers\n|upkeep\n|turn|7\n|\n|t:|1782790571\n|switch|p2a: Donphan|Donphan, L84, F|288/288\n|move|p1a: Arbok|Earthquake|p2a: Donphan\n|-damage|p2a: Donphan|234/288\n|\n|-heal|p2a: Donphan|252/288|[from] item: Leftovers\n|upkeep\n|turn|8\n|\n|t:|1782790581\n|switch|p1a: Wo-Chien|Wo-Chien, L83|108/277\n|-ability|p1a: Wo-Chien|Tablets of Ruin\n|move|p2a: Donphan|Knock Off|p1a: Wo-Chien\n|-resisted|p1a: Wo-Chien\n|-damage|p1a: Wo-Chien|82/277\n|-enditem|p1a: Wo-Chien|Leftovers|[from] move: Knock Off|[of] p2a: Donphan\n|\n|-heal|p2a: Donphan|270/288|[from] item: Leftovers\n|upkeep\n|turn|9\n|\n|t:|1782790592\n|switch|p2a: Slither Wing|Slither Wing, L81|270/270\n|move|p1a: Wo-Chien|Giga Drain|p2a: Slither Wing\n|-resisted|p2a: Slither Wing\n|-damage|p2a: Slither Wing|235/270\n|-heal|p1a: Wo-Chien|100/277|[from] drain|[of] p2a: Slither Wing\n|\n|upkeep\n|turn|10\n|\n|t:|1782790601\n|switch|p1a: Arbok|Arbok, L87, M|246/246 par\n|-ability|p1a: Arbok|Intimidate|boost\n|-unboost|p2a: Slither Wing|atk|1\n|move|p2a: Slither Wing|First Impression|p1a: Arbok\n|-resisted|p1a: Arbok\n|-damage|p1a: Arbok|186/246 par\n|-damage|p2a: Slither Wing|208/270|[from] item: Life Orb\n|\n|-heal|p1a: Arbok|201/246 par|[from] item: Leftovers\n|upkeep\n|turn|11\n|\n|t:|1782790613\n|-end|p2a: Slither Wing|Protosynthesis|[silent]\n|switch|p2a: Qwilfish|Qwilfish, L86, F|235/252\n|-ability|p2a: Qwilfish|Intimidate|boost\n|-unboost|p1a: Arbok|atk|1\n|move|p1a: Arbok|Gunk Shot|p2a: Qwilfish\n|-resisted|p2a: Qwilfish\n|-damage|p2a: Qwilfish|189/252\n|\n|-heal|p2a: Qwilfish|204/252|[from] item: Leftovers\n|-heal|p1a: Arbok|216/246 par|[from] item: Leftovers\n|upkeep\n|turn|12\n|\n|t:|1782790625\n|move|p2a: Qwilfish|Waterfall|p1a: Arbok\n|-damage|p1a: Arbok|114/246 par\n|cant|p1a: Arbok|flinch\n|\n|-heal|p2a: Qwilfish|219/252|[from] item: Leftovers\n|-heal|p1a: Arbok|129/246 par|[from] item: Leftovers\n|upkeep\n|turn|13\n|\n|t:|1782790634\n|move|p2a: Qwilfish|Waterfall|p1a: Arbok\n|-damage|p1a: Arbok|21/246 par\n|move|p1a: Arbok|Earthquake|p2a: Qwilfish\n|-supereffective|p2a: Qwilfish\n|-damage|p2a: Qwilfish|111/252\n|\n|-heal|p2a: Qwilfish|126/252|[from] item: Leftovers\n|-heal|p1a: Arbok|36/246 par|[from] item: Leftovers\n|upkeep\n|turn|14\n|\n|t:|1782790641\n|move|p2a: Qwilfish|Waterfall|p1a: Arbok\n|-damage|p1a: Arbok|0 fnt\n|faint|p1a: Arbok\n|\n|-heal|p2a: Qwilfish|141/252|[from] item: Leftovers\n|upkeep\n|\n|t:|1782790652\n|switch|p1a: Rotom|Rotom-Heat, L83|219/219\n|turn|15\n|\n|t:|1782790664\n|move|p2a: Qwilfish|Waterfall|p1a: Rotom\n|-supereffective|p1a: Rotom\n|-damage|p1a: Rotom|69/219\n|move|p1a: Rotom|Volt Switch|p2a: Qwilfish\n|-supereffective|p2a: Qwilfish\n|-damage|p2a: Qwilfish|0 fnt\n|faint|p2a: Qwilfish\n|\n|t:|1782790676\n|switch|p1a: Florges|Florges-Blue, L85, F|271/271|[from] Volt Switch\n|\n|upkeep\n|\n|t:|1782790679\n|switch|p2a: Grafaiai|Grafaiai, L86, F|249/249\n|turn|16\n|\n|t:|1782790693\n|switch|p1a: Wo-Chien|Wo-Chien, L83|100/277\n|-ability|p1a: Wo-Chien|Tablets of Ruin\n|move|p2a: Grafaiai|Swords Dance|p2a: Grafaiai\n|-boost|p2a: Grafaiai|atk|2\n|\n|upkeep\n|turn|17\n|\n|t:|1782790704\n|-terastallize|p1a: Wo-Chien|Poison\n|move|p2a: Grafaiai|Gunk Shot|p1a: Wo-Chien\n|-resisted|p1a: Wo-Chien\n|-damage|p1a: Wo-Chien|0 fnt\n|faint|p1a: Wo-Chien\n|-damage|p2a: Grafaiai|225/249|[from] item: Life Orb\n|\n|upkeep\n|\n|t:|1782790716\n|switch|p1a: Greninja|Greninja, L80, M|246/246\n|turn|18\n|\n|t:|1782790723\n|switch|p2a: Samurott|Samurott, L88, M|279/310\n|move|p1a: Greninja|Hydro Pump|p2a: Samurott|[miss]\n|-start|p1a: Greninja|typechange|Water|[from] ability: Protean\n|-miss|p1a: Greninja|p2a: Samurott\n|\n|upkeep\n|turn|19\n|\n|t:|1782790729\n|switch|p1a: Arboliva|Arboliva, L91, F|290/290\n|move|p2a: Samurott|Knock Off|p1a: Arboliva\n|-damage|p1a: Arboliva|196/290\n|-fieldstart|move: Grassy Terrain|[from] ability: Seed Sower|[of] p1a: Arboliva\n|-enditem|p1a: Arboliva|Leftovers|[from] move: Knock Off|[of] p2a: Samurott\n|-damage|p2a: Samurott|248/310|[from] item: Life Orb\n|\n|-heal|p2a: Samurott|267/310|[from] Grassy Terrain\n|-heal|p1a: Arboliva|214/290|[from] Grassy Terrain\n|upkeep\n|turn|20\n|\n|t:|1782790744\n|move|p2a: Samurott|Sacred Sword|p1a: Arboliva\n|-supereffective|p1a: Arboliva\n|-damage|p1a: Arboliva|42/290\n|-damage|p2a: Samurott|236/310|[from] item: Life Orb\n|move|p1a: Arboliva|Hyper Voice|p2a: Samurott\n|-damage|p2a: Samurott|89/310\n|\n|-heal|p2a: Samurott|108/310|[from] Grassy Terrain\n|-heal|p1a: Arboliva|60/290|[from] Grassy Terrain\n|upkeep\n|turn|21\n|\n|t:|1782790755\n|move|p2a: Samurott|Sacred Sword|p1a: Arboliva\n|-supereffective|p1a: Arboliva\n|-damage|p1a: Arboliva|0 fnt\n|faint|p1a: Arboliva\n|-damage|p2a: Samurott|77/310|[from] item: Life Orb\n|\n|-heal|p2a: Samurott|96/310|[from] Grassy Terrain\n|upkeep\n|\n|t:|1782790761\n|switch|p1a: Rotom|Rotom-Heat, L83|69/219\n|turn|22\n|\n|t:|1782790769\n|move|p1a: Rotom|Volt Switch|p2a: Samurott\n|-supereffective|p2a: Samurott\n|-damage|p2a: Samurott|0 fnt\n|faint|p2a: Samurott\n|\n|t:|1782790774\n|switch|p1a: Greninja|Greninja, L80, M|246/246|[from] Volt Switch\n|\n|upkeep\n|\n|t:|1782790776\n|switch|p2a: Slither Wing|Slither Wing, L81|208/270\n|turn|23\n|\n|t:|1782790784\n|switch|p1a: Rotom|Rotom-Heat, L83|69/219\n|-terastallize|p2a: Slither Wing|Electric\n|move|p2a: Slither Wing|Wild Charge|p1a: Rotom\n|-resisted|p1a: Rotom\n|-damage|p1a: Rotom|3/219\n|-damage|p2a: Slither Wing|191/270|[from] Recoil\n|-damage|p2a: Slither Wing|164/270|[from] item: Life Orb\n|\n|-heal|p2a: Slither Wing|180/270|[from] Grassy Terrain\n|-fieldend|move: Grassy Terrain\n|upkeep\n|turn|24\n|\n|t:|1782790799\n|-end|p2a: Slither Wing|Protosynthesis|[silent]\n|switch|p2a: Donphan|Donphan, L84, F|270/288\n|move|p1a: Rotom|Volt Switch|p2a: Donphan\n|-immune|p2a: Donphan\n|\n|-heal|p2a: Donphan|288/288|[from] item: Leftovers\n|upkeep\n|turn|25\n|\n|t:|1782790808\n|move|p1a: Rotom|Pain Split|p2a: Donphan\n|-sethp|p2a: Donphan|145/288|[from] move: Pain Split|[silent]\n|-sethp|p1a: Rotom|145/219|[from] move: Pain Split\n|move|p2a: Donphan|Rapid Spin|p1a: Rotom\n|-damage|p1a: Rotom|107/219\n|-boost|p2a: Donphan|spe|1\n|\n|-heal|p2a: Donphan|163/288|[from] item: Leftovers\n|upkeep\n|turn|26\n|\n|t:|1782790819\n|move|p2a: Donphan|Knock Off|p1a: Rotom\n|-damage|p1a: Rotom|42/219\n|-enditem|p1a: Rotom|Heavy-Duty Boots|[from] move: Knock Off|[of] p2a: Donphan\n|move|p1a: Rotom|Overheat|p2a: Donphan\n|-damage|p2a: Donphan|0 fnt\n|-unboost|p1a: Rotom|spa|2\n|faint|p2a: Donphan\n|\n|upkeep\n|\n|t:|1782790822\n|switch|p2a: Grafaiai|Grafaiai, L86, F|225/249\n|turn|27\n|\n|t:|1782790831\n|move|p2a: Grafaiai|Knock Off|p1a: Rotom\n|-damage|p1a: Rotom|0 fnt\n|faint|p1a: Rotom\n|-damage|p2a: Grafaiai|201/249|[from] item: Life Orb\n|\n|upkeep\n|\n|t:|1782790835\n|switch|p1a: Greninja|Greninja, L80, M|246/246\n|turn|28\n|\n|t:|1782790848\n|move|p1a: Greninja|Ice Beam|p2a: Grafaiai\n|-start|p1a: Greninja|typechange|Ice|[from] ability: Protean\n|-crit|p2a: Grafaiai\n|-damage|p2a: Grafaiai|0 fnt\n|faint|p2a: Grafaiai\n|\n|upkeep\n|\n|t:|1782790852\n|switch|p2a: Slither Wing|Slither Wing, L81, tera:Electric|180/270\n|turn|29\n|\n|t:|1782790857\n|move|p1a: Greninja|Ice Beam|p2a: Slither Wing\n|-damage|p2a: Slither Wing|60/270\n|move|p2a: Slither Wing|Wild Charge|p1a: Greninja\n|-damage|p1a: Greninja|35/246\n|-damage|p2a: Slither Wing|7/270|[from] Recoil\n|-damage|p2a: Slither Wing|0 fnt|[from] item: Life Orb\n|faint|p2a: Slither Wing\n|-end|p2a: Slither Wing|Protosynthesis|[silent]\n|\n|win|tonhua\n", "inputlog": ">version f8ac14003a5f27e1bdc8d8c59608a773c1cb96e5\n>start {\"formatid\":\"gen9randombattle\",\"seed\":\"sodium,6b1258bc1ce6e215784ff9e4f1d1b936\",\"rated\":\"Rated battle\"}\n>player p1 {\"name\":\"tonhua\",\"avatar\":\"2\",\"rating\":1914,\"seed\":\"sodium,29267f67291b0ac23d20023b9fd36543\"}\n>player p2 {\"name\":\"Ecchiokob\",\"avatar\":\"candice\",\"rating\":1921,\"seed\":\"sodium,2f03245e10119397181471158eef7667\"}\n>p1 move knockoff\n>p2 move iciclecrash\n>p1 move gigadrain\n>p2 move iciclecrash\n>p1 move knockoff\n>p2 move iceshard\n>p2 switch 2\n>p1 switch 6\n>p2 move sacredsword\n>p1 move gunkshot\n>p2 switch 4\n>p1 move coil\n>p2 move thunderwave\n>p1 move earthquake\n>p2 switch 6\n>p1 switch 6\n>p2 move knockoff\n>p1 move gigadrain\n>p2 switch 5\n>p1 switch 6\n>p2 move firstimpression\n>p1 move gunkshot\n>p2 switch 6\n>p1 move gunkshot\n>p2 move waterfall\n>p1 move earthquake\n>p2 move waterfall\n>p1 move earthquake\n>p2 move waterfall\n>p1 switch 3\n>p1 move voltswitch\n>p2 move waterfall\n>p1 switch 2\n>p2 switch 3\n>p1 switch 6\n>p2 move swordsdance\n>p1 move stunspore terastallize\n>p2 move gunkshot\n>p1 switch 4\n>p1 move hydropump\n>p2 switch 4\n>p1 switch 5\n>p2 move knockoff\n>p1 move hypervoice\n>p2 move sacredsword\n>p1 move energyball\n>p2 move sacredsword\n>p1 switch 2\n>p1 move voltswitch\n>p2 move liquidation\n>p1 switch 5\n>p2 switch 6\n>p1 switch 5\n>p2 move wildcharge terastallize\n>p1 move voltswitch\n>p2 switch 5\n>p1 move painsplit\n>p2 move rapidspin\n>p1 move overheat\n>p2 move knockoff\n>p2 switch 4\n>p1 move painsplit\n>p2 move knockoff\n>p1 switch 5\n>p1 move icebeam\n>p2 move gunkshot\n>p2 switch 5\n>p1 move icebeam\n>p2 move wildcharge", "uploadtime": 1782790409, "views": 3, "formatid": "gen9randombattle", "rating": null, "private": 0, "password": null, "player_dets": [{"name": "tonhua", "avatar": "2", "rating": 1914, "seed": "sodium,29267f67291b0ac23d20023b9fd36543"}, {"name": "Ecchiokob", "avatar": "candice", "rating": 1921, "seed": "sodium,2f03245e10119397181471158eef7667"}], "teams_full": [{"Wo-Chien": {"name": "Wo-Chien", "species": "Wo-Chien", "speciesId": "wochien", "gender": "N", "shiny": false, "level": 83, "moves": ["knockoff", "stunspore", "gigadrain", "ruination"], "ability": "Tablets of Ruin", "evs": {"hp": 85, "atk": 85, "def": 85, "spa": 85, "spd": 85, "spe": 85}, "ivs": {"hp": 31, "atk": 31, "def": 31, "spa": 31, "spd": 31, "spe": 31}, "item": "Leftovers", "teraType": "Poison", "role": "Bulky Support", "bvs": {"hp": 85, "atk": 85, "def": 100, "spa": 95, "spd": 135, "spe": 70}, "stats": {"hp": 277, "atk": 189, "def": 214, "spa": 205, "spd": 272, "spe": 164}, "types": ["Dark", "Grass"]}, "Florges": {"name": "Florges", "species": "Florges-Blue", "speciesId": "florges", "gender": "F", "shiny": false, "level": 85, "moves": ["wish", "protect", "moonblast", "calmmind"], "ability": "Flower Veil", "evs": {"hp": 85, "atk": 0, "def": 85, "spa": 85, "spd": 85, "spe": 85}, "ivs": {"hp": 31, "atk": 0, "def": 31, "spa": 31, "spd": 31, "spe": 31}, "item": "Leftovers", "teraType": "Steel", "role": "Bulky Setup", "bvs": {"hp": 78, "atk": 65, "def": 68, "spa": 112, "spd": 154, "spe": 75}, "stats": {"hp": 271, "atk": 115, "def": 164, "spa": 239, "spd": 311, "spe": 176}, "types": ["Fairy"]}, "Rotom": {"name": "Rotom", "species": "Rotom-Heat", "speciesId": "rotomheat", "gender": "N", "shiny": false, "level": 83, "moves": ["overheat", "voltswitch", "painsplit", "thunderbolt"], "ability": "Levitate", "evs": {"hp": 85, "atk": 0, "def": 85, "spa": 85, "spd": 85, "spe": 85}, "ivs": {"hp": 31, "atk": 0, "def": 31, "spa": 31, "spd": 31, "spe": 31}, "item": "Heavy-Duty Boots", "teraType": "Electric", "role": "Bulky Attacker", "bvs": {"hp": 50, "atk": 65, "def": 107, "spa": 105, "spd": 107, "spe": 86}, "stats": {"hp": 219, "atk": 112, "def": 225, "spa": 222, "spd": 225, "spe": 190}, "types": ["Electric", "Fire"]}, "Greninja": {"name": "Greninja", "species": "Greninja", "speciesId": "greninja", "gender": "M", "shiny": false, "level": 80, "moves": ["darkpulse", "icebeam", "hydropump", "uturn"], "ability": "Protean", "evs": {"hp": 85, "atk": 85, "def": 85, "spa": 85, "spd": 85, "spe": 85}, "ivs": {"hp": 31, "atk": 31, "def": 31, "spa": 31, "spd": 31, "spe": 31}, "item": "Choice Specs", "teraType": "Dark", "role": "Fast Attacker", "bvs": {"hp": 72, "atk": 95, "def": 67, "spa": 103, "spd": 71, "spe": 122}, "stats": {"hp": 246, "atk": 198, "def": 153, "spa": 211, "spd": 160, "spe": 241}, "types": ["Water", "Dark"]}, "Arboliva": {"name": "Arboliva", "species": "Arboliva", "speciesId": "arboliva", "gender": "F", "shiny": false, "level": 91, "moves": ["strengthsap", "earthpower", "energyball", "hypervoice"], "ability": "Seed Sower", "evs": {"hp": 85, "atk": 0, "def": 85, "spa": 85, "spd": 85, "spe": 85}, "ivs": {"hp": 31, "atk": 0, "def": 31, "spa": 31, "spd": 31, "spe": 31}, "item": "Leftovers", "teraType": "Poison", "role": "Bulky Attacker", "bvs": {"hp": 78, "atk": 69, "def": 90, "spa": 125, "spd": 109, "spe": 39}, "stats": {"hp": 290, "atk": 130, "def": 216, "spa": 279, "spd": 250, "spe": 123}, "types": ["Grass", "Normal"]}, "Arbok": {"name": "Arbok", "species": "Arbok", "speciesId": "arbok", "gender": "M", "shiny": false, "level": 87, "moves": ["gunkshot", "trailblaze", "earthquake", "coil"], "ability": "Intimidate", "evs": {"hp": 85, "atk": 85, "def": 85, "spa": 85, "spd": 85, "spe": 85}, "ivs": {"hp": 31, "atk": 31, "def": 31, "spa": 31, "spd": 31, "spe": 31}, "item": "Leftovers", "teraType": "Ground", "role": "Bulky Setup", "bvs": {"hp": 60, "atk": 95, "def": 69, "spa": 65, "spd": 79, "spe": 80}, "stats": {"hp": 246, "atk": 215, "def": 170, "spa": 163, "spd": 187, "spe": 189}, "types": ["Poison"]}}, {"Piloswine": {"name": "Piloswine", "species": "Piloswine", "speciesId": "piloswine", "gender": "M", "shiny": false, "level": 85, "moves": ["iciclecrash", "iceshard", "roar", "earthquake"], "ability": "Thick Fat", "evs": {"hp": 85, "atk": 85, "def": 85, "spa": 85, "spd": 85, "spe": 85}, "ivs": {"hp": 31, "atk": 31, "def": 31, "spa": 31, "spd": 31, "spe": 31}, "item": "Eviolite", "teraType": "Dragon", "role": "Bulky Support", "bvs": {"hp": 100, "atk": 100, "def": 80, "spa": 60, "spd": 60, "spe": 50}, "stats": {"hp": 309, "atk": 219, "def": 185, "spa": 151, "spd": 151, "spe": 134}, "types": ["Ice", "Ground"]}, "Samurott": {"name": "Samurott", "species": "Samurott", "speciesId": "samurott", "gender": "M", "shiny": false, "level": 88, "moves": ["sacredsword", "knockoff", "liquidation", "swordsdance"], "ability": "Torrent", "evs": {"hp": 85, "atk": 85, "def": 85, "spa": 85, "spd": 85, "spe": 85}, "ivs": {"hp": 31, "atk": 31, "def": 31, "spa": 31, "spd": 31, "spe": 31}, "item": "Life Orb", "teraType": "Water", "role": "Setup Sweeper", "bvs": {"hp": 95, "atk": 100, "def": 85, "spa": 108, "spd": 70, "spe": 70}, "stats": {"hp": 310, "atk": 226, "def": 200, "spa": 240, "spd": 173, "spe": 173}, "types": ["Water"]}, "Grafaiai": {"name": "Grafaiai", "species": "Grafaiai", "speciesId": "grafaiai", "gender": "F", "shiny": false, "level": 86, "moves": ["lowkick", "gunkshot", "knockoff", "swordsdance"], "ability": "Poison Touch", "evs": {"hp": 85, "atk": 85, "def": 85, "spa": 85, "spd": 85, "spe": 85}, "ivs": {"hp": 31, "atk": 31, "def": 31, "spa": 31, "spd": 31, "spe": 31}, "item": "Life Orb", "teraType": "Dark", "role": "Setup Sweeper", "bvs": {"hp": 63, "atk": 95, "def": 65, "spa": 80, "spd": 72, "spe": 110}, "stats": {"hp": 249, "atk": 213, "def": 161, "spa": 187, "spd": 173, "spe": 238}, "types": ["Poison", "Normal"]}, "Qwilfish": {"name": "Qwilfish", "species": "Qwilfish", "speciesId": "qwilfish", "gender": "F", "shiny": false, "level": 86, "moves": ["waterfall", "gunkshot", "thunderwave", "destinybond"], "ability": "Intimidate", "evs": {"hp": 85, "atk": 85, "def": 85, "spa": 85, "spd": 85, "spe": 85}, "ivs": {"hp": 31, "atk": 31, "def": 31, "spa": 31, "spd": 31, "spe": 31}, "item": "Leftovers", "teraType": "Grass", "role": "Bulky Support", "bvs": {"hp": 65, "atk": 95, "def": 85, "spa": 55, "spd": 55, "spe": 85}, "stats": {"hp": 252, "atk": 213, "def": 195, "spa": 144, "spd": 144, "spe": 195}, "types": ["Water", "Poison"]}, "Slither Wing": {"name": "Slither Wing", "species": "Slither Wing", "speciesId": "slitherwing", "gender": "N", "shiny": false, "level": 81, "moves": ["firstimpression", "earthquake", "closecombat", "wildcharge"], "ability": "Protosynthesis", "evs": {"hp": 85, "atk": 85, "def": 85, "spa": 85, "spd": 85, "spe": 85}, "ivs": {"hp": 31, "atk": 31, "def": 31, "spa": 31, "spd": 31, "spe": 31}, "item": "Life Orb", "teraType": "Electric", "role": "Fast Attacker", "bvs": {"hp": 85, "atk": 135, "def": 79, "spa": 85, "spd": 105, "spe": 81}, "stats": {"hp": 270, "atk": 265, "def": 175, "spa": 184, "spd": 217, "spe": 178}, "types": ["Bug", "Fighting"]}, "Donphan": {"name": "Donphan", "species": "Donphan", "speciesId": "donphan", "gender": "F", "shiny": false, "level": 84, "moves": ["knockoff", "rapidspin", "stealthrock", "earthquake"], "ability": "Sturdy", "evs": {"hp": 85, "atk": 85, "def": 85, "spa": 85, "spd": 85, "spe": 85}, "ivs": {"hp": 31, "atk": 31, "def": 31, "spa": 31, "spd": 31, "spe": 31}, "item": "Leftovers", "teraType": "Dragon", "role": "Bulky Support", "bvs": {"hp": 90, "atk": 120, "def": 120, "spa": 60, "spd": 60, "spe": 50}, "stats": {"hp": 288, "atk": 250, "def": 250, "spa": 149, "spd": 149, "spe": 132}, "types": ["Ground"]}}]}