{"id": "gen9randombattle-2641216143", "format": "[Gen 9] Random Battle", "players": ["daarado", "Micael Lopes"], "log": "|j|\u2606daarado\n|j|\u2606Micael Lopes\n|t:|1782754857\n|gametype|singles\n|player|p1|daarado|2|1930\n|player|p2|Micael Lopes|benga|1992\n|gen|9\n|tier|[Gen 9] Random Battle\n|rated|\n|rule|Species Clause: Limit one of each Pok\u00e9mon\n|rule|HP Percentage Mod: HP is shown in percentages\n|rule|Sleep Clause Mod: Limit one foe put to sleep\n|rule|Illusion Level Mod: Illusion disguises the Pok\u00e9mon's true level\n|\n|t:|1782754857\n|teamsize|p1|6\n|teamsize|p2|6\n|start\n|switch|p1a: Blastoise|Blastoise, L80, F|258/258\n|switch|p2a: Clefable|Clefable, L83, M|293/293\n|turn|1\n|inactive|Battle timer is ON: inactive players will automatically lose when time's up. (requested by Micael Lopes)\n|\n|t:|1782754869\n|switch|p1a: Electrode|Electrode, L92|260/260\n|move|p2a: Clefable|Calm Mind|p2a: Clefable\n|-boost|p2a: Clefable|spa|1\n|-boost|p2a: Clefable|spd|1\n|\n|upkeep\n|turn|2\n|\n|t:|1782754879\n|move|p1a: Electrode|Taunt|p2a: Clefable\n|-start|p2a: Clefable|move: Taunt\n|move|p2a: Clefable|Moonblast|p1a: Electrode\n|-damage|p1a: Electrode|57/260\n|-unboost|p1a: Electrode|spa|1\n|\n|upkeep\n|turn|3\n|\n|t:|1782754883\n|switch|p2a: Sandy Shocks|Sandy Shocks, L80|267/267\n|move|p1a: Electrode|Volt Switch|p2a: Sandy Shocks\n|-immune|p2a: Sandy Shocks\n|\n|upkeep\n|turn|4\n|\n|t:|1782754898\n|switch|p1a: Braviary|Braviary, L85, M|309/309\n|move|p2a: Sandy Shocks|Stealth Rock|p1a: Braviary\n|-sidestart|p1: daarado|move: Stealth Rock\n|\n|upkeep\n|turn|5\n|\n|t:|1782754904\n|switch|p1a: Zebstrika|Zebstrika, L87, M|272/272\n|-damage|p1a: Zebstrika|238/272|[from] Stealth Rock\n|move|p2a: Sandy Shocks|Thunder Wave|p1a: Zebstrika\n|-immune|p1a: Zebstrika\n|\n|upkeep\n|turn|6\n|\n|t:|1782754910\n|-terastallize|p2a: Sandy Shocks|Ground\n|move|p1a: Zebstrika|High Horsepower|p2a: Sandy Shocks\n|-damage|p2a: Sandy Shocks|173/267\n|-damage|p1a: Zebstrika|211/272|[from] item: Life Orb\n|move|p2a: Sandy Shocks|Earth Power|p1a: Zebstrika\n|-supereffective|p1a: Zebstrika\n|-crit|p1a: Zebstrika\n|-damage|p1a: Zebstrika|0 fnt\n|faint|p1a: Zebstrika\n|\n|-heal|p2a: Sandy Shocks|189/267|[from] item: Leftovers\n|upkeep\n|\n|t:|1782754923\n|switch|p1a: Blastoise|Blastoise, L80, F|258/258\n|-damage|p1a: Blastoise|226/258|[from] Stealth Rock\n|turn|7\n|\n|t:|1782754927\n|move|p2a: Sandy Shocks|Thunder Wave|p1a: Blastoise\n|-status|p1a: Blastoise|par\n|move|p1a: Blastoise|Shell Smash|p1a: Blastoise\n|-unboost|p1a: Blastoise|def|1\n|-unboost|p1a: Blastoise|spd|1\n|-boost|p1a: Blastoise|atk|2\n|-boost|p1a: Blastoise|spa|2\n|-boost|p1a: Blastoise|spe|2\n|-enditem|p1a: Blastoise|White Herb\n|-clearnegativeboost|p1a: Blastoise|[silent]\n|\n|-heal|p2a: Sandy Shocks|205/267|[from] item: Leftovers\n|upkeep\n|turn|8\n|\n|t:|1782754936\n|-end|p2a: Sandy Shocks|Protosynthesis|[silent]\n|switch|p2a: Umbreon|Umbreon, L84, M|297/297\n|move|p1a: Blastoise|Hydro Pump|p2a: Umbreon\n|-damage|p2a: Umbreon|162/297\n|\n|-heal|p2a: Umbreon|180/297|[from] item: Leftovers\n|upkeep\n|turn|9\n|\n|t:|1782754951\n|move|p1a: Blastoise|Earthquake|p2a: Umbreon\n|-damage|p2a: Umbreon|78/297\n|move|p2a: Umbreon|Wish|p2a: Umbreon\n|\n|-heal|p2a: Umbreon|96/297|[from] item: Leftovers\n|upkeep\n|turn|10\n|\n|t:|1782754956\n|move|p2a: Umbreon|Protect|p2a: Umbreon\n|-singleturn|p2a: Umbreon|Protect\n|cant|p1a: Blastoise|par\n|\n|-heal|p2a: Umbreon|244/297|[from] move: Wish|[wisher] Umbreon\n|-heal|p2a: Umbreon|262/297|[from] item: Leftovers\n|upkeep\n|turn|11\n|\n|t:|1782754961\n|cant|p1a: Blastoise|par\n|move|p2a: Umbreon|Wish|p2a: Umbreon\n|\n|-heal|p2a: Umbreon|280/297|[from] item: Leftovers\n|upkeep\n|turn|12\n|\n|t:|1782754965\n|move|p1a: Blastoise|Shell Smash|p1a: Blastoise\n|-unboost|p1a: Blastoise|def|1\n|-unboost|p1a: Blastoise|spd|1\n|-boost|p1a: Blastoise|atk|2\n|-boost|p1a: Blastoise|spa|2\n|-boost|p1a: Blastoise|spe|2\n|move|p2a: Umbreon|Foul Play|p1a: Blastoise\n|-damage|p1a: Blastoise|0 fnt\n|faint|p1a: Blastoise\n|\n|-heal|p2a: Umbreon|297/297|[from] move: Wish|[wisher] Umbreon\n|upkeep\n|\n|t:|1782754970\n|switch|p1a: Koraidon|Koraidon, L64|235/235\n|-damage|p1a: Koraidon|221/235|[from] Stealth Rock\n|-weather|SunnyDay|[from] ability: Orichalcum Pulse|[of] p1a: Koraidon\n|-activate|p1a: Koraidon|Orichalcum Pulse|[source]\n|turn|13\n|\n|t:|1782754975\n|move|p1a: Koraidon|Collision Course|p2a: Umbreon\n|-supereffective|p2a: Umbreon\n|-crit|p2a: Umbreon\n|-damage|p2a: Umbreon|0 fnt\n|faint|p2a: Umbreon\n|\n|-weather|SunnyDay|[upkeep]\n|upkeep\n|\n|t:|1782754978\n|switch|p2a: Clefable|Clefable, L83, M|293/293\n|turn|14\n|\n|t:|1782754992\n|switch|p1a: Gengar|Gengar, L81, F|230/230\n|-damage|p1a: Gengar|202/230|[from] Stealth Rock\n|move|p2a: Clefable|Moonblast|p1a: Gengar\n|-resisted|p1a: Gengar\n|-damage|p1a: Gengar|132/230\n|-unboost|p1a: Gengar|spa|1\n|\n|-weather|SunnyDay|[upkeep]\n|upkeep\n|turn|15\n|\n|t:|1782755009\n|switch|p2a: Sandy Shocks|Sandy Shocks, L80, tera:Ground|205/267\n|-activate|p2a: Sandy Shocks|ability: Protosynthesis\n|-start|p2a: Sandy Shocks|protosynthesisspa\n|move|p1a: Gengar|Sludge Wave|p2a: Sandy Shocks\n|-resisted|p2a: Sandy Shocks\n|-damage|p2a: Sandy Shocks|154/267\n|-damage|p1a: Gengar|109/230|[from] item: Life Orb\n|\n|-weather|SunnyDay|[upkeep]\n|-heal|p2a: Sandy Shocks|170/267|[from] item: Leftovers\n|upkeep\n|turn|16\n|\n|t:|1782755014\n|move|p1a: Gengar|Shadow Ball|p2a: Sandy Shocks\n|-damage|p2a: Sandy Shocks|76/267\n|-damage|p1a: Gengar|86/230|[from] item: Life Orb\n|move|p2a: Sandy Shocks|Thunderbolt|p1a: Gengar\n|-damage|p1a: Gengar|0 fnt\n|faint|p1a: Gengar\n|\n|-weather|SunnyDay|[upkeep]\n|-heal|p2a: Sandy Shocks|92/267|[from] item: Leftovers\n|upkeep\n|\n|t:|1782755019\n|switch|p1a: Koraidon|Koraidon, L64|221/235\n|-damage|p1a: Koraidon|207/235|[from] Stealth Rock\n|-activate|p1a: Koraidon|ability: Orichalcum Pulse\n|turn|17\n|\n|t:|1782755030\n|-end|p2a: Sandy Shocks|Protosynthesis|[silent]\n|switch|p2a: Noivern|Noivern, L82, M|274/274\n|move|p1a: Koraidon|Flare Blitz|p2a: Noivern\n|-resisted|p2a: Noivern\n|-damage|p2a: Noivern|204/274\n|-damage|p1a: Koraidon|184/235|[from] Recoil\n|\n|-weather|none\n|upkeep\n|turn|18\n|\n|t:|1782755054\n|switch|p1a: Braviary|Braviary, L85, M|309/309\n|move|p2a: Noivern|Hurricane|p1a: Braviary\n|-damage|p1a: Braviary|195/309\n|\n|upkeep\n|turn|19\n|\n|t:|1782755061\n|move|p2a: Noivern|Hurricane|p1a: Braviary|[miss]\n|-miss|p2a: Noivern|p1a: Braviary\n|move|p1a: Braviary|Brave Bird|p2a: Noivern\n|-damage|p2a: Noivern|20/274\n|-damage|p1a: Braviary|134/309|[from] Recoil\n|\n|upkeep\n|turn|20\n|\n|t:|1782755064\n|move|p2a: Noivern|Draco Meteor|p1a: Braviary\n|-damage|p1a: Braviary|0 fnt\n|-unboost|p2a: Noivern|spa|2\n|faint|p1a: Braviary\n|\n|upkeep\n|\n|t:|1782755067\n|switch|p1a: Electrode|Electrode, L92|57/260\n|-damage|p1a: Electrode|25/260|[from] Stealth Rock\n|turn|21\n|\n|t:|1782755073\n|switch|p2a: Muk|Muk, L86, F|321/321\n|move|p1a: Electrode|Tera Blast|p2a: Muk\n|-damage|p2a: Muk|273/321\n|-damage|p1a: Electrode|0 fnt|[from] item: Life Orb\n|faint|p1a: Electrode\n|\n|upkeep\n|\n|t:|1782755077\n|switch|p1a: Koraidon|Koraidon, L64|184/235\n|-damage|p1a: Koraidon|170/235|[from] Stealth Rock\n|-weather|SunnyDay|[from] ability: Orichalcum Pulse|[of] p1a: Koraidon\n|-activate|p1a: Koraidon|Orichalcum Pulse|[source]\n|turn|22\n|\n|t:|1782755090\n|move|p1a: Koraidon|Swords Dance|p1a: Koraidon\n|-boost|p1a: Koraidon|atk|2\n|move|p2a: Muk|Ice Punch|p1a: Koraidon\n|-supereffective|p1a: Koraidon\n|-damage|p1a: Koraidon|34/235\n|\n|-weather|SunnyDay|[upkeep]\n|upkeep\n|turn|23\n|\n|t:|1782755098\n|switch|p2a: Clefable|Clefable, L83, M|293/293\n|move|p1a: Koraidon|Scale Shot|p2a: Clefable\n|-immune|p2a: Clefable\n|\n|-weather|SunnyDay|[upkeep]\n|upkeep\n|turn|24\n|\n|t:|1782755102\n|switch|p2a: Frosmoth|Frosmoth, L82, M|249/249\n|move|p1a: Koraidon|Flare Blitz|p2a: Frosmoth\n|-supereffective|p2a: Frosmoth\n|-damage|p2a: Frosmoth|0 fnt\n|faint|p2a: Frosmoth\n|-damage|p1a: Koraidon|0 fnt|[from] Recoil\n|faint|p1a: Koraidon\n|\n|win|Micael Lopes\n|raw|daarado's rating: 1908 &rarr; <strong>1893</strong><br />(-15 for losing)\n|raw|Micael Lopes's rating: 1992 &rarr; <strong>2007</strong><br />(+15 for winning)\n|l|\u2606daarado\n|player|p1|\n|c|\u2606Micael Lopes|**__Sexy game.__**\n", "inputlog": ">version f8ac14003a5f27e1bdc8d8c59608a773c1cb96e5\n>start {\"formatid\":\"gen9randombattle\",\"seed\":\"sodium,852b370cf1076f4e41b6d165e81e8aa6\",\"rated\":\"Rated battle\"}\n>player p1 {\"name\":\"daarado\",\"avatar\":\"2\",\"rating\":1930,\"seed\":\"sodium,b6b5a8ca3919a18a7e9dbf32a72d6eee\"}\n>player p2 {\"name\":\"Micael Lopes\",\"avatar\":\"benga\",\"rating\":1992,\"seed\":\"sodium,f4d5bf744962c1a80038f67c5ef19d00\"}\n>p1 switch 6\n>p2 move calmmind\n>p1 move taunt\n>p2 move moonblast\n>p1 move voltswitch\n>p2 switch 4\n>p1 switch 5\n>p2 move stealthrock\n>p1 switch 3\n>p2 move thunderwave\n>p1 move highhorsepower\n>p2 move earthpower terastallize\n>p1 switch 6\n>p1 move shellsmash\n>p2 move thunderwave\n>p1 move hydropump\n>p2 switch 5\n>p1 move earthquake\n>p2 move wish\n>p1 move shellsmash\n>p2 move protect\n>p1 move hydropump\n>p2 move wish\n>p1 move shellsmash\n>p2 move foulplay\n>p1 switch 4\n>p1 move collisioncourse\n>p2 move toxic\n>p2 switch 4\n>p1 switch 2\n>p2 move moonblast\n>p1 move sludgewave\n>p2 switch 5\n>p1 move shadowball\n>p2 move thunderbolt\n>p1 switch 2\n>p1 move flareblitz\n>p2 switch 2\n>p1 switch 3\n>p2 move hurricane\n>p1 move bravebird\n>p2 move hurricane\n>p1 move roost\n>p2 move dracometeor\n>p1 switch 5\n>p1 move terablast\n>p2 switch 3\n>p1 switch 3\n>p1 move swordsdance\n>p2 move icepunch\n>p1 move scaleshot\n>p2 switch 5\n>p1 move flareblitz\n>p2 switch 6", "uploadtime": 1782755107, "views": 7, "formatid": "gen9randombattle", "rating": 1893, "private": 0, "password": null, "player_dets": [{"name": "daarado", "avatar": "2", "rating": 1930, "seed": "sodium,b6b5a8ca3919a18a7e9dbf32a72d6eee"}, {"name": "Micael Lopes", "avatar": "benga", "rating": 1992, "seed": "sodium,f4d5bf744962c1a80038f67c5ef19d00"}], "teams_full": [{"Blastoise": {"name": "Blastoise", "species": "Blastoise", "speciesId": "blastoise", "gender": "F", "shiny": false, "level": 80, "moves": ["shellsmash", "hydropump", "icebeam", "earthquake"], "ability": "Torrent", "evs": {"hp": 85, "atk": 85, "def": 85, "spa": 85, "spd": 85, "spe": 85}, "ivs": {"hp": 31, "atk": 31, "def": 31, "spa": 31, "spd": 31, "spe": 31}, "item": "White Herb", "teraType": "Water", "role": "Setup Sweeper", "bvs": {"hp": 79, "atk": 83, "def": 100, "spa": 85, "spd": 105, "spe": 78}, "stats": {"hp": 258, "atk": 179, "def": 206, "spa": 182, "spd": 214, "spe": 171}, "types": ["Water"]}, "Gengar": {"name": "Gengar", "species": "Gengar", "speciesId": "gengar", "gender": "F", "shiny": false, "level": 81, "moves": ["shadowball", "sludgewave", "focusblast", "willowisp"], "ability": "Cursed Body", "evs": {"hp": 85, "atk": 0, "def": 85, "spa": 85, "spd": 85, "spe": 85}, "ivs": {"hp": 31, "atk": 0, "def": 31, "spa": 31, "spd": 31, "spe": 31}, "item": "Life Orb", "teraType": "Fighting", "role": "Fast Attacker", "bvs": {"hp": 60, "atk": 65, "def": 60, "spa": 130, "spd": 75, "spe": 110}, "stats": {"hp": 230, "atk": 110, "def": 144, "spa": 257, "spd": 168, "spe": 225}, "types": ["Ghost", "Poison"]}, "Zebstrika": {"name": "Zebstrika", "species": "Zebstrika", "speciesId": "zebstrika", "gender": "M", "shiny": false, "level": 87, "moves": ["supercellslam", "highhorsepower", "voltswitch", "overheat"], "ability": "Sap Sipper", "evs": {"hp": 85, "atk": 85, "def": 85, "spa": 85, "spd": 85, "spe": 85}, "ivs": {"hp": 31, "atk": 31, "def": 31, "spa": 31, "spd": 31, "spe": 31}, "item": "Life Orb", "teraType": "Ground", "role": "Fast Attacker", "bvs": {"hp": 75, "atk": 100, "def": 63, "spa": 80, "spd": 63, "spe": 116}, "stats": {"hp": 272, "atk": 224, "def": 159, "spa": 189, "spd": 159, "spe": 252}, "types": ["Electric"]}, "Koraidon": {"name": "Koraidon", "species": "Koraidon", "speciesId": "koraidon", "gender": "N", "shiny": false, "level": 64, "moves": ["collisioncourse", "flareblitz", "scaleshot", "swordsdance"], "ability": "Orichalcum Pulse", "evs": {"hp": 85, "atk": 85, "def": 85, "spa": 85, "spd": 85, "spe": 85}, "ivs": {"hp": 31, "atk": 31, "def": 31, "spa": 31, "spd": 31, "spe": 31}, "item": "Loaded Dice", "teraType": "Fire", "role": "Setup Sweeper", "bvs": {"hp": 100, "atk": 135, "def": 115, "spa": 85, "spd": 100, "spe": 135}, "stats": {"hp": 235, "atk": 211, "def": 185, "spa": 147, "spd": 166, "spe": 211}, "types": ["Fighting", "Dragon"]}, "Braviary": {"name": "Braviary", "species": "Braviary", "speciesId": "braviary", "gender": "M", "shiny": false, "level": 85, "moves": ["roost", "closecombat", "bravebird", "bulkup"], "ability": "Defiant", "evs": {"hp": 85, "atk": 85, "def": 85, "spa": 85, "spd": 85, "spe": 85}, "ivs": {"hp": 31, "atk": 31, "def": 31, "spa": 31, "spd": 31, "spe": 31}, "item": "Heavy-Duty Boots", "teraType": "Fighting", "role": "Fast Bulky Setup", "bvs": {"hp": 100, "atk": 123, "def": 75, "spa": 57, "spd": 75, "spe": 80}, "stats": {"hp": 309, "atk": 258, "def": 176, "spa": 146, "spd": 176, "spe": 185}, "types": ["Normal", "Flying"]}, "Electrode": {"name": "Electrode", "species": "Electrode", "speciesId": "electrode", "gender": "N", "shiny": false, "level": 92, "moves": ["voltswitch", "terablast", "thunderbolt", "taunt"], "ability": "Aftermath", "evs": {"hp": 85, "atk": 0, "def": 85, "spa": 85, "spd": 85, "spe": 85}, "ivs": {"hp": 31, "atk": 0, "def": 31, "spa": 31, "spd": 31, "spe": 31}, "item": "Life Orb", "teraType": "Ice", "role": "Tera Blast user", "bvs": {"hp": 60, "atk": 50, "def": 70, "spa": 80, "spd": 80, "spe": 150}, "stats": {"hp": 260, "atk": 97, "def": 181, "spa": 200, "spd": 200, "spe": 328}, "types": ["Electric"]}}, {"Clefable": {"name": "Clefable", "species": "Clefable", "speciesId": "clefable", "gender": "M", "shiny": false, "level": 83, "moves": ["moonblast", "calmmind", "fireblast", "moonlight"], "ability": "Magic Guard", "evs": {"hp": 85, "atk": 0, "def": 85, "spa": 85, "spd": 85, "spe": 85}, "ivs": {"hp": 31, "atk": 0, "def": 31, "spa": 31, "spd": 31, "spe": 31}, "item": "Life Orb", "teraType": "Fire", "role": "Bulky Setup", "bvs": {"hp": 95, "atk": 70, "def": 73, "spa": 95, "spd": 90, "spe": 60}, "stats": {"hp": 293, "atk": 121, "def": 169, "spa": 205, "spd": 197, "spe": 147}, "types": ["Fairy"]}, "Noivern": {"name": "Noivern", "species": "Noivern", "speciesId": "noivern", "gender": "M", "shiny": false, "level": 82, "moves": ["flamethrower", "hurricane", "dracometeor", "defog"], "ability": "Infiltrator", "evs": {"hp": 85, "atk": 0, "def": 85, "spa": 85, "spd": 85, "spe": 85}, "ivs": {"hp": 31, "atk": 0, "def": 31, "spa": 31, "spd": 31, "spe": 31}, "item": "Heavy-Duty Boots", "teraType": "Fire", "role": "Fast Support", "bvs": {"hp": 85, "atk": 70, "def": 80, "spa": 97, "spd": 80, "spe": 123}, "stats": {"hp": 274, "atk": 119, "def": 178, "spa": 206, "spd": 178, "spe": 249}, "types": ["Flying", "Dragon"]}, "Muk": {"name": "Muk", "species": "Muk", "speciesId": "muk", "gender": "F", "shiny": false, "level": 86, "moves": ["knockoff", "drainpunch", "icepunch", "poisonjab"], "ability": "Poison Touch", "evs": {"hp": 85, "atk": 85, "def": 85, "spa": 85, "spd": 85, "spe": 85}, "ivs": {"hp": 31, "atk": 31, "def": 31, "spa": 31, "spd": 31, "spe": 31}, "item": "Assault Vest", "teraType": "Dark", "role": "AV Pivot", "bvs": {"hp": 105, "atk": 105, "def": 75, "spa": 65, "spd": 100, "spe": 50}, "stats": {"hp": 321, "atk": 230, "def": 178, "spa": 161, "spd": 221, "spe": 135}, "types": ["Poison"]}, "Sandy Shocks": {"name": "Sandy Shocks", "species": "Sandy Shocks", "speciesId": "sandyshocks", "gender": "N", "shiny": false, "level": 80, "moves": ["stealthrock", "thunderwave", "earthpower", "thunderbolt"], "ability": "Protosynthesis", "evs": {"hp": 85, "atk": 0, "def": 85, "spa": 85, "spd": 85, "spe": 85}, "ivs": {"hp": 31, "atk": 0, "def": 31, "spa": 31, "spd": 31, "spe": 31}, "item": "Leftovers", "teraType": "Ground", "role": "Fast Support", "bvs": {"hp": 85, "atk": 81, "def": 97, "spa": 121, "spd": 85, "spe": 101}, "stats": {"hp": 267, "atk": 134, "def": 201, "spa": 240, "spd": 182, "spe": 208}, "types": ["Electric", "Ground"]}, "Umbreon": {"name": "Umbreon", "species": "Umbreon", "speciesId": "umbreon", "gender": "M", "shiny": false, "level": 84, "moves": ["protect", "toxic", "wish", "foulplay"], "ability": "Synchronize", "evs": {"hp": 85, "atk": 0, "def": 85, "spa": 85, "spd": 85, "spe": 85}, "ivs": {"hp": 31, "atk": 0, "def": 31, "spa": 31, "spd": 31, "spe": 31}, "item": "Leftovers", "teraType": "Poison", "role": "Bulky Support", "bvs": {"hp": 95, "atk": 65, "def": 110, "spa": 60, "spd": 130, "spe": 65}, "stats": {"hp": 297, "atk": 114, "def": 233, "spa": 149, "spd": 267, "spe": 157}, "types": ["Dark"]}, "Frosmoth": {"name": "Frosmoth", "species": "Frosmoth", "speciesId": "frosmoth", "gender": "M", "shiny": false, "level": 82, "moves": ["icebeam", "quiverdance", "hurricane", "gigadrain"], "ability": "Ice Scales", "evs": {"hp": 85, "atk": 0, "def": 85, "spa": 85, "spd": 85, "spe": 85}, "ivs": {"hp": 31, "atk": 0, "def": 31, "spa": 31, "spd": 31, "spe": 31}, "item": "Heavy-Duty Boots", "teraType": "Water", "role": "Setup Sweeper", "bvs": {"hp": 70, "atk": 65, "def": 60, "spa": 125, "spd": 90, "spe": 65}, "stats": {"hp": 249, "atk": 111, "def": 146, "spa": 252, "spd": 195, "spe": 154}, "types": ["Ice", "Bug"]}}]}