{"id": "gen9randombattle-2641180760", "format": "[Gen 9] Random Battle", "players": ["testbotcif", "iam_ochey"], "log": "|j|\u2606testbotcif\n|j|\u2606iam_ochey\n|t:|1782750424\n|gametype|singles\n|player|p1|testbotcif|266|1138\n|player|p2|iam_ochey|alder|1104\n|gen|9\n|tier|[Gen 9] Random Battle\n|rated|\n|rule|Species Clause: Limit one of each Pok\u00e9mon\n|rule|HP Percentage Mod: HP is shown in percentages\n|rule|Sleep Clause Mod: Limit one foe put to sleep\n|rule|Illusion Level Mod: Illusion disguises the Pok\u00e9mon's true level\n|\n|t:|1782750424\n|teamsize|p1|6\n|teamsize|p2|6\n|start\n|switch|p1a: Torterra|Torterra, L78, M|276/276\n|switch|p2a: Solgaleo|Solgaleo, L74|325/325\n|turn|1\n|inactive|Battle timer is ON: inactive players will automatically lose when time's up. (requested by testbotcif)\n|c|\u2606testbotcif|rlhf\n|c|\u2606iam_ochey|rhlf\n|\n|t:|1782750439\n|move|p2a: Solgaleo|Flame Charge|p1a: Torterra\n|-supereffective|p1a: Torterra\n|-damage|p1a: Torterra|210/276\n|-boost|p2a: Solgaleo|spe|1\n|move|p1a: Torterra|Shell Smash|p1a: Torterra\n|-unboost|p1a: Torterra|def|1\n|-unboost|p1a: Torterra|spd|1\n|-boost|p1a: Torterra|atk|2\n|-boost|p1a: Torterra|spa|2\n|-boost|p1a: Torterra|spe|2\n|\n|upkeep\n|turn|2\n|\n|t:|1782750446\n|-terastallize|p1a: Torterra|Water\n|move|p2a: Solgaleo|Flame Charge|p1a: Torterra\n|-resisted|p1a: Torterra\n|-damage|p1a: Torterra|186/276\n|-boost|p2a: Solgaleo|spe|1\n|move|p1a: Torterra|Headlong Rush|p2a: Solgaleo\n|-supereffective|p2a: Solgaleo\n|-damage|p2a: Solgaleo|0 fnt\n|-unboost|p1a: Torterra|def|1\n|-unboost|p1a: Torterra|spd|1\n|faint|p2a: Solgaleo\n|\n|upkeep\n|\n|t:|1782750452\n|switch|p2a: Exeggutor|Exeggutor-Alola, L89, F|314/314\n|turn|3\n|\n|t:|1782750457\n|move|p1a: Torterra|Rock Blast|p2a: Exeggutor\n|-damage|p2a: Exeggutor|282/314\n|-damage|p2a: Exeggutor|250/314\n|-damage|p2a: Exeggutor|216/314\n|-damage|p2a: Exeggutor|182/314\n|-hitcount|p2a: Exeggutor|4\n|move|p2a: Exeggutor|Wood Hammer|p1a: Torterra\n|-supereffective|p1a: Torterra\n|-damage|p1a: Torterra|0 fnt\n|faint|p1a: Torterra\n|-damage|p2a: Exeggutor|121/314|[from] Recoil\n|-enditem|p2a: Exeggutor|Sitrus Berry|[eat]\n|-heal|p2a: Exeggutor|199/314|[from] item: Sitrus Berry\n|\n|upkeep\n|\n|t:|1782750457\n|switch|p1a: Glalie|Glalie, L96, F|309/309\n|turn|4\n|\n|t:|1782750474\n|move|p1a: Glalie|Freeze-Dry|p2a: Exeggutor\n|-supereffective|p2a: Exeggutor\n|-damage|p2a: Exeggutor|0 fnt\n|faint|p2a: Exeggutor\n|\n|upkeep\n|\n|t:|1782750478\n|switch|p2a: Gumshoos|Gumshoos, L95, F|321/321\n|turn|5\n|\n|t:|1782750484\n|move|p1a: Glalie|Freeze-Dry|p2a: Gumshoos\n|-damage|p2a: Gumshoos|231/321\n|move|p2a: Gumshoos|Knock Off|p1a: Glalie\n|-damage|p1a: Glalie|173/309\n|-enditem|p1a: Glalie|Heavy-Duty Boots|[from] move: Knock Off|[of] p2a: Gumshoos\n|\n|upkeep\n|turn|6\n|\n|t:|1782750488\n|move|p1a: Glalie|Freeze-Dry|p2a: Gumshoos\n|-damage|p2a: Gumshoos|138/321\n|move|p2a: Gumshoos|Knock Off|p1a: Glalie\n|-damage|p1a: Glalie|78/309\n|\n|upkeep\n|turn|7\n|\n|t:|1782750492\n|move|p1a: Glalie|Freeze-Dry|p2a: Gumshoos\n|-damage|p2a: Gumshoos|38/321\n|move|p2a: Gumshoos|Knock Off|p1a: Glalie\n|-damage|p1a: Glalie|0 fnt\n|faint|p1a: Glalie\n|\n|upkeep\n|\n|t:|1782750493\n|switch|p1a: Dialga|Dialga, L73|266/266\n|-ability|p1a: Dialga|Pressure\n|turn|8\n|\n|t:|1782750501\n|move|p2a: Gumshoos|Knock Off|p1a: Dialga\n|-damage|p1a: Dialga|132/266\n|-enditem|p1a: Dialga|Assault Vest|[from] move: Knock Off|[of] p2a: Gumshoos\n|move|p1a: Dialga|Dragon Tail|p2a: Gumshoos\n|-damage|p2a: Gumshoos|0 fnt\n|faint|p2a: Gumshoos\n|\n|upkeep\n|\n|t:|1782750506\n|switch|p2a: Garganacl|Garganacl, L80, M|291/291\n|turn|9\n|\n|t:|1782750510\n|move|p1a: Dialga|Draco Meteor|p2a: Garganacl\n|-damage|p2a: Garganacl|147/291\n|-unboost|p1a: Dialga|spa|2\n|move|p2a: Garganacl|Stealth Rock|p1a: Dialga\n|-sidestart|p1: testbotcif|move: Stealth Rock\n|\n|-heal|p2a: Garganacl|165/291|[from] item: Leftovers\n|upkeep\n|turn|10\n|\n|t:|1782750517\n|move|p1a: Dialga|Heavy Slam|p2a: Garganacl\n|-supereffective|p2a: Garganacl\n|-damage|p2a: Garganacl|73/291\n|move|p2a: Garganacl|Salt Cure|p1a: Dialga\n|-resisted|p1a: Dialga\n|-damage|p1a: Dialga|114/266\n|-start|p1a: Dialga|Salt Cure\n|\n|-heal|p2a: Garganacl|91/291|[from] item: Leftovers\n|-damage|p1a: Dialga|48/266|[from] Salt Cure\n|upkeep\n|turn|11\n|\n|t:|1782750525\n|move|p2a: Garganacl|Protect|p2a: Garganacl\n|-singleturn|p2a: Garganacl|Protect\n|move|p1a: Dialga|Heavy Slam|p2a: Garganacl\n|-activate|p2a: Garganacl|move: Protect\n|\n|-heal|p2a: Garganacl|109/291|[from] item: Leftovers\n|-damage|p1a: Dialga|0 fnt|[from] Salt Cure\n|faint|p1a: Dialga\n|upkeep\n|\n|t:|1782750525\n|switch|p1a: Iron Leaves|Iron Leaves, L80|275/275\n|-damage|p1a: Iron Leaves|241/275|[from] Stealth Rock\n|turn|12\n|\n|t:|1782750532\n|move|p1a: Iron Leaves|Leaf Blade|p2a: Garganacl\n|-supereffective|p2a: Garganacl\n|-damage|p2a: Garganacl|0 fnt\n|faint|p2a: Garganacl\n|\n|upkeep\n|\n|t:|1782750536\n|switch|p2a: Indeedee|Indeedee-F, L90, F|272/272\n|-fieldstart|move: Psychic Terrain|[from] ability: Psychic Surge|[of] p2a: Indeedee\n|turn|13\n|\n|t:|1782750540\n|move|p1a: Iron Leaves|Leaf Blade|p2a: Indeedee\n|-damage|p2a: Indeedee|94/272\n|move|p2a: Indeedee|Calm Mind|p2a: Indeedee\n|-boost|p2a: Indeedee|spa|1\n|-boost|p2a: Indeedee|spd|1\n|\n|upkeep\n|turn|14\n|\n|t:|1782750543\n|move|p1a: Iron Leaves|Leaf Blade|p2a: Indeedee\n|-damage|p2a: Indeedee|0 fnt\n|faint|p2a: Indeedee\n|\n|upkeep\n|\n|t:|1782750546\n|switch|p2a: Swampert|Swampert, L83, M|302/302\n|turn|15\n|\n|t:|1782750551\n|-terastallize|p2a: Swampert|Poison\n|move|p1a: Iron Leaves|Leaf Blade|p2a: Swampert\n|-resisted|p2a: Swampert\n|-damage|p2a: Swampert|216/302\n|move|p2a: Swampert|Ice Beam|p1a: Iron Leaves\n|-supereffective|p1a: Iron Leaves\n|-damage|p1a: Iron Leaves|143/275\n|\n|-heal|p2a: Swampert|234/302|[from] item: Leftovers\n|upkeep\n|turn|16\n|\n|t:|1782750553\n|move|p1a: Iron Leaves|Leaf Blade|p2a: Swampert\n|-resisted|p2a: Swampert\n|-damage|p2a: Swampert|156/302\n|move|p2a: Swampert|Ice Beam|p1a: Iron Leaves\n|-supereffective|p1a: Iron Leaves\n|-damage|p1a: Iron Leaves|39/275\n|\n|-heal|p2a: Swampert|174/302|[from] item: Leftovers\n|upkeep\n|turn|17\n|\n|t:|1782750558\n|move|p1a: Iron Leaves|Leaf Blade|p2a: Swampert\n|-resisted|p2a: Swampert\n|-damage|p2a: Swampert|88/302\n|move|p2a: Swampert|Ice Beam|p1a: Iron Leaves\n|-supereffective|p1a: Iron Leaves\n|-damage|p1a: Iron Leaves|0 fnt\n|faint|p1a: Iron Leaves\n|-end|p1a: Iron Leaves|Quark Drive|[silent]\n|\n|-heal|p2a: Swampert|106/302|[from] item: Leftovers\n|-fieldend|move: Psychic Terrain\n|upkeep\n|\n|t:|1782750558\n|switch|p1a: Rampardos|Rampardos, L90, F|321/321\n|-damage|p1a: Rampardos|281/321|[from] Stealth Rock\n|turn|18\n|\n|t:|1782750567\n|move|p1a: Rampardos|Earthquake|p2a: Swampert\n|-supereffective|p2a: Swampert\n|-damage|p2a: Swampert|0 fnt\n|faint|p2a: Swampert\n|-damage|p1a: Rampardos|249/321|[from] item: Life Orb\n|\n|win|testbotcif\n|raw|testbotcif's rating: 1138 &rarr; <strong>1161</strong><br />(+23 for winning)\n|raw|iam_ochey's rating: 1104 &rarr; <strong>1081</strong><br />(-23 for losing)\n", "inputlog": ">version f8ac14003a5f27e1bdc8d8c59608a773c1cb96e5\n>start {\"formatid\":\"gen9randombattle\",\"seed\":\"sodium,2ae8437e81a698beb925cb31b89fb242\",\"rated\":\"Rated battle\"}\n>player p1 {\"name\":\"testbotcif\",\"avatar\":\"266\",\"rating\":1138,\"seed\":\"sodium,ef9efd4052b3c5c2855e1df107684c09\"}\n>player p2 {\"name\":\"iam_ochey\",\"avatar\":\"alder\",\"rating\":1104,\"seed\":\"sodium,fb7b0a2982ee2cea3f154846cac8e702\"}\n>chat \u2606testbotcif|rlhf\n>chat \u2606iam_ochey|rhlf\n>p1 move shellsmash\n>p2 move flamecharge\n>p1 move headlongrush terastallize\n>p2 move flamecharge\n>p2 switch 3\n>p1 move rockblast\n>p2 move woodhammer\n>p1 switch 2\n>p1 move freezedry\n>p2 move flamethrower\n>p2 switch 5\n>p1 move freezedry\n>p2 move knockoff\n>p1 move freezedry\n>p2 move knockoff\n>p1 move freezedry\n>p2 move knockoff\n>p1 switch 5\n>p1 move dragontail\n>p2 move knockoff\n>p2 switch 2\n>p1 move dracometeor\n>p2 move stealthrock\n>p1 move heavyslam\n>p2 move saltcure\n>p1 move heavyslam\n>p2 move protect\n>p1 switch 6\n>p1 move leafblade\n>p2 move saltcure\n>p2 switch 4\n>p1 move leafblade\n>p2 move calmmind\n>p1 move leafblade\n>p2 move dazzlinggleam\n>p2 switch 6\n>p1 move leafblade\n>p2 move icebeam terastallize\n>p1 move leafblade\n>p2 move icebeam\n>p1 move leafblade\n>p2 move icebeam\n>p1 switch 3\n>p1 move earthquake\n>p2 move earthquake", "uploadtime": 1782750567, "views": 8, "formatid": "gen9randombattle", "rating": 1081, "private": 0, "password": null, "player_dets": [{"name": "testbotcif", "avatar": "266", "rating": 1138, "seed": "sodium,ef9efd4052b3c5c2855e1df107684c09"}, {"name": "iam_ochey", "avatar": "alder", "rating": 1104, "seed": "sodium,fb7b0a2982ee2cea3f154846cac8e702"}], "teams_full": [{"Torterra": {"name": "Torterra", "species": "Torterra", "speciesId": "torterra", "gender": "M", "shiny": false, "level": 78, "moves": ["rockblast", "headlongrush", "shellsmash", "bulletseed"], "ability": "Overgrow", "evs": {"hp": 85, "atk": 85, "def": 85, "spa": 85, "spd": 85, "spe": 85}, "ivs": {"hp": 31, "atk": 31, "def": 31, "spa": 31, "spd": 31, "spe": 31}, "item": "Loaded Dice", "teraType": "Water", "role": "Setup Sweeper", "bvs": {"hp": 95, "atk": 109, "def": 105, "spa": 75, "spd": 85, "spe": 56}, "stats": {"hp": 276, "atk": 215, "def": 209, "spa": 162, "spd": 178, "spe": 132}, "types": ["Grass", "Ground"]}, "Glalie": {"name": "Glalie", "species": "Glalie", "speciesId": "glalie", "gender": "F", "shiny": false, "level": 96, "moves": ["earthquake", "freezedry", "spikes", "taunt"], "ability": "Inner Focus", "evs": {"hp": 85, "atk": 85, "def": 85, "spa": 85, "spd": 85, "spe": 85}, "ivs": {"hp": 31, "atk": 31, "def": 31, "spa": 31, "spd": 31, "spe": 31}, "item": "Heavy-Duty Boots", "teraType": "Ground", "role": "Fast Support", "bvs": {"hp": 80, "atk": 80, "def": 80, "spa": 80, "spd": 80, "spe": 80}, "stats": {"hp": 309, "atk": 208, "def": 208, "spa": 208, "spd": 208, "spe": 208}, "types": ["Ice"]}, "Rampardos": {"name": "Rampardos", "species": "Rampardos", "speciesId": "rampardos", "gender": "F", "shiny": false, "level": 90, "moves": ["firepunch", "earthquake", "zenheadbutt", "rockslide"], "ability": "Sheer Force", "evs": {"hp": 85, "atk": 85, "def": 85, "spa": 85, "spd": 85, "spe": 85}, "ivs": {"hp": 31, "atk": 31, "def": 31, "spa": 31, "spd": 31, "spe": 31}, "item": "Life Orb", "teraType": "Fire", "role": "Wallbreaker", "bvs": {"hp": 97, "atk": 165, "def": 60, "spa": 65, "spd": 50, "spe": 58}, "stats": {"hp": 321, "atk": 348, "def": 159, "spa": 168, "spd": 141, "spe": 156}, "types": ["Rock"]}, "Overqwil": {"name": "Overqwil", "species": "Overqwil", "speciesId": "overqwil", "gender": "F", "shiny": false, "level": 82, "moves": ["swordsdance", "gunkshot", "scaleshot", "crunch"], "ability": "Intimidate", "evs": {"hp": 85, "atk": 85, "def": 85, "spa": 85, "spd": 85, "spe": 85}, "ivs": {"hp": 31, "atk": 31, "def": 31, "spa": 31, "spd": 31, "spe": 31}, "item": "Loaded Dice", "teraType": "Dragon", "role": "Setup Sweeper", "bvs": {"hp": 85, "atk": 115, "def": 95, "spa": 65, "spd": 65, "spe": 85}, "stats": {"hp": 274, "atk": 236, "def": 203, "spa": 154, "spd": 154, "spe": 187}, "types": ["Dark", "Poison"]}, "Dialga": {"name": "Dialga", "species": "Dialga", "speciesId": "dialga", "gender": "N", "shiny": false, "level": 73, "moves": ["fireblast", "dragontail", "dracometeor", "heavyslam"], "ability": "Pressure", "evs": {"hp": 85, "atk": 85, "def": 85, "spa": 85, "spd": 85, "spe": 85}, "ivs": {"hp": 31, "atk": 31, "def": 31, "spa": 31, "spd": 31, "spe": 31}, "item": "Assault Vest", "teraType": "Flying", "role": "AV Pivot", "bvs": {"hp": 100, "atk": 120, "def": 120, "spa": 150, "spd": 100, "spe": 90}, "stats": {"hp": 266, "atk": 218, "def": 218, "spa": 261, "spd": 188, "spe": 174}, "types": ["Steel", "Dragon"]}, "Iron Leaves": {"name": "Iron Leaves", "species": "Iron Leaves", "speciesId": "ironleaves", "gender": "N", "shiny": false, "level": 80, "moves": ["psyblade", "megahorn", "leafblade", "closecombat"], "ability": "Quark Drive", "evs": {"hp": 85, "atk": 85, "def": 85, "spa": 85, "spd": 85, "spe": 85}, "ivs": {"hp": 31, "atk": 31, "def": 31, "spa": 31, "spd": 31, "spe": 31}, "item": "Choice Band", "teraType": "Fighting", "role": "Wallbreaker", "bvs": {"hp": 90, "atk": 130, "def": 88, "spa": 70, "spd": 108, "spe": 104}, "stats": {"hp": 275, "atk": 254, "def": 187, "spa": 158, "spd": 219, "spe": 213}, "types": ["Grass", "Psychic"]}}, {"Solgaleo": {"name": "Solgaleo", "species": "Solgaleo", "speciesId": "solgaleo", "gender": "N", "shiny": false, "level": 74, "moves": ["flamecharge", "closecombat", "sunsteelstrike", "knockoff"], "ability": "Full Metal Body", "evs": {"hp": 85, "atk": 85, "def": 85, "spa": 85, "spd": 85, "spe": 85}, "ivs": {"hp": 31, "atk": 31, "def": 31, "spa": 31, "spd": 31, "spe": 31}, "item": "Weakness Policy", "teraType": "Dark", "role": "Bulky Setup", "bvs": {"hp": 137, "atk": 137, "def": 107, "spa": 113, "spd": 89, "spe": 97}, "stats": {"hp": 325, "atk": 246, "def": 201, "spa": 210, "spd": 175, "spe": 187}, "types": ["Psychic", "Steel"]}, "Garganacl": {"name": "Garganacl", "species": "Garganacl", "speciesId": "garganacl", "gender": "M", "shiny": false, "level": 80, "moves": ["saltcure", "recover", "stealthrock", "protect"], "ability": "Purifying Salt", "evs": {"hp": 85, "atk": 85, "def": 85, "spa": 85, "spd": 85, "spe": 85}, "ivs": {"hp": 31, "atk": 31, "def": 31, "spa": 31, "spd": 31, "spe": 31}, "item": "Leftovers", "teraType": "Ghost", "role": "Bulky Support", "bvs": {"hp": 100, "atk": 100, "def": 130, "spa": 45, "spd": 90, "spe": 35}, "stats": {"hp": 291, "atk": 206, "def": 254, "spa": 118, "spd": 190, "spe": 102}, "types": ["Rock"]}, "Exeggutor": {"name": "Exeggutor", "species": "Exeggutor-Alola", "speciesId": "exeggutoralola", "gender": "F", "shiny": false, "level": 89, "moves": ["stunspore", "dracometeor", "flamethrower", "woodhammer"], "ability": "Harvest", "evs": {"hp": 85, "atk": 85, "def": 85, "spa": 85, "spd": 85, "spe": 85}, "ivs": {"hp": 31, "atk": 31, "def": 31, "spa": 31, "spd": 31, "spe": 31}, "item": "Sitrus Berry", "teraType": "Fire", "role": "Fast Attacker", "bvs": {"hp": 95, "atk": 105, "def": 85, "spa": 125, "spd": 75, "spe": 45}, "stats": {"hp": 314, "atk": 238, "def": 202, "spa": 273, "spd": 184, "spe": 131}, "types": ["Grass", "Dragon"]}, "Indeedee": {"name": "Indeedee", "species": "Indeedee-F", "speciesId": "indeedeef", "gender": "F", "shiny": false, "level": 90, "moves": ["calmmind", "hypervoice", "psyshock", "dazzlinggleam"], "ability": "Psychic Surge", "evs": {"hp": 85, "atk": 0, "def": 85, "spa": 85, "spd": 85, "spe": 85}, "ivs": {"hp": 31, "atk": 0, "def": 31, "spa": 31, "spd": 31, "spe": 31}, "item": "Life Orb", "teraType": "Fairy", "role": "Fast Attacker", "bvs": {"hp": 70, "atk": 55, "def": 65, "spa": 95, "spd": 105, "spe": 85}, "stats": {"hp": 272, "atk": 104, "def": 168, "spa": 222, "spd": 240, "spe": 204}, "types": ["Psychic", "Normal"]}, "Gumshoos": {"name": "Gumshoos", "species": "Gumshoos", "speciesId": "gumshoos", "gender": "F", "shiny": false, "level": 95, "moves": ["earthquake", "knockoff", "doubleedge", "uturn"], "ability": "Adaptability", "evs": {"hp": 85, "atk": 85, "def": 85, "spa": 85, "spd": 85, "spe": 85}, "ivs": {"hp": 31, "atk": 31, "def": 31, "spa": 31, "spd": 31, "spe": 31}, "item": "Choice Band", "teraType": "Ground", "role": "Fast Attacker", "bvs": {"hp": 88, "atk": 110, "def": 60, "spa": 55, "spd": 60, "spe": 45}, "stats": {"hp": 321, "atk": 263, "def": 168, "spa": 158, "spd": 168, "spe": 139}, "types": ["Normal"]}, "Swampert": {"name": "Swampert", "species": "Swampert", "speciesId": "swampert", "gender": "M", "shiny": false, "level": 83, "moves": ["roar", "earthquake", "flipturn", "icebeam"], "ability": "Torrent", "evs": {"hp": 85, "atk": 85, "def": 85, "spa": 85, "spd": 85, "spe": 85}, "ivs": {"hp": 31, "atk": 31, "def": 31, "spa": 31, "spd": 31, "spe": 31}, "item": "Leftovers", "teraType": "Poison", "role": "Bulky Support", "bvs": {"hp": 100, "atk": 110, "def": 90, "spa": 85, "spd": 90, "spe": 60}, "stats": {"hp": 302, "atk": 230, "def": 197, "spa": 189, "spd": 197, "spe": 147}, "types": ["Water", "Ground"]}}]}