{"id": "gen9randombattle-2641537323", "format": "[Gen 9] Random Battle", "players": ["Lenho", "Dizay976"], "log": "|j|\u2606Lenho\n|j|\u2606Dizay976\n|t:|1782803227\n|gametype|singles\n|player|p1|Lenho|169|2031\n|player|p2|Dizay976|yellow|2182\n|gen|9\n|tier|[Gen 9] Random Battle\n|rated|\n|rule|Species Clause: Limit one of each Pok\u00e9mon\n|rule|HP Percentage Mod: HP is shown in percentages\n|rule|Sleep Clause Mod: Limit one foe put to sleep\n|rule|Illusion Level Mod: Illusion disguises the Pok\u00e9mon's true level\n|\n|t:|1782803227\n|teamsize|p1|6\n|teamsize|p2|6\n|start\n|switch|p1a: Chansey|Chansey, L85, F|564/564\n|switch|p2a: Mew|Mew, L82|298/298\n|turn|1\n|inactive|Battle timer is ON: inactive players will automatically lose when time's up. (requested by Lenho)\n|\n|t:|1782803239\n|switch|p2a: Muk|Muk, L86, M|321/321\n|move|p1a: Chansey|Thunder Wave|p2a: Muk\n|-status|p2a: Muk|par\n|\n|upkeep\n|turn|2\n|\n|t:|1782803246\n|switch|p1a: Sudowoodo|Sudowoodo, L94, M|284/284\n|move|p2a: Muk|Knock Off|p1a: Sudowoodo\n|-damage|p1a: Sudowoodo|228/284\n|-enditem|p1a: Sudowoodo|Leftovers|[from] move: Knock Off|[of] p2a: Muk\n|\n|upkeep\n|turn|3\n|\n|t:|1782803257\n|switch|p2a: Mew|Mew, L82|298/298\n|move|p1a: Sudowoodo|Stealth Rock|p2a: Mew\n|-sidestart|p2: Dizay976|move: Stealth Rock\n|\n|upkeep\n|turn|4\n|\n|t:|1782803262\n|move|p2a: Mew|Hydro Pump|p1a: Sudowoodo\n|-supereffective|p1a: Sudowoodo\n|-damage|p1a: Sudowoodo|0 fnt\n|faint|p1a: Sudowoodo\n|-damage|p2a: Mew|269/298|[from] item: Life Orb\n|\n|upkeep\n|\n|t:|1782803267\n|switch|p1a: Chansey|Chansey, L85, F|564/564\n|turn|5\n|\n|t:|1782803277\n|move|p2a: Mew|Nasty Plot|p2a: Mew\n|-boost|p2a: Mew|spa|2\n|move|p1a: Chansey|Seismic Toss|p2a: Mew\n|-damage|p2a: Mew|184/298\n|\n|upkeep\n|turn|6\n|\n|t:|1782803282\n|move|p2a: Mew|Psyshock|p1a: Chansey\n|-damage|p1a: Chansey|61/564\n|-damage|p2a: Mew|155/298|[from] item: Life Orb\n|move|p1a: Chansey|Thunder Wave|p2a: Mew\n|-status|p2a: Mew|par\n|-activate|p2a: Mew|ability: Synchronize\n|-status|p1a: Chansey|par\n|\n|upkeep\n|turn|7\n|\n|t:|1782803287\n|-curestatus|p1a: Chansey|par|[from] ability: Natural Cure|[silent]\n|switch|p1a: Overqwil|Overqwil, L82, M|274/274\n|-ability|p1a: Overqwil|Intimidate|boost\n|-unboost|p2a: Mew|atk|1\n|cant|p2a: Mew|par\n|\n|upkeep\n|turn|8\n|\n|t:|1782803298\n|move|p1a: Overqwil|Crunch|p2a: Mew\n|-supereffective|p2a: Mew\n|-damage|p2a: Mew|0 fnt\n|faint|p2a: Mew\n|-damage|p1a: Overqwil|247/274|[from] item: Life Orb\n|\n|upkeep\n|\n|t:|1782803320\n|switch|p2a: Yanmega|Yanmega, L82, M|275/275\n|-damage|p2a: Yanmega|138/275|[from] Stealth Rock\n|turn|9\n|\n|t:|1782803338\n|move|p2a: Yanmega|Bug Buzz|p1a: Overqwil\n|-damage|p1a: Overqwil|60/274\n|move|p1a: Overqwil|Crunch|p2a: Yanmega\n|-damage|p2a: Yanmega|4/275\n|-damage|p1a: Overqwil|33/274|[from] item: Life Orb\n|\n|upkeep\n|turn|10\n|\n|t:|1782803349\n|move|p2a: Yanmega|Bug Buzz|p1a: Overqwil\n|-damage|p1a: Overqwil|0 fnt\n|faint|p1a: Overqwil\n|\n|upkeep\n|\n|t:|1782803352\n|switch|p1a: Lycanroc|Lycanroc, L86, F|269/269\n|turn|11\n|\n|t:|1782803358\n|move|p1a: Lycanroc|Close Combat|p2a: Yanmega\n|-resisted|p2a: Yanmega\n|-damage|p2a: Yanmega|0 fnt\n|-unboost|p1a: Lycanroc|def|1\n|-unboost|p1a: Lycanroc|spd|1\n|faint|p2a: Yanmega\n|-damage|p1a: Lycanroc|243/269|[from] item: Life Orb\n|\n|upkeep\n|\n|t:|1782803362\n|switch|p2a: Pincurchin|Pincurchin, F|258/258\n|-damage|p2a: Pincurchin|226/258|[from] Stealth Rock\n|-fieldstart|move: Electric Terrain|[from] ability: Electric Surge|[of] p2a: Pincurchin\n|turn|12\n|\n|t:|1782803371\n|switch|p1a: Meganium|Meganium, L90, F|290/290\n|move|p2a: Pincurchin|Discharge|p1a: Meganium\n|-resisted|p1a: Meganium\n|-damage|p1a: Meganium|232/290\n|\n|-heal|p1a: Meganium|250/290|[from] item: Leftovers\n|-heal|p2a: Pincurchin|242/258|[from] item: Leftovers\n|upkeep\n|turn|13\n|\n|t:|1782803383\n|move|p1a: Meganium|Swords Dance|p1a: Meganium\n|-boost|p1a: Meganium|atk|2\n|move|p2a: Pincurchin|Toxic Spikes|p1a: Meganium\n|-sidestart|p1: Lenho|move: Toxic Spikes\n|\n|-heal|p1a: Meganium|268/290|[from] item: Leftovers\n|-heal|p2a: Pincurchin|258/258|[from] item: Leftovers\n|upkeep\n|turn|14\n|\n|t:|1782803393\n|move|p1a: Meganium|Earthquake|p2a: Pincurchin\n|-supereffective|p2a: Pincurchin\n|-crit|p2a: Pincurchin\n|-damage|p2a: Pincurchin|0 fnt\n|faint|p2a: Pincurchin\n|\n|-heal|p1a: Meganium|286/290|[from] item: Leftovers\n|upkeep\n|\n|t:|1782803396\n|switch|p2a: Meowstic|Meowstic, L89, M|277/277\n|-damage|p2a: Meowstic|243/277|[from] Stealth Rock\n|turn|15\n|\n|t:|1782803401\n|move|p2a: Meowstic|Psychic Noise|p1a: Meganium\n|-damage|p1a: Meganium|222/290\n|-start|p1a: Meganium|move: Heal Block\n|move|p1a: Meganium|Knock Off|p2a: Meowstic\n|-supereffective|p2a: Meowstic\n|-damage|p2a: Meowstic|0 fnt\n|-enditem|p2a: Meowstic|Leftovers|[from] move: Knock Off|[of] p1a: Meganium\n|faint|p2a: Meowstic\n|\n|upkeep\n|\n|t:|1782803408\n|switch|p2a: Muk|Muk, L86, M|321/321 par\n|-damage|p2a: Muk|281/321 par|[from] Stealth Rock\n|turn|16\n|\n|t:|1782803413\n|-terastallize|p2a: Muk|Dark\n|move|p1a: Meganium|Earthquake|p2a: Muk\n|-damage|p2a: Muk|110/321 par\n|move|p2a: Muk|Gunk Shot|p1a: Meganium\n|-supereffective|p1a: Meganium\n|-damage|p1a: Meganium|0 fnt\n|faint|p1a: Meganium\n|\n|-heal|p2a: Muk|130/321 par|[from] item: Leftovers\n|-fieldend|move: Electric Terrain\n|upkeep\n|\n|t:|1782803427\n|switch|p1a: Lycanroc|Lycanroc, L86, F|243/269\n|-status|p1a: Lycanroc|psn\n|turn|17\n|\n|t:|1782803432\n|move|p2a: Muk|Shadow Sneak|p1a: Lycanroc\n|-damage|p1a: Lycanroc|206/269 psn\n|move|p1a: Lycanroc|Close Combat|p2a: Muk\n|-supereffective|p2a: Muk\n|-damage|p2a: Muk|0 fnt\n|-unboost|p1a: Lycanroc|def|1\n|-unboost|p1a: Lycanroc|spd|1\n|faint|p2a: Muk\n|-damage|p1a: Lycanroc|180/269 psn|[from] item: Life Orb\n|\n|-damage|p1a: Lycanroc|147/269 psn|[from] psn\n|upkeep\n|\n|t:|1782803435\n|switch|p2a: Mismagius|Mismagius, L86, F|243/243\n|-damage|p2a: Mismagius|213/243|[from] Stealth Rock\n|turn|18\n|\n|t:|1782803438\n|move|p1a: Lycanroc|Stone Edge|p2a: Mismagius\n|-damage|p2a: Mismagius|5/243\n|-damage|p1a: Lycanroc|121/269 psn|[from] item: Life Orb\n|move|p2a: Mismagius|Energy Ball|p1a: Lycanroc\n|-supereffective|p1a: Lycanroc\n|-damage|p1a: Lycanroc|0 fnt\n|faint|p1a: Lycanroc\n|\n|upkeep\n|\n|t:|1782803441\n|switch|p1a: Articuno|Articuno, L86|295/295\n|-ability|p1a: Articuno|Pressure\n|turn|19\n|-message|Dizay976 forfeited.\n|\n|win|Lenho\n", "inputlog": ">version f8ac14003a5f27e1bdc8d8c59608a773c1cb96e5\n>start {\"formatid\":\"gen9randombattle\",\"seed\":\"sodium,f4f99ed0961dd0c7b7e3a0abe48685db\",\"rated\":\"Rated battle\"}\n>player p1 {\"name\":\"Lenho\",\"avatar\":\"169\",\"rating\":2031,\"seed\":\"sodium,b89e0d4c825c354635748fd90031f09b\"}\n>player p2 {\"name\":\"Dizay976\",\"avatar\":\"yellow\",\"rating\":2182,\"seed\":\"sodium,2904281fb398ad091793e54055799455\"}\n>p1 move thunderwave\n>p2 switch 6\n>p1 switch 2\n>p2 move knockoff\n>p1 move stealthrock\n>p2 switch 6\n>p1 move headsmash\n>p2 move hydropump\n>p1 switch 2\n>p1 move seismictoss\n>p2 move nastyplot\n>p1 move thunderwave\n>p2 move psyshock\n>p1 switch 6\n>p2 move psyshock\n>p1 move crunch\n>p2 move earthpower\n>p2 switch 5\n>p1 move crunch\n>p2 move bugbuzz\n>p1 move crunch\n>p2 move bugbuzz\n>p1 switch 3\n>p1 move closecombat\n>p2 move bugbuzz\n>p2 switch 4\n>p1 switch 5\n>p2 move discharge\n>p1 move swordsdance\n>p2 move toxicspikes\n>p1 move earthquake\n>p2 move discharge\n>p2 switch 3\n>p1 move knockoff\n>p2 move psychicnoise\n>p2 switch 6\n>p1 move earthquake\n>p2 move gunkshot terastallize\n>p1 switch 5\n>p1 move closecombat\n>p2 move shadowsneak\n>p2 switch 2\n>p1 move stoneedge\n>p2 move energyball\n>p1 switch 4\n>forcelose p2", "uploadtime": 1782803230, "views": 5, "formatid": "gen9randombattle", "rating": null, "private": 0, "password": null, "player_dets": [{"name": "Lenho", "avatar": "169", "rating": 2031, "seed": "sodium,b89e0d4c825c354635748fd90031f09b"}, {"name": "Dizay976", "avatar": "yellow", "rating": 2182, "seed": "sodium,2904281fb398ad091793e54055799455"}], "teams_full": [{"Chansey": {"name": "Chansey", "species": "Chansey", "speciesId": "chansey", "gender": "F", "shiny": false, "level": 85, "moves": ["seismictoss", "softboiled", "healbell", "thunderwave"], "ability": "Natural Cure", "evs": {"hp": 85, "atk": 0, "def": 85, "spa": 85, "spd": 85, "spe": 85}, "ivs": {"hp": 31, "atk": 0, "def": 31, "spa": 31, "spd": 31, "spe": 31}, "item": "Eviolite", "teraType": "Fairy", "role": "Bulky Support", "bvs": {"hp": 250, "atk": 5, "def": 5, "spa": 35, "spd": 105, "spe": 50}, "stats": {"hp": 564, "atk": 13, "def": 57, "spa": 108, "spd": 227, "spe": 134}, "types": ["Normal"]}, "Sudowoodo": {"name": "Sudowoodo", "species": "Sudowoodo", "speciesId": "sudowoodo", "gender": "M", "shiny": false, "level": 94, "moves": ["woodhammer", "headsmash", "stealthrock", "earthquake"], "ability": "Rock Head", "evs": {"hp": 85, "atk": 85, "def": 85, "spa": 85, "spd": 85, "spe": 85}, "ivs": {"hp": 31, "atk": 31, "def": 31, "spa": 31, "spd": 31, "spe": 31}, "item": "Leftovers", "teraType": "Grass", "role": "Bulky Attacker", "bvs": {"hp": 70, "atk": 100, "def": 115, "spa": 30, "spd": 65, "spe": 30}, "stats": {"hp": 284, "atk": 241, "def": 270, "spa": 110, "spd": 176, "spe": 110}, "types": ["Rock"]}, "Lycanroc": {"name": "Lycanroc", "species": "Lycanroc", "speciesId": "lycanroc", "gender": "F", "shiny": false, "level": 86, "moves": ["closecombat", "stoneedge", "psychicfangs", "swordsdance"], "ability": "Sand Rush", "evs": {"hp": 85, "atk": 85, "def": 85, "spa": 85, "spd": 85, "spe": 85}, "ivs": {"hp": 31, "atk": 31, "def": 31, "spa": 31, "spd": 31, "spe": 31}, "item": "Life Orb", "teraType": "Fighting", "role": "Fast Attacker", "bvs": {"hp": 75, "atk": 115, "def": 65, "spa": 55, "spd": 65, "spe": 112}, "stats": {"hp": 269, "atk": 247, "def": 161, "spa": 144, "spd": 161, "spe": 242}, "types": ["Rock"]}, "Articuno": {"name": "Articuno", "species": "Articuno", "speciesId": "articuno", "gender": "N", "shiny": false, "level": 86, "moves": ["freezedry", "bravebird", "roost", "uturn"], "ability": "Pressure", "evs": {"hp": 85, "atk": 85, "def": 85, "spa": 85, "spd": 85, "spe": 85}, "ivs": {"hp": 31, "atk": 31, "def": 31, "spa": 31, "spd": 31, "spe": 31}, "item": "Heavy-Duty Boots", "teraType": "Steel", "role": "Bulky Support", "bvs": {"hp": 90, "atk": 85, "def": 100, "spa": 95, "spd": 125, "spe": 85}, "stats": {"hp": 295, "atk": 195, "def": 221, "spa": 213, "spd": 264, "spe": 195}, "types": ["Ice", "Flying"]}, "Meganium": {"name": "Meganium", "species": "Meganium", "speciesId": "meganium", "gender": "F", "shiny": false, "level": 90, "moves": ["swordsdance", "earthquake", "knockoff", "petalblizzard"], "ability": "Overgrow", "evs": {"hp": 85, "atk": 85, "def": 85, "spa": 85, "spd": 85, "spe": 85}, "ivs": {"hp": 31, "atk": 31, "def": 31, "spa": 31, "spd": 31, "spe": 31}, "item": "Leftovers", "teraType": "Ground", "role": "Bulky Setup", "bvs": {"hp": 80, "atk": 82, "def": 100, "spa": 83, "spd": 100, "spe": 80}, "stats": {"hp": 290, "atk": 199, "def": 231, "spa": 201, "spd": 231, "spe": 195}, "types": ["Grass"]}, "Overqwil": {"name": "Overqwil", "species": "Overqwil", "speciesId": "overqwil", "gender": "M", "shiny": false, "level": 82, "moves": ["swordsdance", "gunkshot", "crunch", "liquidation"], "ability": "Intimidate", "evs": {"hp": 85, "atk": 85, "def": 85, "spa": 85, "spd": 85, "spe": 85}, "ivs": {"hp": 31, "atk": 31, "def": 31, "spa": 31, "spd": 31, "spe": 31}, "item": "Life Orb", "teraType": "Water", "role": "Fast Attacker", "bvs": {"hp": 85, "atk": 115, "def": 95, "spa": 65, "spd": 65, "spe": 85}, "stats": {"hp": 274, "atk": 236, "def": 203, "spa": 154, "spd": 154, "spe": 187}, "types": ["Dark", "Poison"]}}, {"Mew": {"name": "Mew", "species": "Mew", "speciesId": "mew", "gender": "N", "shiny": false, "level": 82, "moves": ["nastyplot", "hydropump", "psyshock", "earthpower"], "ability": "Synchronize", "evs": {"hp": 85, "atk": 0, "def": 85, "spa": 85, "spd": 85, "spe": 85}, "ivs": {"hp": 31, "atk": 0, "def": 31, "spa": 31, "spd": 31, "spe": 31}, "item": "Life Orb", "teraType": "Water", "role": "Fast Bulky Setup", "bvs": {"hp": 100, "atk": 100, "def": 100, "spa": 100, "spd": 100, "spe": 100}, "stats": {"hp": 298, "atk": 169, "def": 211, "spa": 211, "spd": 211, "spe": 211}, "types": ["Psychic"]}, "Mismagius": {"name": "Mismagius", "species": "Mismagius", "speciesId": "mismagius", "gender": "F", "shiny": false, "level": 86, "moves": ["energyball", "trick", "shadowball", "dazzlinggleam"], "ability": "Levitate", "evs": {"hp": 85, "atk": 0, "def": 85, "spa": 85, "spd": 85, "spe": 85}, "ivs": {"hp": 31, "atk": 0, "def": 31, "spa": 31, "spd": 31, "spe": 31}, "item": "Choice Specs", "teraType": "Fairy", "role": "Wallbreaker", "bvs": {"hp": 60, "atk": 60, "def": 60, "spa": 105, "spd": 105, "spe": 105}, "stats": {"hp": 243, "atk": 108, "def": 152, "spa": 230, "spd": 230, "spe": 230}, "types": ["Ghost"]}, "Meowstic": {"name": "Meowstic", "species": "Meowstic", "speciesId": "meowstic", "gender": "M", "shiny": false, "level": 89, "moves": ["psychicnoise", "thunderwave", "alluringvoice", "yawn"], "ability": "Prankster", "evs": {"hp": 85, "atk": 0, "def": 85, "spa": 85, "spd": 85, "spe": 85}, "ivs": {"hp": 31, "atk": 0, "def": 31, "spa": 31, "spd": 31, "spe": 31}, "item": "Leftovers", "teraType": "Fairy", "role": "Bulky Support", "bvs": {"hp": 74, "atk": 48, "def": 76, "spa": 83, "spd": 81, "spe": 104}, "stats": {"hp": 277, "atk": 90, "def": 186, "spa": 199, "spd": 195, "spe": 236}, "types": ["Psychic"]}, "Pincurchin": {"name": "Pincurchin", "species": "Pincurchin", "speciesId": "pincurchin", "gender": "F", "shiny": false, "level": 100, "moves": ["toxicspikes", "recover", "discharge", "scald"], "ability": "Electric Surge", "evs": {"hp": 85, "atk": 0, "def": 85, "spa": 85, "spd": 85, "spe": 85}, "ivs": {"hp": 31, "atk": 0, "def": 31, "spa": 31, "spd": 31, "spe": 31}, "item": "Leftovers", "teraType": "Water", "role": "Bulky Attacker", "bvs": {"hp": 48, "atk": 101, "def": 95, "spa": 91, "spd": 85, "spe": 15}, "stats": {"hp": 258, "atk": 207, "def": 247, "spa": 239, "spd": 227, "spe": 87}, "types": ["Electric"]}, "Yanmega": {"name": "Yanmega", "species": "Yanmega", "speciesId": "yanmega", "gender": "M", "shiny": false, "level": 82, "moves": ["gigadrain", "bugbuzz", "airslash", "uturn"], "ability": "Tinted Lens", "evs": {"hp": 85, "atk": 85, "def": 85, "spa": 85, "spd": 85, "spe": 85}, "ivs": {"hp": 31, "atk": 31, "def": 31, "spa": 31, "spd": 31, "spe": 31}, "item": "Choice Specs", "teraType": "Bug", "role": "Wallbreaker", "bvs": {"hp": 86, "atk": 76, "def": 86, "spa": 116, "spd": 56, "spe": 95}, "stats": {"hp": 275, "atk": 172, "def": 188, "spa": 237, "spd": 139, "spe": 203}, "types": ["Bug", "Flying"]}, "Muk": {"name": "Muk", "species": "Muk", "speciesId": "muk", "gender": "M", "shiny": false, "level": 86, "moves": ["gunkshot", "knockoff", "haze", "shadowsneak"], "ability": "Poison Touch", "evs": {"hp": 85, "atk": 85, "def": 85, "spa": 85, "spd": 85, "spe": 85}, "ivs": {"hp": 31, "atk": 31, "def": 31, "spa": 31, "spd": 31, "spe": 31}, "item": "Leftovers", "teraType": "Dark", "role": "Bulky Attacker", "bvs": {"hp": 105, "atk": 105, "def": 75, "spa": 65, "spd": 100, "spe": 50}, "stats": {"hp": 321, "atk": 230, "def": 178, "spa": 161, "spd": 221, "spe": 135}, "types": ["Poison"]}}]}