{"id": "gen9randombattle-2641683958", "format": "[Gen 9] Random Battle", "players": ["sonnyjimvb2", "Mr Tpen"], "log": "|j|\u2606sonnyjimvb2\n|j|\u2606Mr Tpen\n|t:|1782829452\n|gametype|singles\n|player|p1|sonnyjimvb2|169|1915\n|player|p2|Mr Tpen|1|1957\n|gen|9\n|tier|[Gen 9] Random Battle\n|rated|\n|rule|Species Clause: Limit one of each Pok\u00e9mon\n|rule|HP Percentage Mod: HP is shown in percentages\n|rule|Sleep Clause Mod: Limit one foe put to sleep\n|rule|Illusion Level Mod: Illusion disguises the Pok\u00e9mon's true level\n|\n|t:|1782829452\n|teamsize|p1|6\n|teamsize|p2|6\n|start\n|switch|p1a: Latias|Latias, L79, F|256/256\n|switch|p2a: Bronzong|Bronzong, L88|261/261\n|turn|1\n|inactive|Battle timer is ON: inactive players will automatically lose when time's up. (requested by Mr Tpen)\n|\n|t:|1782829462\n|switch|p1a: Iron Moth|Iron Moth, L78|253/253\n|move|p2a: Bronzong|Stealth Rock|p1a: Iron Moth\n|-sidestart|p1: sonnyjimvb2|move: Stealth Rock\n|\n|upkeep\n|turn|2\n|\n|t:|1782829467\n|switch|p2a: Rhydon|Rhydon, L85, F|317/317\n|move|p1a: Iron Moth|Fiery Dance|p2a: Rhydon\n|-resisted|p2a: Rhydon\n|-damage|p2a: Rhydon|238/317\n|-boost|p1a: Iron Moth|spa|1\n|\n|upkeep\n|turn|3\n|\n|t:|1782829474\n|-end|p1a: Iron Moth|Quark Drive|[silent]\n|switch|p1a: Luvdisc|Luvdisc, F|247/247\n|move|p2a: Rhydon|Earthquake|p1a: Luvdisc\n|-damage|p1a: Luvdisc|78/247\n|\n|upkeep\n|turn|4\n|\n|t:|1782829480\n|switch|p2a: Spectrier|Spectrier, L75|274/274\n|move|p1a: Luvdisc|Endeavor|p2a: Spectrier\n|-immune|p2a: Spectrier\n|\n|upkeep\n|turn|5\n|\n|t:|1782829485\n|move|p1a: Luvdisc|Flip Turn|p2a: Spectrier\n|-crit|p2a: Spectrier\n|-damage|p2a: Spectrier|174/274\n|\n|t:|1782829488\n|switch|p1a: Regigigas|Regigigas, L84|322/322|[from] Flip Turn\n|-damage|p1a: Regigigas|282/322|[from] Stealth Rock\n|-start|p1a: Regigigas|ability: Slow Start\n|move|p2a: Spectrier|Shadow Ball|p1a: Regigigas\n|-immune|p1a: Regigigas\n|\n|-heal|p1a: Regigigas|302/322|[from] item: Leftovers\n|upkeep\n|turn|6\n|\n|t:|1782829491\n|move|p2a: Spectrier|Will-O-Wisp|p1a: Regigigas\n|-status|p1a: Regigigas|brn\n|move|p1a: Regigigas|Knock Off|p2a: Spectrier\n|-supereffective|p2a: Spectrier\n|-damage|p2a: Spectrier|95/274\n|-enditem|p2a: Spectrier|Life Orb|[from] move: Knock Off|[of] p1a: Regigigas\n|\n|-heal|p1a: Regigigas|322/322 brn|[from] item: Leftovers\n|-damage|p1a: Regigigas|302/322 brn|[from] brn\n|upkeep\n|turn|7\n|\n|t:|1782829496\n|switch|p2a: Granbull|Granbull, L88, M|302/302\n|-ability|p2a: Granbull|Intimidate|boost\n|-unboost|p1a: Regigigas|atk|1\n|move|p1a: Regigigas|Knock Off|p2a: Granbull\n|-resisted|p2a: Granbull\n|-damage|p2a: Granbull|293/302\n|-enditem|p2a: Granbull|Leftovers|[from] move: Knock Off|[of] p1a: Regigigas\n|\n|-heal|p1a: Regigigas|322/322 brn|[from] item: Leftovers\n|-damage|p1a: Regigigas|302/322 brn|[from] brn\n|upkeep\n|turn|8\n|\n|t:|1782829501\n|move|p2a: Granbull|Encore|p1a: Regigigas\n|-start|p1a: Regigigas|Encore\n|move|p1a: Regigigas|Knock Off|p2a: Granbull\n|-resisted|p2a: Granbull\n|-damage|p2a: Granbull|287/302\n|\n|-heal|p1a: Regigigas|322/322 brn|[from] item: Leftovers\n|-damage|p1a: Regigigas|302/322 brn|[from] brn\n|upkeep\n|turn|9\n|\n|t:|1782829505\n|switch|p1a: Miraidon|Miraidon, L65|238/238\n|-damage|p1a: Miraidon|209/238|[from] Stealth Rock\n|-fieldstart|move: Electric Terrain|[from] ability: Hadron Engine|[of] p1a: Miraidon\n|move|p2a: Granbull|Earthquake|p1a: Miraidon\n|-supereffective|p1a: Miraidon\n|-damage|p1a: Miraidon|0 fnt\n|faint|p1a: Miraidon\n|\n|upkeep\n|\n|t:|1782829511\n|switch|p1a: Iron Moth|Iron Moth, L78|253/253\n|-damage|p1a: Iron Moth|190/253|[from] Stealth Rock\n|-activate|p1a: Iron Moth|ability: Quark Drive\n|-start|p1a: Iron Moth|quarkdrivespa\n|turn|10\n|\n|t:|1782829516\n|-terastallize|p2a: Granbull|Ground\n|move|p1a: Iron Moth|Fiery Dance|p2a: Granbull\n|-damage|p2a: Granbull|41/302\n|-boost|p1a: Iron Moth|spa|1\n|move|p2a: Granbull|Earthquake|p1a: Iron Moth\n|-supereffective|p1a: Iron Moth\n|-damage|p1a: Iron Moth|0 fnt\n|faint|p1a: Iron Moth\n|-end|p1a: Iron Moth|Quark Drive|[silent]\n|\n|upkeep\n|\n|t:|1782829521\n|switch|p1a: Quaquaval|Quaquaval, L79, M|264/264\n|-damage|p1a: Quaquaval|248/264|[from] Stealth Rock\n|turn|11\n|\n|t:|1782829525\n|switch|p2a: Bronzong|Bronzong, L88|261/261\n|move|p1a: Quaquaval|Aqua Step|p2a: Bronzong\n|-damage|p2a: Bronzong|175/261\n|-boost|p1a: Quaquaval|spe|1\n|-damage|p1a: Quaquaval|222/264|[from] item: Life Orb\n|\n|-heal|p2a: Bronzong|191/261|[from] item: Leftovers\n|upkeep\n|turn|12\n|\n|t:|1782829529\n|move|p1a: Quaquaval|Swords Dance|p1a: Quaquaval\n|-boost|p1a: Quaquaval|atk|2\n|move|p2a: Bronzong|Psychic Noise|p1a: Quaquaval\n|-supereffective|p1a: Quaquaval\n|-damage|p1a: Quaquaval|58/264\n|-start|p1a: Quaquaval|move: Heal Block\n|\n|-heal|p2a: Bronzong|207/261|[from] item: Leftovers\n|upkeep\n|turn|13\n|\n|t:|1782829541\n|move|p1a: Quaquaval|Close Combat|p2a: Bronzong\n|-damage|p2a: Bronzong|0 fnt\n|-unboost|p1a: Quaquaval|def|1\n|-unboost|p1a: Quaquaval|spd|1\n|faint|p2a: Bronzong\n|-ability|p1a: Quaquaval|Moxie|boost\n|-boost|p1a: Quaquaval|atk|1\n|-damage|p1a: Quaquaval|32/264|[from] item: Life Orb\n|\n|-end|p1a: Quaquaval|move: Heal Block\n|-fieldend|move: Electric Terrain\n|upkeep\n|\n|t:|1782829544\n|switch|p2a: Granbull|Granbull, L88, M, tera:Ground|41/302\n|-ability|p2a: Granbull|Intimidate|boost\n|-unboost|p1a: Quaquaval|atk|1\n|turn|14\n|\n|t:|1782829547\n|switch|p2a: Duraludon|Duraludon, L82, F|249/249\n|move|p1a: Quaquaval|Aqua Step|p2a: Duraludon\n|-resisted|p2a: Duraludon\n|-damage|p2a: Duraludon|188/249\n|-boost|p1a: Quaquaval|spe|1\n|-damage|p1a: Quaquaval|6/264|[from] item: Life Orb\n|\n|upkeep\n|turn|15\n|\n|t:|1782829551\n|switch|p2a: Granbull|Granbull, L88, M, tera:Ground|41/302\n|-ability|p2a: Granbull|Intimidate|boost\n|-unboost|p1a: Quaquaval|atk|1\n|move|p1a: Quaquaval|Close Combat|p2a: Granbull\n|-damage|p2a: Granbull|0 fnt\n|-unboost|p1a: Quaquaval|def|1\n|-unboost|p1a: Quaquaval|spd|1\n|faint|p2a: Granbull\n|-ability|p1a: Quaquaval|Moxie|boost\n|-boost|p1a: Quaquaval|atk|1\n|-damage|p1a: Quaquaval|0 fnt|[from] item: Life Orb\n|faint|p1a: Quaquaval\n|\n|upkeep\n|\n|t:|1782829558\n|switch|p1a: Regigigas|Regigigas, L84|302/322 brn\n|switch|p2a: Duraludon|Duraludon, L82, F|188/249\n|-damage|p1a: Regigigas|262/322 brn|[from] Stealth Rock\n|-start|p1a: Regigigas|ability: Slow Start\n|turn|16\n|\n|t:|1782829560\n|move|p1a: Regigigas|Knock Off|p2a: Duraludon\n|-crit|p2a: Duraludon\n|-damage|p2a: Duraludon|167/249\n|-enditem|p2a: Duraludon|Eviolite|[from] move: Knock Off|[of] p1a: Regigigas\n|move|p2a: Duraludon|Dragon Tail|p1a: Regigigas\n|-damage|p1a: Regigigas|210/322 brn\n|drag|p1a: Luvdisc|Luvdisc, F|78/247\n|\n|upkeep\n|turn|17\n|\n|t:|1782829570\n|move|p1a: Luvdisc|Substitute|p1a: Luvdisc\n|-start|p1a: Luvdisc|Substitute\n|-damage|p1a: Luvdisc|17/247\n|move|p2a: Duraludon|Dragon Tail|p1a: Luvdisc\n|-end|p1a: Luvdisc|Substitute\n|\n|upkeep\n|turn|18\n|\n|t:|1782829573\n|move|p1a: Luvdisc|Endeavor|p2a: Duraludon\n|-damage|p2a: Duraludon|17/249\n|move|p2a: Duraludon|Dragon Tail|p1a: Luvdisc\n|-damage|p1a: Luvdisc|0 fnt\n|faint|p1a: Luvdisc\n|\n|upkeep\n|\n|t:|1782829576\n|switch|p1a: Latias|Latias, L79, F|256/256\n|-damage|p1a: Latias|224/256|[from] Stealth Rock\n|turn|19\n|\n|t:|1782829578\n|move|p1a: Latias|Psyshock|p2a: Duraludon\n|-resisted|p2a: Duraludon\n|-damage|p2a: Duraludon|0 fnt\n|faint|p2a: Duraludon\n|\n|upkeep\n|\n|t:|1782829586\n|switch|p2a: Spectrier|Spectrier, L75|95/274\n|turn|20\n|\n|t:|1782829590\n|-terastallize|p1a: Latias|Steel\n|move|p2a: Spectrier|Shadow Ball|p1a: Latias\n|-damage|p1a: Latias|148/256\n|move|p1a: Latias|Calm Mind|p1a: Latias\n|-boost|p1a: Latias|spa|1\n|-boost|p1a: Latias|spd|1\n|\n|upkeep\n|turn|21\n|\n|t:|1782829593\n|move|p2a: Spectrier|Will-O-Wisp|p1a: Latias\n|-status|p1a: Latias|brn\n|move|p1a: Latias|Recover|p1a: Latias\n|-heal|p1a: Latias|256/256 brn\n|\n|-damage|p1a: Latias|240/256 brn|[from] brn\n|upkeep\n|turn|22\n|\n|t:|1782829599\n|move|p2a: Spectrier|Nasty Plot|p2a: Spectrier\n|-boost|p2a: Spectrier|spa|2\n|move|p1a: Latias|Psyshock|p2a: Spectrier\n|-damage|p2a: Spectrier|0 fnt\n|faint|p2a: Spectrier\n|\n|-damage|p1a: Latias|224/256 brn|[from] brn\n|upkeep\n|\n|t:|1782829601\n|switch|p2a: Falinks|Falinks, L84|246/246\n|turn|23\n|\n|t:|1782829604\n|move|p1a: Latias|Draco Meteor|p2a: Falinks\n|-damage|p2a: Falinks|0 fnt\n|-unboost|p1a: Latias|spa|2\n|faint|p2a: Falinks\n|\n|-damage|p1a: Latias|208/256 brn|[from] brn\n|upkeep\n|\n|t:|1782829607\n|switch|p2a: Rhydon|Rhydon, L85, F|238/317\n|turn|24\n|\n|t:|1782829611\n|switch|p1a: Regigigas|Regigigas, L84|210/322 brn\n|-damage|p1a: Regigigas|170/322 brn|[from] Stealth Rock\n|-start|p1a: Regigigas|ability: Slow Start\n|move|p2a: Rhydon|Swords Dance|p2a: Rhydon\n|-boost|p2a: Rhydon|atk|2\n|\n|-heal|p1a: Regigigas|190/322 brn|[from] item: Leftovers\n|-damage|p1a: Regigigas|170/322 brn|[from] brn\n|upkeep\n|turn|25\n|\n|t:|1782829616\n|move|p2a: Rhydon|Earthquake|p1a: Regigigas\n|-damage|p1a: Regigigas|0 fnt\n|faint|p1a: Regigigas\n|-end|p1a: Regigigas|Slow Start|[silent]\n|\n|upkeep\n|\n|t:|1782829619\n|switch|p1a: Latias|Latias, L79, F, tera:Steel|208/256 brn\n|-damage|p1a: Latias|192/256 brn|[from] Stealth Rock\n|turn|26\n|\n|t:|1782829621\n|move|p1a: Latias|Calm Mind|p1a: Latias\n|-boost|p1a: Latias|spa|1\n|-boost|p1a: Latias|spd|1\n|move|p2a: Rhydon|Stone Edge|p1a: Latias\n|-resisted|p1a: Latias\n|-damage|p1a: Latias|42/256 brn\n|\n|-damage|p1a: Latias|26/256 brn|[from] brn\n|upkeep\n|turn|27\n|\n|t:|1782829624\n|move|p1a: Latias|Draco Meteor|p2a: Rhydon\n|-damage|p2a: Rhydon|0 fnt\n|-unboost|p1a: Latias|spa|2\n|faint|p2a: Rhydon\n|\n|win|sonnyjimvb2\n", "inputlog": ">version f8ac14003a5f27e1bdc8d8c59608a773c1cb96e5\n>start {\"formatid\":\"gen9randombattle\",\"seed\":\"sodium,355329c56ba877d22c629ff8e28213c5\",\"rated\":\"Rated battle\"}\n>player p1 {\"name\":\"sonnyjimvb2\",\"avatar\":\"169\",\"rating\":1915,\"seed\":\"sodium,f9f35bddca85cb4c3c689bd10fc4603e\"}\n>player p2 {\"name\":\"Mr Tpen\",\"avatar\":\"1\",\"rating\":1957,\"seed\":\"sodium,67129da6f055dd837da642ab50bada68\"}\n>p1 switch 5\n>p2 move stealthrock\n>p1 move fierydance\n>p2 switch 3\n>p1 switch 3\n>p2 move earthquake\n>p1 move endeavor\n>p2 switch 6\n>p1 move flipturn\n>p2 move shadowball\n>p1 switch 2\n>p1 move knockoff\n>p2 move willowisp\n>p1 move knockoff\n>p2 switch 2\n>p1 move bodyslam\n>p2 move encore\n>p1 switch 4\n>p2 move earthquake\n>p1 switch 3\n>p1 move fierydance\n>p2 move earthquake terastallize\n>p1 switch 6\n>p1 move aquastep\n>p2 switch 3\n>p1 move swordsdance\n>p2 move psychicnoise\n>p1 move closecombat\n>p2 move psychicnoise\n>p2 switch 3\n>p1 move aquastep\n>p2 switch 4\n>p1 move closecombat\n>p2 switch 4\n>p1 switch 4\n>p2 switch 4\n>p1 move knockoff\n>p2 move dragontail\n>p1 move substitute\n>p2 move dragontail\n>p1 move endeavor\n>p2 move dragontail\n>p1 switch 5\n>p1 move psyshock\n>p2 move dragontail\n>p2 switch 2\n>p1 move calmmind terastallize\n>p2 move shadowball\n>p1 move recover\n>p2 move willowisp\n>p1 move psyshock\n>p2 move nastyplot\n>p2 switch 5\n>p1 move dracometeor\n>p2 move noretreat\n>p2 switch 6\n>p1 switch 2\n>p2 move swordsdance\n>p1 move knockoff\n>p2 move earthquake\n>p1 switch 2\n>p1 move calmmind\n>p2 move stoneedge\n>p1 move dracometeor\n>p2 move stoneedge", "uploadtime": 1782829455, "views": 3, "formatid": "gen9randombattle", "rating": null, "private": 0, "password": null, "player_dets": [{"name": "sonnyjimvb2", "avatar": "169", "rating": 1915, "seed": "sodium,f9f35bddca85cb4c3c689bd10fc4603e"}, {"name": "Mr Tpen", "avatar": "1", "rating": 1957, "seed": "sodium,67129da6f055dd837da642ab50bada68"}], "teams_full": [{"Latias": {"name": "Latias", "species": "Latias", "speciesId": "latias", "gender": "F", "shiny": false, "level": 79, "moves": ["dracometeor", "psyshock", "calmmind", "recover"], "ability": "Levitate", "evs": {"hp": 85, "atk": 0, "def": 85, "spa": 85, "spd": 85, "spe": 85}, "ivs": {"hp": 31, "atk": 0, "def": 31, "spa": 31, "spd": 31, "spe": 31}, "item": "Soul Dew", "teraType": "Steel", "role": "Fast Bulky Setup", "bvs": {"hp": 80, "atk": 80, "def": 90, "spa": 110, "spd": 130, "spe": 110}, "stats": {"hp": 256, "atk": 131, "def": 188, "spa": 219, "spd": 251, "spe": 219}, "types": ["Dragon", "Psychic"]}, "Regigigas": {"name": "Regigigas", "species": "Regigigas", "speciesId": "regigigas", "gender": "N", "shiny": false, "level": 84, "moves": ["protect", "bodyslam", "substitute", "knockoff"], "ability": "Slow Start", "evs": {"hp": 85, "atk": 85, "def": 85, "spa": 85, "spd": 85, "spe": 85}, "ivs": {"hp": 31, "atk": 31, "def": 31, "spa": 31, "spd": 31, "spe": 31}, "item": "Leftovers", "teraType": "Ghost", "role": "Bulky Attacker", "bvs": {"hp": 110, "atk": 160, "def": 110, "spa": 80, "spd": 110, "spe": 100}, "stats": {"hp": 322, "atk": 317, "def": 233, "spa": 183, "spd": 233, "spe": 216}, "types": ["Normal"]}, "Luvdisc": {"name": "Luvdisc", "species": "Luvdisc", "speciesId": "luvdisc", "gender": "F", "shiny": false, "level": 100, "moves": ["substitute", "surf", "flipturn", "endeavor"], "ability": "Swift Swim", "evs": {"hp": 81, "atk": 85, "def": 85, "spa": 85, "spd": 85, "spe": 85}, "ivs": {"hp": 31, "atk": 31, "def": 31, "spa": 31, "spd": 31, "spe": 31}, "item": "Heavy-Duty Boots", "teraType": "Ground", "role": "Fast Support", "bvs": {"hp": 43, "atk": 30, "def": 55, "spa": 40, "spd": 65, "spe": 97}, "stats": {"hp": 247, "atk": 117, "def": 167, "spa": 137, "spd": 187, "spe": 251}, "types": ["Water"]}, "Miraidon": {"name": "Miraidon", "species": "Miraidon", "speciesId": "miraidon", "gender": "N", "shiny": false, "level": 65, "moves": ["dragonpulse", "dracometeor", "electrodrift", "calmmind"], "ability": "Hadron Engine", "evs": {"hp": 85, "atk": 0, "def": 85, "spa": 85, "spd": 85, "spe": 85}, "ivs": {"hp": 31, "atk": 0, "def": 31, "spa": 31, "spd": 31, "spe": 31}, "item": "Life Orb", "teraType": "Electric", "role": "Setup Sweeper", "bvs": {"hp": 100, "atk": 85, "def": 100, "spa": 135, "spd": 115, "spe": 135}, "stats": {"hp": 238, "atk": 115, "def": 168, "spa": 214, "spd": 188, "spe": 214}, "types": ["Electric", "Dragon"]}, "Iron Moth": {"name": "Iron Moth", "species": "Iron Moth", "speciesId": "ironmoth", "gender": "N", "shiny": false, "level": 78, "moves": ["uturn", "fierydance", "sludgewave", "energyball"], "ability": "Quark Drive", "evs": {"hp": 85, "atk": 85, "def": 85, "spa": 85, "spd": 85, "spe": 85}, "ivs": {"hp": 31, "atk": 31, "def": 31, "spa": 31, "spd": 31, "spe": 31}, "item": "Choice Specs", "teraType": "Grass", "role": "Fast Attacker", "bvs": {"hp": 80, "atk": 70, "def": 60, "spa": 140, "spd": 110, "spe": 110}, "stats": {"hp": 253, "atk": 154, "def": 139, "spa": 263, "spd": 217, "spe": 217}, "types": ["Fire", "Poison"]}, "Quaquaval": {"name": "Quaquaval", "species": "Quaquaval", "speciesId": "quaquaval", "gender": "M", "shiny": false, "level": 79, "moves": ["closecombat", "aquastep", "swordsdance", "tripleaxel"], "ability": "Moxie", "evs": {"hp": 85, "atk": 85, "def": 85, "spa": 85, "spd": 85, "spe": 85}, "ivs": {"hp": 31, "atk": 31, "def": 31, "spa": 31, "spd": 31, "spe": 31}, "item": "Life Orb", "teraType": "Steel", "role": "Setup Sweeper", "bvs": {"hp": 85, "atk": 120, "def": 80, "spa": 85, "spd": 75, "spe": 85}, "stats": {"hp": 264, "atk": 235, "def": 172, "spa": 180, "spd": 164, "spe": 180}, "types": ["Water", "Fighting"]}}, {"Bronzong": {"name": "Bronzong", "species": "Bronzong", "speciesId": "bronzong", "gender": "N", "shiny": false, "level": 88, "moves": ["stealthrock", "hypnosis", "ironhead", "psychicnoise"], "ability": "Levitate", "evs": {"hp": 85, "atk": 85, "def": 85, "spa": 85, "spd": 85, "spe": 85}, "ivs": {"hp": 31, "atk": 31, "def": 31, "spa": 31, "spd": 31, "spe": 31}, "item": "Leftovers", "teraType": "Water", "role": "Bulky Support", "bvs": {"hp": 67, "atk": 89, "def": 116, "spa": 79, "spd": 116, "spe": 33}, "stats": {"hp": 261, "atk": 207, "def": 254, "spa": 189, "spd": 254, "spe": 108}, "types": ["Steel", "Psychic"]}, "Granbull": {"name": "Granbull", "species": "Granbull", "speciesId": "granbull", "gender": "M", "shiny": false, "level": 88, "moves": ["thunderwave", "playrough", "encore", "earthquake"], "ability": "Intimidate", "evs": {"hp": 85, "atk": 85, "def": 85, "spa": 85, "spd": 85, "spe": 85}, "ivs": {"hp": 31, "atk": 31, "def": 31, "spa": 31, "spd": 31, "spe": 31}, "item": "Leftovers", "teraType": "Ground", "role": "Bulky Attacker", "bvs": {"hp": 90, "atk": 120, "def": 75, "spa": 60, "spd": 60, "spe": 45}, "stats": {"hp": 302, "atk": 261, "def": 182, "spa": 156, "spd": 156, "spe": 129}, "types": ["Fairy"]}, "Rhydon": {"name": "Rhydon", "species": "Rhydon", "speciesId": "rhydon", "gender": "F", "shiny": false, "level": 85, "moves": ["swordsdance", "megahorn", "stoneedge", "earthquake"], "ability": "Lightning Rod", "evs": {"hp": 85, "atk": 85, "def": 85, "spa": 85, "spd": 85, "spe": 85}, "ivs": {"hp": 31, "atk": 31, "def": 31, "spa": 31, "spd": 31, "spe": 31}, "item": "Eviolite", "teraType": "Fairy", "role": "Bulky Attacker", "bvs": {"hp": 105, "atk": 130, "def": 120, "spa": 45, "spd": 45, "spe": 40}, "stats": {"hp": 317, "atk": 270, "def": 253, "spa": 125, "spd": 125, "spe": 117}, "types": ["Ground", "Rock"]}, "Duraludon": {"name": "Duraludon", "species": "Duraludon", "speciesId": "duraludon", "gender": "F", "shiny": false, "level": 82, "moves": ["bodypress", "dracometeor", "flashcannon", "dragontail"], "ability": "Light Metal", "evs": {"hp": 85, "atk": 85, "def": 85, "spa": 85, "spd": 85, "spe": 85}, "ivs": {"hp": 31, "atk": 31, "def": 31, "spa": 31, "spd": 31, "spe": 31}, "item": "Eviolite", "teraType": "Fighting", "role": "Bulky Attacker", "bvs": {"hp": 70, "atk": 95, "def": 115, "spa": 120, "spd": 50, "spe": 85}, "stats": {"hp": 249, "atk": 203, "def": 236, "spa": 244, "spd": 129, "spe": 187}, "types": ["Steel", "Dragon"]}, "Falinks": {"name": "Falinks", "species": "Falinks", "speciesId": "falinks", "gender": "N", "shiny": false, "level": 84, "moves": ["ironhead", "knockoff", "closecombat", "noretreat"], "ability": "Defiant", "evs": {"hp": 85, "atk": 85, "def": 85, "spa": 85, "spd": 85, "spe": 85}, "ivs": {"hp": 31, "atk": 31, "def": 31, "spa": 31, "spd": 31, "spe": 31}, "item": "Life Orb", "teraType": "Steel", "role": "Setup Sweeper", "bvs": {"hp": 65, "atk": 100, "def": 100, "spa": 70, "spd": 60, "spe": 75}, "stats": {"hp": 246, "atk": 216, "def": 216, "spa": 166, "spd": 149, "spe": 174}, "types": ["Fighting"]}, "Spectrier": {"name": "Spectrier", "species": "Spectrier", "speciesId": "spectrier", "gender": "N", "shiny": false, "level": 75, "moves": ["nastyplot", "terablast", "shadowball", "willowisp"], "ability": "Grim Neigh", "evs": {"hp": 85, "atk": 0, "def": 85, "spa": 85, "spd": 85, "spe": 85}, "ivs": {"hp": 31, "atk": 0, "def": 31, "spa": 31, "spd": 31, "spe": 31}, "item": "Life Orb", "teraType": "Fighting", "role": "Tera Blast user", "bvs": {"hp": 100, "atk": 65, "def": 60, "spa": 145, "spd": 80, "spe": 130}, "stats": {"hp": 274, "atk": 102, "def": 134, "spa": 261, "spd": 164, "spe": 239}, "types": ["Ghost"]}}]}