{"id": "gen9randombattle-2641283899", "format": "[Gen 9] Random Battle", "players": ["yungyjm", "JOACOLOL2409"], "log": "|j|\u2606yungyjm\n|j|\u2606JOACOLOL2409\n|t:|1782763115\n|gametype|singles\n|player|p1|yungyjm|101|1015\n|player|p2|JOACOLOL2409|biker-gen4|1042\n|gen|9\n|tier|[Gen 9] Random Battle\n|rated|\n|rule|Species Clause: Limit one of each Pok\u00e9mon\n|rule|HP Percentage Mod: HP is shown in percentages\n|rule|Sleep Clause Mod: Limit one foe put to sleep\n|rule|Illusion Level Mod: Illusion disguises the Pok\u00e9mon's true level\n|\n|t:|1782763115\n|teamsize|p1|6\n|teamsize|p2|6\n|start\n|switch|p1a: Arboliva|Arboliva, L91, F|288/288\n|switch|p2a: Copperajah|Copperajah, L86, F|349/349\n|turn|1\n|inactive|Battle timer is ON: inactive players will automatically lose when time's up. (requested by yungyjm)\n|\n|t:|1782763132\n|move|p1a: Arboliva|Leech Seed|p2a: Copperajah\n|-start|p2a: Copperajah|move: Leech Seed\n|move|p2a: Copperajah|Heat Crash|p1a: Arboliva\n|-supereffective|p1a: Arboliva\n|-damage|p1a: Arboliva|6/288\n|-enditem|p1a: Arboliva|Sitrus Berry|[eat]\n|-heal|p1a: Arboliva|78/288|[from] item: Sitrus Berry\n|\n|-damage|p2a: Copperajah|306/349|[from] Leech Seed|[of] p1a: Arboliva\n|-heal|p1a: Arboliva|121/288|[silent]\n|upkeep\n|turn|2\n|\n|t:|1782763141\n|move|p1a: Arboliva|Protect|p1a: Arboliva\n|-singleturn|p1a: Arboliva|Protect\n|move|p2a: Copperajah|Heat Crash|p1a: Arboliva\n|-activate|p1a: Arboliva|move: Protect\n|\n|-damage|p2a: Copperajah|263/349|[from] Leech Seed|[of] p1a: Arboliva\n|-heal|p1a: Arboliva|164/288|[silent]\n|-item|p1a: Arboliva|Sitrus Berry|[from] ability: Harvest\n|upkeep\n|turn|3\n|\n|t:|1782763149\n|switch|p1a: Coalossal|Coalossal, L89, M|341/341\n|move|p2a: Copperajah|Heat Crash|p1a: Coalossal\n|-resisted|p1a: Coalossal\n|-damage|p1a: Coalossal|315/341\n|\n|-damage|p2a: Copperajah|220/349|[from] Leech Seed|[of] p1a: Coalossal\n|-heal|p1a: Coalossal|341/341|[silent]\n|upkeep\n|turn|4\n|\n|t:|1782763176\n|switch|p2a: Sandy Shocks|Sandy Shocks, L80|267/267\n|move|p1a: Coalossal|Spikes|p2a: Sandy Shocks\n|-sidestart|p2: JOACOLOL2409|Spikes\n|\n|upkeep\n|turn|5\n|\n|t:|1782763182\n|switch|p1a: Arboliva|Arboliva, L91, F|164/288\n|move|p2a: Sandy Shocks|Earth Power|p1a: Arboliva\n|-resisted|p1a: Arboliva\n|-damage|p1a: Arboliva|122/288\n|-enditem|p1a: Arboliva|Sitrus Berry|[eat]\n|-heal|p1a: Arboliva|194/288|[from] item: Sitrus Berry\n|\n|-item|p1a: Arboliva|Sitrus Berry|[from] ability: Harvest\n|upkeep\n|turn|6\n|\n|t:|1782763197\n|move|p2a: Sandy Shocks|Stealth Rock|p1a: Arboliva\n|-sidestart|p1: yungyjm|move: Stealth Rock\n|move|p1a: Arboliva|Leech Seed|p2a: Sandy Shocks\n|-start|p2a: Sandy Shocks|move: Leech Seed\n|\n|-damage|p2a: Sandy Shocks|234/267|[from] Leech Seed|[of] p1a: Arboliva\n|-heal|p1a: Arboliva|227/288|[silent]\n|upkeep\n|turn|7\n|\n|t:|1782763207\n|-end|p2a: Sandy Shocks|Protosynthesis|[silent]\n|switch|p2a: Copperajah|Copperajah, L86, F|220/349\n|-damage|p2a: Copperajah|177/349|[from] Spikes\n|move|p1a: Arboliva|Substitute|p1a: Arboliva\n|-start|p1a: Arboliva|Substitute\n|-damage|p1a: Arboliva|155/288\n|\n|upkeep\n|turn|8\n|\n|t:|1782763216\n|move|p1a: Arboliva|Leech Seed|p2a: Copperajah\n|-start|p2a: Copperajah|move: Leech Seed\n|move|p2a: Copperajah|Heat Crash|p1a: Arboliva\n|-supereffective|p1a: Arboliva\n|-end|p1a: Arboliva|Substitute\n|\n|-damage|p2a: Copperajah|134/349|[from] Leech Seed|[of] p1a: Arboliva\n|-heal|p1a: Arboliva|198/288|[silent]\n|upkeep\n|turn|9\n|\n|t:|1782763223\n|move|p1a: Arboliva|Protect|p1a: Arboliva\n|-singleturn|p1a: Arboliva|Protect\n|move|p2a: Copperajah|Heat Crash|p1a: Arboliva\n|-activate|p1a: Arboliva|move: Protect\n|\n|-damage|p2a: Copperajah|91/349|[from] Leech Seed|[of] p1a: Arboliva\n|-heal|p1a: Arboliva|241/288|[silent]\n|upkeep\n|turn|10\n|\n|t:|1782763230\n|switch|p1a: Coalossal|Coalossal, L89, M|341/341\n|move|p2a: Copperajah|Heat Crash|p1a: Coalossal\n|-resisted|p1a: Coalossal\n|-damage|p1a: Coalossal|317/341\n|\n|-damage|p2a: Copperajah|48/349|[from] Leech Seed|[of] p1a: Coalossal\n|-heal|p1a: Coalossal|341/341|[silent]\n|upkeep\n|turn|11\n|\n|t:|1782763250\n|switch|p2a: Abomasnow|Abomasnow, L84, F|287/287\n|-damage|p2a: Abomasnow|252/287|[from] Spikes\n|-weather|Snowscape|[from] ability: Snow Warning|[of] p2a: Abomasnow\n|move|p1a: Coalossal|Spikes|p2a: Abomasnow\n|-sidestart|p2: JOACOLOL2409|Spikes\n|\n|-weather|Snowscape|[upkeep]\n|upkeep\n|turn|12\n|\n|t:|1782763259\n|move|p2a: Abomasnow|Earthquake|p1a: Coalossal\n|-supereffective|p1a: Coalossal\n|-damage|p1a: Coalossal|137/341\n|move|p1a: Coalossal|Flamethrower|p2a: Abomasnow\n|-supereffective|p2a: Abomasnow\n|-damage|p2a: Abomasnow|0 fnt\n|faint|p2a: Abomasnow\n|\n|-weather|Snowscape|[upkeep]\n|upkeep\n|\n|t:|1782763271\n|switch|p2a: Sandy Shocks|Sandy Shocks, L80|234/267\n|turn|13\n|\n|t:|1782763276\n|switch|p1a: Arboliva|Arboliva, L91, F|241/288\n|-damage|p1a: Arboliva|205/288|[from] Stealth Rock\n|move|p2a: Sandy Shocks|Earth Power|p1a: Arboliva\n|-resisted|p1a: Arboliva\n|-damage|p1a: Arboliva|167/288\n|\n|-weather|Snowscape|[upkeep]\n|upkeep\n|turn|14\n|\n|t:|1782763298\n|move|p2a: Sandy Shocks|Thunderbolt|p1a: Arboliva\n|-resisted|p1a: Arboliva\n|-damage|p1a: Arboliva|129/288\n|-enditem|p1a: Arboliva|Sitrus Berry|[eat]\n|-heal|p1a: Arboliva|201/288|[from] item: Sitrus Berry\n|move|p1a: Arboliva|Leech Seed|p2a: Sandy Shocks\n|-start|p2a: Sandy Shocks|move: Leech Seed\n|\n|-weather|Snowscape|[upkeep]\n|-damage|p2a: Sandy Shocks|201/267|[from] Leech Seed|[of] p1a: Arboliva\n|-heal|p1a: Arboliva|234/288|[silent]\n|-item|p1a: Arboliva|Sitrus Berry|[from] ability: Harvest\n|upkeep\n|turn|15\n|\n|t:|1782763310\n|move|p2a: Sandy Shocks|Thunderbolt|p1a: Arboliva\n|-resisted|p1a: Arboliva\n|-damage|p1a: Arboliva|195/288\n|-status|p1a: Arboliva|par\n|move|p1a: Arboliva|Substitute|p1a: Arboliva\n|-start|p1a: Arboliva|Substitute\n|-damage|p1a: Arboliva|123/288 par\n|-enditem|p1a: Arboliva|Sitrus Berry|[eat]\n|-heal|p1a: Arboliva|195/288 par|[from] item: Sitrus Berry\n|\n|-weather|none\n|-damage|p2a: Sandy Shocks|168/267|[from] Leech Seed|[of] p1a: Arboliva\n|-heal|p1a: Arboliva|228/288 par|[silent]\n|-item|p1a: Arboliva|Sitrus Berry|[from] ability: Harvest\n|upkeep\n|turn|16\n|\n|t:|1782763327\n|-end|p2a: Sandy Shocks|Protosynthesis|[silent]\n|switch|p2a: Lurantis|Lurantis, L87, F|264/264\n|-damage|p2a: Lurantis|220/264|[from] Spikes\n|move|p1a: Arboliva|Hyper Voice|p2a: Lurantis\n|-damage|p2a: Lurantis|84/264\n|\n|-heal|p2a: Lurantis|100/264|[from] item: Leftovers\n|upkeep\n|turn|17\n|\n|t:|1782763336\n|move|p2a: Lurantis|Superpower|p1a: Arboliva\n|-supereffective|p1a: Arboliva\n|-end|p1a: Arboliva|Substitute\n|-boost|p2a: Lurantis|atk|1\n|-boost|p2a: Lurantis|def|1\n|move|p1a: Arboliva|Hyper Voice|p2a: Lurantis\n|-damage|p2a: Lurantis|0 fnt\n|faint|p2a: Lurantis\n|\n|upkeep\n|n|!JOACOLOL2409|joacolol2409\n|inactive|JOACOLOL2409 has 120 seconds left.\n|\n|t:|1782763355\n|switch|p2a: Persian|Persian-Alola, L86, M|252/252\n|-damage|p2a: Persian|210/252|[from] Spikes\n|turn|18\n|\n|t:|1782763362\n|move|p2a: Persian|Nasty Plot|p2a: Persian\n|-boost|p2a: Persian|spa|2\n|move|p1a: Arboliva|Leech Seed|p2a: Persian|[miss]\n|-miss|p1a: Arboliva|p2a: Persian\n|\n|upkeep\n|turn|19\n|\n|t:|1782763368\n|move|p2a: Persian|Dark Pulse|p1a: Arboliva\n|-damage|p1a: Arboliva|68/288 par\n|-enditem|p1a: Arboliva|Sitrus Berry|[eat]\n|-heal|p1a: Arboliva|140/288 par|[from] item: Sitrus Berry\n|-damage|p2a: Persian|185/252|[from] item: Life Orb\n|cant|p1a: Arboliva|flinch\n|\n|-item|p1a: Arboliva|Sitrus Berry|[from] ability: Harvest\n|upkeep\n|-enditem|p1a: Arboliva|Sitrus Berry|[eat]\n|-heal|p1a: Arboliva|212/288 par|[from] item: Sitrus Berry\n|turn|20\n|\n|t:|1782763379\n|move|p2a: Persian|Dark Pulse|p1a: Arboliva\n|-damage|p1a: Arboliva|68/288 par\n|-damage|p2a: Persian|160/252|[from] item: Life Orb\n|move|p1a: Arboliva|Leech Seed|p2a: Persian\n|-start|p2a: Persian|move: Leech Seed\n|\n|-damage|p2a: Persian|129/252|[from] Leech Seed|[of] p1a: Arboliva\n|-heal|p1a: Arboliva|99/288 par|[silent]\n|-item|p1a: Arboliva|Sitrus Berry|[from] ability: Harvest\n|upkeep\n|-enditem|p1a: Arboliva|Sitrus Berry|[eat]\n|-heal|p1a: Arboliva|171/288 par|[from] item: Sitrus Berry\n|turn|21\n|\n|t:|1782763389\n|cant|p1a: Arboliva|par\n|move|p2a: Persian|Dark Pulse|p1a: Arboliva\n|-damage|p1a: Arboliva|27/288 par\n|-damage|p2a: Persian|104/252|[from] item: Life Orb\n|\n|-damage|p2a: Persian|73/252|[from] Leech Seed|[of] p1a: Arboliva\n|-heal|p1a: Arboliva|58/288 par|[silent]\n|upkeep\n|turn|22\n|\n|t:|1782763397\n|move|p1a: Arboliva|Protect|p1a: Arboliva\n|-singleturn|p1a: Arboliva|Protect\n|move|p2a: Persian|Dark Pulse|p1a: Arboliva\n|-activate|p1a: Arboliva|move: Protect\n|\n|-damage|p2a: Persian|42/252|[from] Leech Seed|[of] p1a: Arboliva\n|-heal|p1a: Arboliva|89/288 par|[silent]\n|upkeep\n|turn|23\n|\n|t:|1782763414\n|cant|p1a: Arboliva|par\n|move|p2a: Persian|Dark Pulse|p1a: Arboliva\n|-damage|p1a: Arboliva|0 fnt\n|faint|p1a: Arboliva\n|-damage|p2a: Persian|17/252|[from] item: Life Orb\n|\n|upkeep\n|\n|t:|1782763416\n|switch|p1a: Coalossal|Coalossal, L89, M|137/341\n|turn|24\n|\n|t:|1782763427\n|switch|p2a: Sandy Shocks|Sandy Shocks, L80|168/267\n|move|p1a: Coalossal|Rapid Spin|p2a: Sandy Shocks\n|-crit|p2a: Sandy Shocks\n|-damage|p2a: Sandy Shocks|113/267\n|-boost|p1a: Coalossal|spe|1\n|-sideend|p1: yungyjm|Stealth Rock|[from] move: Rapid Spin|[of] p1a: Coalossal\n|\n|upkeep\n|turn|25\n|\n|t:|1782763438\n|move|p2a: Sandy Shocks|Earth Power|p1a: Coalossal\n|-supereffective|p1a: Coalossal\n|-damage|p1a: Coalossal|0 fnt\n|faint|p1a: Coalossal\n|\n|upkeep\n|\n|t:|1782763442\n|switch|p1a: Decidueye|Decidueye-Hisui, L87, M|295/295\n|turn|26\n|\n|t:|1782763458\n|-terastallize|p2a: Sandy Shocks|Grass\n|move|p2a: Sandy Shocks|Stealth Rock|p1a: Decidueye\n|-sidestart|p1: yungyjm|move: Stealth Rock\n|move|p1a: Decidueye|Leaf Blade|p2a: Sandy Shocks\n|-resisted|p2a: Sandy Shocks\n|-damage|p2a: Sandy Shocks|62/267\n|\n|upkeep\n|turn|27\n|inactive|yungyjm has 120 seconds left.\n|inactive|yungyjm has 90 seconds left.\n|inactive|yungyjm has 60 seconds left.\n|\n|t:|1782763565\n|move|p2a: Sandy Shocks|Thunderbolt|p1a: Decidueye\n|-resisted|p1a: Decidueye\n|-damage|p1a: Decidueye|247/295\n|move|p1a: Decidueye|Leaf Blade|p2a: Sandy Shocks\n|-resisted|p2a: Sandy Shocks\n|-damage|p2a: Sandy Shocks|7/267\n|\n|-heal|p1a: Decidueye|265/295|[from] item: Leftovers\n|upkeep\n|turn|28\n|\n|t:|1782763579\n|move|p2a: Sandy Shocks|Volt Switch|p1a: Decidueye\n|-resisted|p1a: Decidueye\n|-damage|p1a: Decidueye|229/295\n|-message|yungyjm forfeited.\n|\n|win|JOACOLOL2409\n", "inputlog": ">version f8ac14003a5f27e1bdc8d8c59608a773c1cb96e5\n>start {\"formatid\":\"gen9randombattle\",\"seed\":\"sodium,46816f83ca870d7c80565974117ba246\",\"rated\":\"Rated battle\"}\n>player p1 {\"name\":\"yungyjm\",\"avatar\":\"101\",\"rating\":1015,\"seed\":\"sodium,d11a2be667489de1b144e4c05b1b8ae2\"}\n>player p2 {\"name\":\"JOACOLOL2409\",\"avatar\":\"biker-gen4\",\"rating\":1042,\"seed\":\"sodium,1dd5488c77bc426f32eade8110a20d46\"}\n>p1 move leechseed\n>p2 move heatcrash\n>p1 move protect\n>p2 move heatcrash\n>p1 switch 3\n>p2 move heatcrash\n>p1 move spikes\n>p2 switch 6\n>p1 switch 3\n>p2 move earthpower\n>p1 move leechseed\n>p2 move stealthrock\n>p1 move substitute\n>p2 switch 6\n>p1 move leechseed\n>p2 move heatcrash\n>p1 move protect\n>p2 move heatcrash\n>p1 switch 3\n>p2 move heatcrash\n>p1 move spikes\n>p2 switch 5\n>p1 move flamethrower\n>p2 move earthquake\n>p2 switch 6\n>p1 switch 3\n>p2 move earthpower\n>p1 move leechseed\n>p2 move thunderbolt\n>p1 move substitute\n>p2 move thunderbolt\n>p1 move hypervoice\n>p2 switch 3\n>p1 move hypervoice\n>p2 move superpower\n>chat \u2606JOACOLOL2409|fuck you\n>p2 switch 4\n>p1 move leechseed\n>p2 move nastyplot\n>p1 move leechseed\n>p2 move darkpulse\n>p1 move leechseed\n>p2 move darkpulse\n>p1 move protect\n>p2 move darkpulse\n>p1 move protect\n>p2 move darkpulse\n>p1 move protect\n>p2 move darkpulse\n>p1 switch 3\n>p1 move rapidspin\n>p2 switch 3\n>p1 move spikes\n>p2 move earthpower\n>p1 switch 2\n>p1 move leafblade\n>p2 move stealthrock terastallize\n>p1 move leafblade\n>p2 move thunderbolt\n>p1 move triplearrows\n>p2 move voltswitch\n>forcelose p1", "uploadtime": 1782763348, "views": 4, "formatid": "gen9randombattle", "rating": null, "private": 0, "password": null, "player_dets": [{"name": "yungyjm", "avatar": "101", "rating": 1015, "seed": "sodium,d11a2be667489de1b144e4c05b1b8ae2"}, {"name": "JOACOLOL2409", "avatar": "biker-gen4", "rating": 1042, "seed": "sodium,1dd5488c77bc426f32eade8110a20d46"}], "teams_full": [{"Arboliva": {"name": "Arboliva", "species": "Arboliva", "speciesId": "arboliva", "gender": "F", "shiny": false, "level": 91, "moves": ["hypervoice", "protect", "leechseed", "substitute"], "ability": "Harvest", "evs": {"hp": 77, "atk": 0, "def": 85, "spa": 85, "spd": 85, "spe": 85}, "ivs": {"hp": 31, "atk": 0, "def": 31, "spa": 31, "spd": 31, "spe": 31}, "item": "Sitrus Berry", "teraType": "Water", "role": "Bulky Support", "bvs": {"hp": 78, "atk": 69, "def": 90, "spa": 125, "spd": 109, "spe": 39}, "stats": {"hp": 288, "atk": 130, "def": 216, "spa": 279, "spd": 250, "spe": 123}, "types": ["Grass", "Normal"]}, "Decidueye": {"name": "Decidueye", "species": "Decidueye-Hisui", "speciesId": "decidueyehisui", "gender": "M", "shiny": false, "level": 87, "moves": ["leafblade", "triplearrows", "roost", "suckerpunch"], "ability": "Scrappy", "evs": {"hp": 85, "atk": 85, "def": 85, "spa": 85, "spd": 85, "spe": 85}, "ivs": {"hp": 31, "atk": 31, "def": 31, "spa": 31, "spd": 31, "spe": 31}, "item": "Leftovers", "teraType": "Steel", "role": "Bulky Attacker", "bvs": {"hp": 88, "atk": 112, "def": 80, "spa": 95, "spd": 95, "spe": 60}, "stats": {"hp": 295, "atk": 245, "def": 189, "spa": 215, "spd": 215, "spe": 154}, "types": ["Grass", "Fighting"]}, "Coalossal": {"name": "Coalossal", "species": "Coalossal", "speciesId": "coalossal", "gender": "M", "shiny": false, "level": 89, "moves": ["spikes", "rapidspin", "flamethrower", "stoneedge"], "ability": "Flame Body", "evs": {"hp": 85, "atk": 85, "def": 85, "spa": 85, "spd": 85, "spe": 85}, "ivs": {"hp": 31, "atk": 31, "def": 31, "spa": 31, "spd": 31, "spe": 31}, "item": "Heavy-Duty Boots", "teraType": "Water", "role": "Bulky Support", "bvs": {"hp": 110, "atk": 80, "def": 120, "spa": 80, "spd": 90, "spe": 30}, "stats": {"hp": 341, "atk": 193, "def": 264, "spa": 193, "spd": 211, "spe": 104}, "types": ["Rock", "Fire"]}, "Cinderace": {"name": "Cinderace", "species": "Cinderace", "speciesId": "cinderace", "gender": "F", "shiny": false, "level": 77, "moves": ["courtchange", "uturn", "willowisp", "pyroball"], "ability": "Libero", "evs": {"hp": 85, "atk": 85, "def": 85, "spa": 85, "spd": 85, "spe": 85}, "ivs": {"hp": 31, "atk": 31, "def": 31, "spa": 31, "spd": 31, "spe": 31}, "item": "Heavy-Duty Boots", "teraType": "Grass", "role": "Fast Support", "bvs": {"hp": 80, "atk": 116, "def": 75, "spa": 65, "spd": 75, "spe": 119}, "stats": {"hp": 250, "atk": 223, "def": 160, "spa": 145, "spd": 160, "spe": 228}, "types": ["Fire"]}, "Beartic": {"name": "Beartic", "species": "Beartic", "speciesId": "beartic", "gender": "M", "shiny": false, "level": 91, "moves": ["iciclecrash", "swordsdance", "earthquake", "closecombat"], "ability": "Slush Rush", "evs": {"hp": 85, "atk": 85, "def": 85, "spa": 85, "spd": 85, "spe": 85}, "ivs": {"hp": 31, "atk": 31, "def": 31, "spa": 31, "spd": 31, "spe": 31}, "item": "Heavy-Duty Boots", "teraType": "Ground", "role": "Wallbreaker", "bvs": {"hp": 95, "atk": 130, "def": 80, "spa": 70, "spd": 80, "spe": 50}, "stats": {"hp": 321, "atk": 288, "def": 197, "spa": 179, "spd": 197, "spe": 143}, "types": ["Ice"]}, "Grumpig": {"name": "Grumpig", "species": "Grumpig", "speciesId": "grumpig", "gender": "F", "shiny": false, "level": 92, "moves": ["trick", "focusblast", "psychic", "shadowball"], "ability": "Thick Fat", "evs": {"hp": 85, "atk": 0, "def": 85, "spa": 85, "spd": 85, "spe": 85}, "ivs": {"hp": 31, "atk": 0, "def": 31, "spa": 31, "spd": 31, "spe": 31}, "item": "Choice Scarf", "teraType": "Fighting", "role": "Bulky Attacker", "bvs": {"hp": 80, "atk": 45, "def": 65, "spa": 90, "spd": 110, "spe": 80}, "stats": {"hp": 297, "atk": 87, "def": 172, "spa": 218, "spd": 255, "spe": 200}, "types": ["Psychic"]}}, {"Copperajah": {"name": "Copperajah", "species": "Copperajah", "speciesId": "copperajah", "gender": "F", "shiny": false, "level": 86, "moves": ["superpower", "supercellslam", "heatcrash", "heavyslam"], "ability": "Heavy Metal", "evs": {"hp": 81, "atk": 85, "def": 85, "spa": 85, "spd": 85, "spe": 85}, "ivs": {"hp": 31, "atk": 31, "def": 31, "spa": 31, "spd": 31, "spe": 31}, "item": "Choice Band", "teraType": "Fire", "role": "Bulky Attacker", "bvs": {"hp": 122, "atk": 130, "def": 69, "spa": 80, "spd": 69, "spe": 30}, "stats": {"hp": 349, "atk": 273, "def": 168, "spa": 187, "spd": 168, "spe": 101}, "types": ["Steel"]}, "Miraidon": {"name": "Miraidon", "species": "Miraidon", "speciesId": "miraidon", "gender": "N", "shiny": false, "level": 65, "moves": ["dracometeor", "dragonpulse", "electrodrift", "calmmind"], "ability": "Hadron Engine", "evs": {"hp": 85, "atk": 0, "def": 85, "spa": 85, "spd": 85, "spe": 85}, "ivs": {"hp": 31, "atk": 0, "def": 31, "spa": 31, "spd": 31, "spe": 31}, "item": "Life Orb", "teraType": "Electric", "role": "Setup Sweeper", "bvs": {"hp": 100, "atk": 85, "def": 100, "spa": 135, "spd": 115, "spe": 135}, "stats": {"hp": 238, "atk": 115, "def": 168, "spa": 214, "spd": 188, "spe": 214}, "types": ["Electric", "Dragon"]}, "Lurantis": {"name": "Lurantis", "species": "Lurantis", "speciesId": "lurantis", "gender": "F", "shiny": false, "level": 87, "moves": ["synthesis", "knockoff", "leafstorm", "superpower"], "ability": "Contrary", "evs": {"hp": 85, "atk": 85, "def": 85, "spa": 85, "spd": 85, "spe": 85}, "ivs": {"hp": 31, "atk": 31, "def": 31, "spa": 31, "spd": 31, "spe": 31}, "item": "Leftovers", "teraType": "Fighting", "role": "Bulky Attacker", "bvs": {"hp": 70, "atk": 105, "def": 90, "spa": 80, "spd": 90, "spe": 45}, "stats": {"hp": 264, "atk": 232, "def": 206, "spa": 189, "spd": 206, "spe": 128}, "types": ["Grass"]}, "Persian": {"name": "Persian", "species": "Persian-Alola", "speciesId": "persianalola", "gender": "M", "shiny": false, "level": 86, "moves": ["nastyplot", "terablast", "thunderbolt", "darkpulse"], "ability": "Fur Coat", "evs": {"hp": 85, "atk": 0, "def": 85, "spa": 85, "spd": 85, "spe": 85}, "ivs": {"hp": 31, "atk": 0, "def": 31, "spa": 31, "spd": 31, "spe": 31}, "item": "Life Orb", "teraType": "Fairy", "role": "Tera Blast user", "bvs": {"hp": 65, "atk": 60, "def": 60, "spa": 75, "spd": 65, "spe": 115}, "stats": {"hp": 252, "atk": 108, "def": 152, "spa": 178, "spd": 161, "spe": 247}, "types": ["Dark"]}, "Abomasnow": {"name": "Abomasnow", "species": "Abomasnow", "speciesId": "abomasnow", "gender": "F", "shiny": false, "level": 84, "moves": ["earthquake", "iceshard", "auroraveil", "blizzard"], "ability": "Snow Warning", "evs": {"hp": 77, "atk": 85, "def": 85, "spa": 85, "spd": 85, "spe": 85}, "ivs": {"hp": 31, "atk": 31, "def": 31, "spa": 31, "spd": 31, "spe": 31}, "item": "Light Clay", "teraType": "Ghost", "role": "Bulky Support", "bvs": {"hp": 90, "atk": 92, "def": 75, "spa": 92, "spd": 85, "spe": 60}, "stats": {"hp": 287, "atk": 203, "def": 174, "spa": 203, "spd": 191, "spe": 149}, "types": ["Grass", "Ice"]}, "Sandy Shocks": {"name": "Sandy Shocks", "species": "Sandy Shocks", "speciesId": "sandyshocks", "gender": "N", "shiny": false, "level": 80, "moves": ["thunderbolt", "earthpower", "stealthrock", "voltswitch"], "ability": "Protosynthesis", "evs": {"hp": 85, "atk": 0, "def": 85, "spa": 85, "spd": 85, "spe": 85}, "ivs": {"hp": 31, "atk": 0, "def": 31, "spa": 31, "spd": 31, "spe": 31}, "item": "Heavy-Duty Boots", "teraType": "Grass", "role": "Fast Support", "bvs": {"hp": 85, "atk": 81, "def": 97, "spa": 121, "spd": 85, "spe": 101}, "stats": {"hp": 267, "atk": 134, "def": 201, "spa": 240, "spd": 182, "spe": 208}, "types": ["Electric", "Ground"]}}]}