{"id": "gen9randombattle-2641464895", "format": "[Gen 9] Random Battle", "players": ["whisperwyrm", "wayjoob"], "log": "|badge|p2|bronze|gen9randombattle|100-9\n|html|<div class=\"broadcast-red\"><strong>This battle is required to be public due to one or more player having a season medal.</strong><br />During the public phase, you can discuss the state of the ladder <a href=\"/seasondiscussion\">in a special chatroom.</a></div>\n|uhtml|medal-msg|<div class=\"broadcast-blue\">Curious what those medals under the avatar are? PS now has Ladder Seasons! For more information, check out the <a href=\"https://www.smogon.com/forums/threads/3740067/\">thread on Smogon.</a></div>\n|raw|<div class=\"broadcast-blue\"><strong>This battle is required to be public due to a player having a name starting with 'medal'.</div>\n|j|\u2606whisperwyrm\n|j|\u2606wayjoob\n|t:|1782788923\n|gametype|singles\n|player|p1|whisperwyrm|1|2193\n|player|p2|wayjoob|giovanni|2269\n|gen|9\n|tier|[Gen 9] Random Battle\n|rated|\n|rule|Species Clause: Limit one of each Pok\u00e9mon\n|rule|HP Percentage Mod: HP is shown in percentages\n|rule|Sleep Clause Mod: Limit one foe put to sleep\n|rule|Illusion Level Mod: Illusion disguises the Pok\u00e9mon's true level\n|\n|t:|1782788923\n|teamsize|p1|6\n|teamsize|p2|6\n|start\n|switch|p1a: Electrode|Electrode-Hisui, L87|246/246\n|switch|p2a: Flygon|Flygon, L82, F|265/265\n|turn|1\n|inactive|Battle timer is ON: inactive players will automatically lose when time's up. (requested by wayjoob)\n|inactive|whisperwyrm also wants the timer to be on.\n|\n|t:|1782788941\n|switch|p1a: Illumise|Illumise, L91, F|266/266\n|move|p2a: Flygon|U-turn|p1a: Illumise\n|-damage|p1a: Illumise|219/266\n|\n|t:|1782788945\n|switch|p2a: Toucannon|Toucannon, L88, F|284/284|[from] U-turn\n|\n|upkeep\n|turn|2\n|\n|t:|1782788955\n|-singleturn|p2a: Toucannon|move: Beak Blast\n|move|p1a: Illumise|Thunder Wave|p2a: Toucannon|[miss]\n|-miss|p1a: Illumise|p2a: Toucannon\n|move|p2a: Toucannon|Beak Blast|p1a: Illumise\n|-supereffective|p1a: Illumise\n|-crit|p1a: Illumise\n|-damage|p1a: Illumise|0 fnt\n|faint|p1a: Illumise\n|\n|upkeep\n|l|\u2606wayjoob\n|inactive|wayjoob disconnected and has a minute to reconnect!\n|player|p2|\n|\n|t:|1782788963\n|switch|p1a: Misdreavus|Misdreavus, L90, F|254/254\n|turn|3\n|j|\u2606wayjoob\n|inactive|wayjoob reconnected and has 140 seconds left.\n|player|p2|wayjoob|giovanni|\n|inactive|wayjoob has 120 seconds left.\n|l|\u2606wayjoob\n|inactive|wayjoob disconnected and has a minute to reconnect!\n|player|p2|\n|j|\u2606wayjoob\n|inactive|wayjoob reconnected and has 115 seconds left.\n|player|p2|wayjoob|giovanni|\n|\n|t:|1782789009\n|switch|p2a: Cyclizar|Cyclizar, L83, M|252/252\n|move|p1a: Misdreavus|Will-O-Wisp|p2a: Cyclizar\n|-status|p2a: Cyclizar|brn\n|\n|-damage|p2a: Cyclizar|237/252 brn|[from] brn\n|upkeep\n|turn|4\n|\n|t:|1782789023\n|move|p2a: Cyclizar|Knock Off|p1a: Misdreavus\n|-supereffective|p1a: Misdreavus\n|-damage|p1a: Misdreavus|196/254\n|-enditem|p1a: Misdreavus|Eviolite|[from] move: Knock Off|[of] p2a: Cyclizar\n|move|p1a: Misdreavus|Calm Mind|p1a: Misdreavus\n|-boost|p1a: Misdreavus|spa|1\n|-boost|p1a: Misdreavus|spd|1\n|\n|-damage|p2a: Cyclizar|222/252 brn|[from] brn\n|upkeep\n|turn|5\n|inactive|wayjoob has 120 seconds left.\n|\n|t:|1782789032\n|move|p2a: Cyclizar|Shed Tail|p2a: Cyclizar\n|-start|p2a: Cyclizar|Substitute|[from] move: Shed Tail\n|-damage|p2a: Cyclizar|96/252 brn\n|\n|t:|1782789034\n|switch|p2a: Pincurchin|Pincurchin, M|258/258|[from] Shed Tail\n|-fieldstart|move: Electric Terrain|[from] ability: Electric Surge|[of] p2a: Pincurchin\n|move|p1a: Misdreavus|Calm Mind|p1a: Misdreavus\n|-boost|p1a: Misdreavus|spa|1\n|-boost|p1a: Misdreavus|spd|1\n|\n|upkeep\n|turn|6\n|\n|t:|1782789037\n|move|p1a: Misdreavus|Draining Kiss|p2a: Pincurchin\n|-end|p2a: Pincurchin|Substitute\n|-heal|p1a: Misdreavus|244/254|[from] drain|[of] p2a: Pincurchin\n|move|p2a: Pincurchin|Zing Zap|p1a: Misdreavus\n|-damage|p1a: Misdreavus|52/254\n|\n|upkeep\n|turn|7\n|\n|t:|1782789041\n|move|p1a: Misdreavus|Will-O-Wisp|p2a: Pincurchin\n|-status|p2a: Pincurchin|brn\n|move|p2a: Pincurchin|Zing Zap|p1a: Misdreavus\n|-damage|p1a: Misdreavus|0 fnt\n|faint|p1a: Misdreavus\n|\n|-damage|p2a: Pincurchin|242/258 brn|[from] brn\n|upkeep\n|\n|t:|1782789050\n|switch|p1a: Skuntank|Skuntank, L84, M|310/310\n|turn|8\n|\n|t:|1782789078\n|move|p1a: Skuntank|Knock Off|p2a: Pincurchin\n|-damage|p2a: Pincurchin|158/258 brn\n|-enditem|p2a: Pincurchin|Leftovers|[from] move: Knock Off|[of] p1a: Skuntank\n|move|p2a: Pincurchin|Zing Zap|p1a: Skuntank\n|-damage|p1a: Skuntank|215/310\n|\n|-damage|p2a: Pincurchin|142/258 brn|[from] brn\n|upkeep\n|turn|9\n|\n|t:|1782789083\n|move|p1a: Skuntank|Gunk Shot|p2a: Pincurchin\n|-damage|p2a: Pincurchin|42/258 brn\n|move|p2a: Pincurchin|Zing Zap|p1a: Skuntank\n|-damage|p1a: Skuntank|109/310\n|\n|-damage|p2a: Pincurchin|26/258 brn|[from] brn\n|-fieldend|move: Electric Terrain\n|upkeep\n|turn|10\n|\n|t:|1782789088\n|move|p1a: Skuntank|Knock Off|p2a: Pincurchin\n|-damage|p2a: Pincurchin|0 fnt\n|faint|p2a: Pincurchin\n|\n|upkeep\n|\n|t:|1782789091\n|switch|p2a: Flygon|Flygon, L82, F|265/265\n|turn|11\n|\n|t:|1782789094\n|move|p1a: Skuntank|Sucker Punch|p2a: Flygon\n|-damage|p2a: Flygon|187/265\n|move|p2a: Flygon|Earthquake|p1a: Skuntank\n|-supereffective|p1a: Skuntank\n|-damage|p1a: Skuntank|0 fnt\n|faint|p1a: Skuntank\n|\n|upkeep\n|\n|t:|1782789101\n|switch|p1a: Electrode|Electrode-Hisui, L87|246/246\n|turn|12\n|\n|t:|1782789104\n|switch|p2a: Cyclizar|Cyclizar, L83, M|180/252 brn\n|move|p1a: Electrode|Giga Drain|p2a: Cyclizar\n|-resisted|p2a: Cyclizar\n|-damage|p2a: Cyclizar|122/252 brn\n|-damage|p1a: Electrode|222/246|[from] item: Life Orb\n|\n|-damage|p2a: Cyclizar|107/252 brn|[from] brn\n|upkeep\n|turn|13\n|\n|t:|1782789110\n|move|p1a: Electrode|Taunt|p2a: Cyclizar\n|-start|p2a: Cyclizar|move: Taunt\n|move|p2a: Cyclizar|Draco Meteor|p1a: Electrode\n|-damage|p1a: Electrode|96/246\n|-unboost|p2a: Cyclizar|spa|2\n|\n|-damage|p2a: Cyclizar|92/252 brn|[from] brn\n|upkeep\n|turn|14\n|\n|t:|1782789120\n|switch|p2a: Flygon|Flygon, L82, F|187/265\n|move|p1a: Electrode|Giga Drain|p2a: Flygon\n|-damage|p2a: Flygon|82/265\n|-heal|p1a: Electrode|149/246|[from] drain|[of] p2a: Flygon\n|-damage|p1a: Electrode|125/246|[from] item: Life Orb\n|\n|upkeep\n|turn|15\n|\n|t:|1782789124\n|move|p2a: Flygon|U-turn|p1a: Electrode\n|-supereffective|p1a: Electrode\n|-damage|p1a: Electrode|23/246\n|\n|t:|1782789126\n|switch|p2a: Cyclizar|Cyclizar, L83, M|176/252 brn|[from] U-turn\n|move|p1a: Electrode|Giga Drain|p2a: Cyclizar\n|-resisted|p2a: Cyclizar\n|-damage|p2a: Cyclizar|118/252 brn\n|-heal|p1a: Electrode|52/246|[from] drain|[of] p2a: Cyclizar\n|-damage|p1a: Electrode|28/246|[from] item: Life Orb\n|\n|-damage|p2a: Cyclizar|103/252 brn|[from] brn\n|upkeep\n|turn|16\n|\n|t:|1782789131\n|move|p1a: Electrode|Thunderbolt|p2a: Cyclizar\n|-resisted|p2a: Cyclizar\n|-damage|p2a: Cyclizar|37/252 brn\n|-damage|p1a: Electrode|4/246|[from] item: Life Orb\n|move|p2a: Cyclizar|Knock Off|p1a: Electrode\n|-damage|p1a: Electrode|0 fnt\n|-damage|p2a: Cyclizar|0 fnt|[from] ability: Aftermath|[of] p1a: Electrode\n|faint|p1a: Electrode\n|faint|p2a: Cyclizar\n|\n|upkeep\n|\n|t:|1782789137\n|switch|p1a: Blissey|Blissey, L85, F|572/572\n|switch|p2a: Flygon|Flygon, L82, F|82/265\n|turn|17\n|\n|t:|1782789143\n|move|p2a: Flygon|Earthquake|p1a: Blissey\n|-damage|p1a: Blissey|254/572\n|move|p1a: Blissey|Seismic Toss|p2a: Flygon\n|-damage|p2a: Flygon|0 fnt\n|faint|p2a: Flygon\n|\n|-heal|p1a: Blissey|289/572|[from] item: Leftovers\n|upkeep\n|\n|t:|1782789148\n|switch|p2a: Ogerpon|Ogerpon-Wellspring, L76, F|247/247\n|turn|18\n|\n|t:|1782789155\n|move|p2a: Ogerpon|Ivy Cudgel|p1a: Blissey|[anim] Ivy Cudgel Water\n|-damage|p1a: Blissey|0 fnt\n|faint|p1a: Blissey\n|\n|upkeep\n|\n|t:|1782789157\n|switch|p1a: Kyogre|Kyogre, L71|259/259\n|-weather|RainDance|[from] ability: Drizzle|[of] p1a: Kyogre\n|turn|19\n|\n|t:|1782789161\n|move|p1a: Kyogre|Thunder|p2a: Ogerpon\n|-damage|p2a: Ogerpon|159/247\n|-status|p2a: Ogerpon|par\n|move|p2a: Ogerpon|Wood Hammer|p1a: Kyogre\n|-supereffective|p1a: Kyogre\n|-damage|p1a: Kyogre|0 fnt\n|faint|p1a: Kyogre\n|-damage|p2a: Ogerpon|74/247 par|[from] Recoil\n|\n|win|wayjoob\n", "inputlog": ">version f8ac14003a5f27e1bdc8d8c59608a773c1cb96e5\n>start {\"formatid\":\"gen9randombattle\",\"seed\":\"sodium,0acb80c2946d014858355ff9d52c2b64\",\"rated\":\"Rated battle\"}\n>player p1 {\"name\":\"whisperwyrm\",\"avatar\":\"1\",\"rating\":2193,\"seed\":\"sodium,83171347c7c7f8bc356b9a3319e3b011\"}\n>player p2 {\"name\":\"wayjoob\",\"avatar\":\"giovanni\",\"rating\":2269,\"seed\":\"sodium,f26df7cb35a5b41c64ccda3e28c13f76\"}\n>p1 switch 2\n>p2 move uturn\n>p2 switch 2\n>p1 move thunderwave\n>p2 move beakblast\n>p1 switch 4\n>p1 move willowisp\n>p2 switch 6\n>p1 move calmmind\n>p2 move knockoff\n>p1 move calmmind\n>p2 move shedtail\n>p2 switch 3\n>p1 move drainingkiss\n>p2 move zingzap\n>p1 move willowisp\n>p2 move zingzap\n>p1 switch 5\n>p1 move knockoff\n>p2 move zingzap\n>p1 move gunkshot\n>p2 move zingzap\n>p1 move knockoff\n>p2 move zingzap\n>p2 switch 2\n>p1 move suckerpunch\n>p2 move earthquake\n>p1 switch 2\n>p1 move gigadrain\n>p2 switch 3\n>p1 move taunt\n>p2 move dracometeor\n>p1 move gigadrain\n>p2 switch 3\n>p1 move gigadrain\n>p2 move uturn\n>p2 switch 3\n>p1 move thunderbolt\n>p2 move knockoff\n>p1 switch 6\n>p2 switch 3\n>p1 move seismictoss\n>p2 move earthquake\n>p2 switch 5\n>p1 move thunderwave\n>p2 move ivycudgel\n>p1 switch 3\n>p1 move thunder\n>p2 move woodhammer", "uploadtime": 1782788924, "views": 3, "formatid": "gen9randombattle", "rating": null, "private": 0, "password": null, "player_dets": [{"name": "whisperwyrm", "avatar": "1", "rating": 2193, "seed": "sodium,83171347c7c7f8bc356b9a3319e3b011"}, {"name": "wayjoob", "avatar": "giovanni", "rating": 2269, "seed": "sodium,f26df7cb35a5b41c64ccda3e28c13f76"}], "teams_full": [{"Electrode": {"name": "Electrode", "species": "Electrode-Hisui", "speciesId": "electrodehisui", "gender": "N", "shiny": false, "level": 87, "moves": ["thunderbolt", "taunt", "voltswitch", "gigadrain"], "ability": "Aftermath", "evs": {"hp": 85, "atk": 0, "def": 85, "spa": 85, "spd": 85, "spe": 85}, "ivs": {"hp": 31, "atk": 0, "def": 31, "spa": 31, "spd": 31, "spe": 31}, "item": "Life Orb", "teraType": "Grass", "role": "Fast Attacker", "bvs": {"hp": 60, "atk": 50, "def": 70, "spa": 80, "spd": 80, "spe": 150}, "stats": {"hp": 246, "atk": 92, "def": 172, "spa": 189, "spd": 189, "spe": 311}, "types": ["Electric", "Grass"]}, "Illumise": {"name": "Illumise", "species": "Illumise", "speciesId": "illumise", "gender": "F", "shiny": false, "level": 91, "moves": ["thunderwave", "roost", "encore", "bugbuzz"], "ability": "Prankster", "evs": {"hp": 85, "atk": 0, "def": 85, "spa": 85, "spd": 85, "spe": 85}, "ivs": {"hp": 31, "atk": 0, "def": 31, "spa": 31, "spd": 31, "spe": 31}, "item": "Heavy-Duty Boots", "teraType": "Steel", "role": "Bulky Support", "bvs": {"hp": 65, "atk": 47, "def": 75, "spa": 73, "spd": 85, "spe": 85}, "stats": {"hp": 266, "atk": 90, "def": 188, "spa": 185, "spd": 207, "spe": 207}, "types": ["Bug"]}, "Kyogre": {"name": "Kyogre", "species": "Kyogre", "speciesId": "kyogre", "gender": "N", "shiny": false, "level": 71, "moves": ["thunder", "icebeam", "waterspout", "originpulse"], "ability": "Drizzle", "evs": {"hp": 85, "atk": 0, "def": 85, "spa": 85, "spd": 85, "spe": 85}, "ivs": {"hp": 31, "atk": 0, "def": 31, "spa": 31, "spd": 31, "spe": 31}, "item": "Choice Scarf", "teraType": "Water", "role": "Fast Attacker", "bvs": {"hp": 100, "atk": 100, "def": 90, "spa": 150, "spd": 140, "spe": 90}, "stats": {"hp": 259, "atk": 147, "def": 169, "spa": 254, "spd": 240, "spe": 169}, "types": ["Water"]}, "Misdreavus": {"name": "Misdreavus", "species": "Misdreavus", "speciesId": "misdreavus", "gender": "F", "shiny": false, "level": 90, "moves": ["calmmind", "drainingkiss", "shadowball", "willowisp"], "ability": "Levitate", "evs": {"hp": 85, "atk": 0, "def": 85, "spa": 85, "spd": 85, "spe": 85}, "ivs": {"hp": 31, "atk": 0, "def": 31, "spa": 31, "spd": 31, "spe": 31}, "item": "Eviolite", "teraType": "Fairy", "role": "Bulky Setup", "bvs": {"hp": 60, "atk": 60, "def": 60, "spa": 85, "spd": 85, "spe": 85}, "stats": {"hp": 254, "atk": 113, "def": 159, "spa": 204, "spd": 204, "spe": 204}, "types": ["Ghost"]}, "Skuntank": {"name": "Skuntank", "species": "Skuntank", "speciesId": "skuntank", "gender": "M", "shiny": false, "level": 84, "moves": ["fireblast", "gunkshot", "knockoff", "suckerpunch"], "ability": "Aftermath", "evs": {"hp": 85, "atk": 85, "def": 85, "spa": 85, "spd": 85, "spe": 85}, "ivs": {"hp": 31, "atk": 31, "def": 31, "spa": 31, "spd": 31, "spe": 31}, "item": "Assault Vest", "teraType": "Poison", "role": "Fast Support", "bvs": {"hp": 103, "atk": 93, "def": 67, "spa": 71, "spd": 61, "spe": 84}, "stats": {"hp": 310, "atk": 204, "def": 161, "spa": 167, "spd": 151, "spe": 189}, "types": ["Poison", "Dark"]}, "Blissey": {"name": "Blissey", "species": "Blissey", "speciesId": "blissey", "gender": "F", "shiny": false, "level": 85, "moves": ["stealthrock", "thunderwave", "softboiled", "seismictoss"], "ability": "Natural Cure", "evs": {"hp": 85, "atk": 0, "def": 85, "spa": 85, "spd": 85, "spe": 85}, "ivs": {"hp": 31, "atk": 0, "def": 31, "spa": 31, "spd": 31, "spe": 31}, "item": "Leftovers", "teraType": "Ghost", "role": "Bulky Support", "bvs": {"hp": 255, "atk": 10, "def": 10, "spa": 75, "spd": 135, "spe": 55}, "stats": {"hp": 572, "atk": 22, "def": 66, "spa": 176, "spd": 278, "spe": 142}, "types": ["Normal"]}}, {"Flygon": {"name": "Flygon", "species": "Flygon", "speciesId": "flygon", "gender": "F", "shiny": false, "level": 82, "moves": ["outrage", "earthquake", "stoneedge", "uturn"], "ability": "Levitate", "evs": {"hp": 85, "atk": 85, "def": 85, "spa": 85, "spd": 85, "spe": 85}, "ivs": {"hp": 31, "atk": 31, "def": 31, "spa": 31, "spd": 31, "spe": 31}, "item": "Choice Scarf", "teraType": "Rock", "role": "Fast Attacker", "bvs": {"hp": 80, "atk": 100, "def": 80, "spa": 80, "spd": 80, "spe": 100}, "stats": {"hp": 265, "atk": 211, "def": 178, "spa": 178, "spd": 178, "spe": 211}, "types": ["Ground", "Dragon"]}, "Toucannon": {"name": "Toucannon", "species": "Toucannon", "speciesId": "toucannon", "gender": "F", "shiny": false, "level": 88, "moves": ["bulletseed", "roost", "beakblast", "boomburst"], "ability": "Skill Link", "evs": {"hp": 85, "atk": 85, "def": 85, "spa": 85, "spd": 85, "spe": 85}, "ivs": {"hp": 31, "atk": 31, "def": 31, "spa": 31, "spd": 31, "spe": 31}, "item": "Heavy-Duty Boots", "teraType": "Steel", "role": "Bulky Support", "bvs": {"hp": 80, "atk": 120, "def": 75, "spa": 75, "spd": 75, "spe": 60}, "stats": {"hp": 284, "atk": 261, "def": 182, "spa": 182, "spd": 182, "spe": 156}, "types": ["Normal", "Flying"]}, "Pincurchin": {"name": "Pincurchin", "species": "Pincurchin", "speciesId": "pincurchin", "gender": "M", "shiny": false, "level": 100, "moves": ["liquidation", "zingzap", "curse", "recover"], "ability": "Electric Surge", "evs": {"hp": 85, "atk": 85, "def": 85, "spa": 85, "spd": 85, "spe": 85}, "ivs": {"hp": 31, "atk": 31, "def": 31, "spa": 31, "spd": 31, "spe": 31}, "item": "Leftovers", "teraType": "Water", "role": "Bulky Setup", "bvs": {"hp": 48, "atk": 101, "def": 95, "spa": 91, "spd": 85, "spe": 15}, "stats": {"hp": 258, "atk": 259, "def": 247, "spa": 239, "spd": 227, "spe": 87}, "types": ["Electric"]}, "Jolteon": {"name": "Jolteon", "species": "Jolteon", "speciesId": "jolteon", "gender": "M", "shiny": false, "level": 84, "moves": ["calmmind", "thunderbolt", "alluringvoice", "shadowball"], "ability": "Volt Absorb", "evs": {"hp": 85, "atk": 0, "def": 85, "spa": 85, "spd": 85, "spe": 85}, "ivs": {"hp": 31, "atk": 0, "def": 31, "spa": 31, "spd": 31, "spe": 31}, "item": "Life Orb", "teraType": "Electric", "role": "Fast Attacker", "bvs": {"hp": 65, "atk": 65, "def": 60, "spa": 110, "spd": 95, "spe": 130}, "stats": {"hp": 246, "atk": 114, "def": 149, "spa": 233, "spd": 208, "spe": 267}, "types": ["Electric"]}, "Ogerpon": {"name": "Ogerpon", "species": "Ogerpon-Wellspring", "speciesId": "ogerponwellspring", "gender": "F", "shiny": false, "level": 76, "moves": ["uturn", "ivycudgel", "synthesis", "woodhammer"], "ability": "Water Absorb", "evs": {"hp": 85, "atk": 85, "def": 85, "spa": 85, "spd": 85, "spe": 85}, "ivs": {"hp": 31, "atk": 31, "def": 31, "spa": 31, "spd": 31, "spe": 31}, "item": "Wellspring Mask", "teraType": "Water", "role": "Bulky Attacker", "bvs": {"hp": 80, "atk": 120, "def": 84, "spa": 60, "spd": 96, "spe": 110}, "stats": {"hp": 247, "atk": 226, "def": 172, "spa": 135, "spd": 190, "spe": 211}, "types": ["Grass", "Water"]}, "Cyclizar": {"name": "Cyclizar", "species": "Cyclizar", "speciesId": "cyclizar", "gender": "M", "shiny": false, "level": 83, "moves": ["rapidspin", "dracometeor", "shedtail", "knockoff"], "ability": "Regenerator", "evs": {"hp": 85, "atk": 85, "def": 85, "spa": 85, "spd": 85, "spe": 85}, "ivs": {"hp": 31, "atk": 31, "def": 31, "spa": 31, "spd": 31, "spe": 31}, "item": "Heavy-Duty Boots", "teraType": "Steel", "role": "Fast Support", "bvs": {"hp": 70, "atk": 95, "def": 65, "spa": 85, "spd": 65, "spe": 121}, "stats": {"hp": 252, "atk": 205, "def": 156, "spa": 189, "spd": 156, "spe": 249}, "types": ["Dragon", "Normal"]}}]}