{"id": "gen9randombattle-2641604624", "format": "[Gen 9] Random Battle", "players": ["lazatron", "gothampaladin"], "log": "|j|\u2606lazatron\n|j|\u2606gothampaladin\n|t:|1782817210\n|gametype|singles\n|player|p1|lazatron|170|2242\n|player|p2|gothampaladin|flannery|2255\n|gen|9\n|tier|[Gen 9] Random Battle\n|rated|\n|rule|Species Clause: Limit one of each Pok\u00e9mon\n|rule|HP Percentage Mod: HP is shown in percentages\n|rule|Sleep Clause Mod: Limit one foe put to sleep\n|rule|Illusion Level Mod: Illusion disguises the Pok\u00e9mon's true level\n|\n|t:|1782817210\n|teamsize|p1|6\n|teamsize|p2|6\n|start\n|switch|p1a: Golurk|Golurk, L87|297/297\n|switch|p2a: Golduck|Golduck, L90, M|290/290\n|-ability|p2a: Golduck|Cloud Nine\n|turn|1\n|\n|t:|1782817218\n|switch|p1a: Tentacruel|Tentacruel, L84, M|272/272\n|move|p2a: Golduck|Hydro Pump|p1a: Tentacruel\n|-resisted|p1a: Tentacruel\n|-damage|p1a: Tentacruel|229/272\n|-damage|p2a: Golduck|261/290|[from] item: Life Orb\n|\n|upkeep\n|turn|2\n|inactive|Battle timer is ON: inactive players will automatically lose when time's up. (requested by gothampaladin)\n|\n|t:|1782817225\n|switch|p2a: Oinkologne|Oinkologne, L92, M|352/352\n|move|p1a: Tentacruel|Knock Off|p2a: Oinkologne\n|-damage|p2a: Oinkologne|295/352\n|-enditem|p2a: Oinkologne|Leftovers|[from] move: Knock Off|[of] p1a: Tentacruel\n|\n|upkeep\n|turn|3\n|\n|t:|1782817232\n|switch|p1a: Landorus|Landorus-Therian, L76, M|260/260\n|-ability|p1a: Landorus|Intimidate|boost\n|-unboost|p2a: Oinkologne|atk|1\n|move|p2a: Oinkologne|High Horsepower|p1a: Landorus\n|-immune|p1a: Landorus\n|\n|upkeep\n|turn|4\n|\n|t:|1782817239\n|switch|p2a: Sunflora|Sunflora, F|312/312\n|move|p1a: Landorus|Earthquake|p2a: Sunflora\n|-resisted|p2a: Sunflora\n|-damage|p2a: Sunflora|240/312\n|\n|upkeep\n|turn|5\n|\n|t:|1782817245\n|move|p1a: Landorus|U-turn|p2a: Sunflora\n|-supereffective|p2a: Sunflora\n|-damage|p2a: Sunflora|102/312\n|\n|t:|1782817247\n|switch|p1a: Venusaur|Venusaur, L84, F|272/272|[from] U-turn\n|move|p2a: Sunflora|Leaf Storm|p1a: Venusaur\n|-resisted|p1a: Venusaur\n|-damage|p1a: Venusaur|201/272\n|-unboost|p2a: Sunflora|spa|2\n|\n|-heal|p1a: Venusaur|218/272|[from] item: Leftovers\n|upkeep\n|turn|6\n|\n|t:|1782817254\n|switch|p2a: Infernape|Infernape, L82, F|259/259\n|move|p1a: Venusaur|Sludge Bomb|p2a: Infernape\n|-damage|p2a: Infernape|133/259\n|\n|-heal|p1a: Venusaur|235/272|[from] item: Leftovers\n|upkeep\n|turn|7\n|\n|t:|1782817268\n|switch|p1a: Landorus|Landorus-Therian, L76, M|260/260\n|-ability|p1a: Landorus|Intimidate|boost\n|-unboost|p2a: Infernape|atk|1\n|move|p2a: Infernape|Overheat|p1a: Landorus\n|-damage|p1a: Landorus|30/260\n|-unboost|p2a: Infernape|spa|2\n|-damage|p2a: Infernape|108/259|[from] item: Life Orb\n|\n|-heal|p1a: Landorus|46/260|[from] item: Leftovers\n|upkeep\n|turn|8\n|\n|t:|1782817275\n|move|p2a: Infernape|Close Combat|p1a: Landorus\n|-resisted|p1a: Landorus\n|-damage|p1a: Landorus|0 fnt\n|-unboost|p2a: Infernape|def|1\n|-unboost|p2a: Infernape|spd|1\n|faint|p1a: Landorus\n|-damage|p2a: Infernape|83/259|[from] item: Life Orb\n|\n|upkeep\n|\n|t:|1782817278\n|switch|p1a: Conkeldurr|Conkeldurr, L80, F|299/299\n|turn|9\n|\n|t:|1782817284\n|switch|p2a: Sunflora|Sunflora, F|102/312\n|move|p1a: Conkeldurr|Mach Punch|p2a: Sunflora\n|-damage|p2a: Sunflora|35/312\n|\n|-status|p1a: Conkeldurr|brn|[from] item: Flame Orb\n|upkeep\n|turn|10\n|\n|t:|1782817288\n|move|p1a: Conkeldurr|Knock Off|p2a: Sunflora\n|-damage|p2a: Sunflora|0 fnt\n|-enditem|p2a: Sunflora|Choice Specs|[from] move: Knock Off|[of] p1a: Conkeldurr\n|faint|p2a: Sunflora\n|\n|-damage|p1a: Conkeldurr|281/299 brn|[from] brn\n|upkeep\n|\n|t:|1782817300\n|switch|p2a: Golduck|Golduck, L90, M|261/290\n|-ability|p2a: Golduck|Cloud Nine\n|turn|11\n|\n|t:|1782817304\n|switch|p1a: Tentacruel|Tentacruel, L84, M|229/272\n|move|p2a: Golduck|Hydro Pump|p1a: Tentacruel\n|-resisted|p1a: Tentacruel\n|-damage|p1a: Tentacruel|181/272\n|-damage|p2a: Golduck|232/290|[from] item: Life Orb\n|\n|upkeep\n|turn|12\n|\n|t:|1782817313\n|move|p1a: Tentacruel|Sludge Bomb|p2a: Golduck\n|-damage|p2a: Golduck|148/290\n|move|p2a: Golduck|Nasty Plot|p2a: Golduck\n|-boost|p2a: Golduck|spa|2\n|\n|upkeep\n|turn|13\n|\n|t:|1782817317\n|move|p1a: Tentacruel|Sludge Bomb|p2a: Golduck\n|-damage|p2a: Golduck|58/290\n|-status|p2a: Golduck|psn\n|move|p2a: Golduck|Grass Knot|p1a: Tentacruel\n|-damage|p1a: Tentacruel|100/272\n|-damage|p2a: Golduck|29/290 psn|[from] item: Life Orb\n|\n|-damage|p2a: Golduck|0 fnt|[from] psn\n|faint|p2a: Golduck\n|upkeep\n|\n|t:|1782817329\n|switch|p2a: Infernape|Infernape, L82, F|83/259\n|turn|14\n|\n|t:|1782817332\n|move|p2a: Infernape|Close Combat|p1a: Tentacruel\n|-resisted|p1a: Tentacruel\n|-damage|p1a: Tentacruel|0 fnt\n|-unboost|p2a: Infernape|def|1\n|-unboost|p2a: Infernape|spd|1\n|faint|p1a: Tentacruel\n|-damage|p2a: Infernape|58/259|[from] item: Life Orb\n|\n|upkeep\n|\n|t:|1782817341\n|switch|p1a: Conkeldurr|Conkeldurr, L80, F|281/299 brn\n|turn|15\n|\n|t:|1782817343\n|move|p2a: Infernape|Mach Punch|p1a: Conkeldurr\n|-damage|p1a: Conkeldurr|230/299 brn\n|-damage|p2a: Infernape|33/259|[from] item: Life Orb\n|move|p1a: Conkeldurr|Mach Punch|p2a: Infernape\n|-damage|p2a: Infernape|0 fnt\n|faint|p2a: Infernape\n|\n|-damage|p1a: Conkeldurr|212/299 brn|[from] brn\n|upkeep\n|\n|t:|1782817360\n|switch|p2a: Sceptile|Sceptile, L87, F|264/264\n|turn|16\n|\n|t:|1782817364\n|switch|p1a: Venusaur|Venusaur, L84, F|235/272\n|move|p2a: Sceptile|Leaf Storm|p1a: Venusaur\n|-resisted|p1a: Venusaur\n|-damage|p1a: Venusaur|187/272\n|-unboost|p2a: Sceptile|spa|2\n|-damage|p2a: Sceptile|238/264|[from] item: Life Orb\n|\n|-heal|p1a: Venusaur|204/272|[from] item: Leftovers\n|upkeep\n|turn|17\n|\n|t:|1782817370\n|switch|p2a: Oinkologne|Oinkologne, L92, M|295/352\n|move|p1a: Venusaur|Sludge Bomb|p2a: Oinkologne\n|-damage|p2a: Oinkologne|195/352\n|\n|-heal|p1a: Venusaur|221/272|[from] item: Leftovers\n|upkeep\n|turn|18\n|\n|t:|1782817375\n|switch|p1a: Golurk|Golurk, L87|297/297\n|move|p2a: Oinkologne|Double-Edge|p1a: Golurk\n|-immune|p1a: Golurk\n|\n|upkeep\n|turn|19\n|\n|t:|1782817380\n|move|p2a: Oinkologne|Lash Out|p1a: Golurk\n|-supereffective|p1a: Golurk\n|-damage|p1a: Golurk|173/297\n|move|p1a: Golurk|Earthquake|p2a: Oinkologne\n|-damage|p2a: Oinkologne|0 fnt\n|faint|p2a: Oinkologne\n|-damage|p1a: Golurk|144/297|[from] item: Life Orb\n|\n|upkeep\n|\n|t:|1782817388\n|switch|p2a: Sceptile|Sceptile, L87, F|238/264\n|turn|20\n|\n|t:|1782817391\n|move|p2a: Sceptile|Leaf Storm|p1a: Golurk\n|-supereffective|p1a: Golurk\n|-damage|p1a: Golurk|0 fnt\n|-unboost|p2a: Sceptile|spa|2\n|faint|p1a: Golurk\n|-damage|p2a: Sceptile|212/264|[from] item: Life Orb\n|\n|upkeep\n|\n|t:|1782817393\n|switch|p1a: Venusaur|Venusaur, L84, F|221/272\n|turn|21\n|\n|t:|1782817400\n|move|p2a: Sceptile|Rock Slide|p1a: Venusaur\n|-damage|p1a: Venusaur|152/272\n|-damage|p2a: Sceptile|186/264|[from] item: Life Orb\n|cant|p1a: Venusaur|flinch\n|\n|-heal|p1a: Venusaur|169/272|[from] item: Leftovers\n|upkeep\n|turn|22\n|\n|t:|1782817404\n|move|p2a: Sceptile|Rock Slide|p1a: Venusaur\n|-damage|p1a: Venusaur|99/272\n|-damage|p2a: Sceptile|160/264|[from] item: Life Orb\n|cant|p1a: Venusaur|flinch\n|\n|-heal|p1a: Venusaur|116/272|[from] item: Leftovers\n|upkeep\n|turn|23\n|\n|t:|1782817407\n|move|p2a: Sceptile|Rock Slide|p1a: Venusaur\n|-damage|p1a: Venusaur|52/272\n|-damage|p2a: Sceptile|134/264|[from] item: Life Orb\n|move|p1a: Venusaur|Sludge Bomb|p2a: Sceptile\n|-supereffective|p2a: Sceptile\n|-damage|p2a: Sceptile|0 fnt\n|faint|p2a: Sceptile\n|\n|-heal|p1a: Venusaur|69/272|[from] item: Leftovers\n|upkeep\n|\n|t:|1782817410\n|switch|p2a: Electivire|Electivire, L84, F|263/263\n|turn|24\n|\n|t:|1782817415\n|move|p2a: Electivire|Ice Punch|p1a: Venusaur\n|-supereffective|p1a: Venusaur\n|-damage|p1a: Venusaur|0 fnt\n|faint|p1a: Venusaur\n|-damage|p2a: Electivire|237/263|[from] item: Life Orb\n|\n|upkeep\n|\n|t:|1782817417\n|switch|p1a: Conkeldurr|Conkeldurr, L80, F|212/299 brn\n|turn|25\n|\n|t:|1782817420\n|move|p2a: Electivire|Supercell Slam|p1a: Conkeldurr\n|-damage|p1a: Conkeldurr|56/299 brn\n|-damage|p2a: Electivire|211/263|[from] item: Life Orb\n|move|p1a: Conkeldurr|Close Combat|p2a: Electivire\n|-damage|p2a: Electivire|0 fnt\n|-unboost|p1a: Conkeldurr|def|1\n|-unboost|p1a: Conkeldurr|spd|1\n|faint|p2a: Electivire\n|\n|win|lazatron\n", "inputlog": ">version f8ac14003a5f27e1bdc8d8c59608a773c1cb96e5\n>start {\"formatid\":\"gen9randombattle\",\"seed\":\"sodium,bf910150b259effa2d4ea57c1c6aaad6\",\"rated\":\"Rated battle\"}\n>player p1 {\"name\":\"lazatron\",\"avatar\":\"170\",\"rating\":2242,\"seed\":\"sodium,4d7fd45516c3510b9ab1810a8cde7b47\"}\n>player p2 {\"name\":\"gothampaladin\",\"avatar\":\"flannery\",\"rating\":2255,\"seed\":\"sodium,612d9f9971afc1837ebd3e1cc7ee67ed\"}\n>p1 switch 6\n>p2 move hydropump\n>p1 move knockoff\n>p2 switch 2\n>p1 switch 2\n>p2 move highhorsepower\n>p1 move earthquake\n>p2 switch 5\n>p1 move uturn\n>p2 move leafstorm\n>p1 switch 3\n>p1 move sludgebomb\n>p2 switch 4\n>p1 switch 3\n>p2 move overheat\n>p1 move earthquake\n>p2 move closecombat\n>p1 switch 5\n>p1 move machpunch\n>p2 switch 4\n>p1 move knockoff\n>p2 move sludgebomb\n>p2 switch 2\n>p1 switch 2\n>p2 move hydropump\n>p1 move sludgebomb\n>p2 move nastyplot\n>p1 move sludgebomb\n>p2 move grassknot\n>p2 switch 4\n>p1 move sludgebomb\n>p2 move closecombat\n>p1 switch 2\n>p1 move machpunch\n>p2 move machpunch\n>p2 switch 3\n>p1 switch 3\n>p2 move leafstorm\n>p1 move sludgebomb\n>p2 switch 5\n>p1 switch 6\n>p2 move doubleedge\n>p1 move earthquake\n>p2 move lashout\n>p2 switch 5\n>p1 move poltergeist\n>p2 move leafstorm\n>p1 switch 6\n>p1 move substitute\n>p2 move rockslide\n>p1 move sludgebomb\n>p2 move rockslide\n>p1 move sludgebomb\n>p2 move rockslide\n>p2 switch 6\n>p1 move leechseed\n>p2 move icepunch\n>p1 switch 3\n>p1 move closecombat\n>p2 move supercellslam", "uploadtime": 1782817212, "views": 3, "formatid": "gen9randombattle", "rating": null, "private": 0, "password": null, "player_dets": [{"name": "lazatron", "avatar": "170", "rating": 2242, "seed": "sodium,4d7fd45516c3510b9ab1810a8cde7b47"}, {"name": "gothampaladin", "avatar": "flannery", "rating": 2255, "seed": "sodium,612d9f9971afc1837ebd3e1cc7ee67ed"}], "teams_full": [{"Golurk": {"name": "Golurk", "species": "Golurk", "speciesId": "golurk", "gender": "N", "shiny": false, "level": 87, "moves": ["stealthrock", "stoneedge", "earthquake", "poltergeist"], "ability": "No Guard", "evs": {"hp": 85, "atk": 85, "def": 85, "spa": 85, "spd": 85, "spe": 85}, "ivs": {"hp": 31, "atk": 31, "def": 31, "spa": 31, "spd": 31, "spe": 31}, "item": "Life Orb", "teraType": "Ghost", "role": "Wallbreaker", "bvs": {"hp": 89, "atk": 124, "def": 80, "spa": 55, "spd": 80, "spe": 55}, "stats": {"hp": 297, "atk": 266, "def": 189, "spa": 145, "spd": 189, "spe": 145}, "types": ["Ground", "Ghost"]}, "Landorus": {"name": "Landorus", "species": "Landorus-Therian", "speciesId": "landorustherian", "gender": "M", "shiny": false, "level": 76, "moves": ["taunt", "uturn", "stoneedge", "earthquake"], "ability": "Intimidate", "evs": {"hp": 85, "atk": 85, "def": 85, "spa": 85, "spd": 85, "spe": 85}, "ivs": {"hp": 31, "atk": 31, "def": 31, "spa": 31, "spd": 31, "spe": 31}, "item": "Leftovers", "teraType": "Water", "role": "Bulky Support", "bvs": {"hp": 89, "atk": 145, "def": 90, "spa": 105, "spd": 80, "spe": 91}, "stats": {"hp": 260, "atk": 264, "def": 181, "spa": 204, "spd": 166, "spe": 182}, "types": ["Ground", "Flying"]}, "Venusaur": {"name": "Venusaur", "species": "Venusaur", "speciesId": "venusaur", "gender": "F", "shiny": false, "level": 84, "moves": ["sludgebomb", "leechseed", "sleeppowder", "substitute"], "ability": "Chlorophyll", "evs": {"hp": 85, "atk": 0, "def": 85, "spa": 85, "spd": 85, "spe": 85}, "ivs": {"hp": 31, "atk": 0, "def": 31, "spa": 31, "spd": 31, "spe": 31}, "item": "Leftovers", "teraType": "Water", "role": "Bulky Support", "bvs": {"hp": 80, "atk": 82, "def": 83, "spa": 100, "spd": 100, "spe": 80}, "stats": {"hp": 272, "atk": 142, "def": 188, "spa": 216, "spd": 216, "spe": 183}, "types": ["Grass", "Poison"]}, "Chi-Yu": {"name": "Chi-Yu", "species": "Chi-Yu", "speciesId": "chiyu", "gender": "N", "shiny": false, "level": 77, "moves": ["flamethrower", "psychic", "darkpulse", "overheat"], "ability": "Beads of Ruin", "evs": {"hp": 85, "atk": 0, "def": 85, "spa": 85, "spd": 85, "spe": 85}, "ivs": {"hp": 31, "atk": 0, "def": 31, "spa": 31, "spd": 31, "spe": 31}, "item": "Choice Scarf", "teraType": "Fire", "role": "Fast Attacker", "bvs": {"hp": 55, "atk": 80, "def": 80, "spa": 135, "spd": 120, "spe": 100}, "stats": {"hp": 211, "atk": 128, "def": 168, "spa": 252, "spd": 229, "spe": 199}, "types": ["Dark", "Fire"]}, "Conkeldurr": {"name": "Conkeldurr", "species": "Conkeldurr", "speciesId": "conkeldurr", "gender": "F", "shiny": false, "level": 80, "moves": ["closecombat", "knockoff", "machpunch", "facade"], "ability": "Guts", "evs": {"hp": 85, "atk": 85, "def": 85, "spa": 85, "spd": 85, "spe": 85}, "ivs": {"hp": 31, "atk": 31, "def": 31, "spa": 31, "spd": 31, "spe": 31}, "item": "Flame Orb", "teraType": "Normal", "role": "Wallbreaker", "bvs": {"hp": 105, "atk": 140, "def": 95, "spa": 55, "spd": 65, "spe": 45}, "stats": {"hp": 299, "atk": 270, "def": 198, "spa": 134, "spd": 150, "spe": 118}, "types": ["Fighting"]}, "Tentacruel": {"name": "Tentacruel", "species": "Tentacruel", "speciesId": "tentacruel", "gender": "M", "shiny": false, "level": 84, "moves": ["surf", "knockoff", "sludgebomb", "rapidspin"], "ability": "Liquid Ooze", "evs": {"hp": 85, "atk": 85, "def": 85, "spa": 85, "spd": 85, "spe": 85}, "ivs": {"hp": 31, "atk": 31, "def": 31, "spa": 31, "spd": 31, "spe": 31}, "item": "Assault Vest", "teraType": "Grass", "role": "Bulky Support", "bvs": {"hp": 80, "atk": 70, "def": 65, "spa": 80, "spd": 120, "spe": 100}, "stats": {"hp": 272, "atk": 166, "def": 157, "spa": 183, "spd": 250, "spe": 216}, "types": ["Water", "Poison"]}}, {"Golduck": {"name": "Golduck", "species": "Golduck", "speciesId": "golduck", "gender": "M", "shiny": false, "level": 90, "moves": ["grassknot", "nastyplot", "hydropump", "icebeam"], "ability": "Cloud Nine", "evs": {"hp": 85, "atk": 0, "def": 85, "spa": 85, "spd": 85, "spe": 85}, "ivs": {"hp": 31, "atk": 0, "def": 31, "spa": 31, "spd": 31, "spe": 31}, "item": "Life Orb", "teraType": "Water", "role": "Fast Attacker", "bvs": {"hp": 80, "atk": 82, "def": 78, "spa": 95, "spd": 80, "spe": 85}, "stats": {"hp": 290, "atk": 152, "def": 192, "spa": 222, "spd": 195, "spe": 204}, "types": ["Water"]}, "Oinkologne": {"name": "Oinkologne", "species": "Oinkologne", "speciesId": "oinkologne", "gender": "M", "shiny": false, "level": 92, "moves": ["lashout", "curse", "doubleedge", "highhorsepower"], "ability": "Thick Fat", "evs": {"hp": 85, "atk": 85, "def": 85, "spa": 85, "spd": 85, "spe": 85}, "ivs": {"hp": 31, "atk": 31, "def": 31, "spa": 31, "spd": 31, "spe": 31}, "item": "Leftovers", "teraType": "Ground", "role": "Bulky Setup", "bvs": {"hp": 110, "atk": 100, "def": 75, "spa": 59, "spd": 80, "spe": 65}, "stats": {"hp": 352, "atk": 236, "def": 190, "spa": 161, "spd": 200, "spe": 172}, "types": ["Normal"]}, "Sceptile": {"name": "Sceptile", "species": "Sceptile", "speciesId": "sceptile", "gender": "F", "shiny": false, "level": 87, "moves": ["rockslide", "focusblast", "earthquake", "leafstorm"], "ability": "Overgrow", "evs": {"hp": 85, "atk": 85, "def": 85, "spa": 85, "spd": 85, "spe": 85}, "ivs": {"hp": 31, "atk": 31, "def": 31, "spa": 31, "spd": 31, "spe": 31}, "item": "Life Orb", "teraType": "Steel", "role": "Fast Attacker", "bvs": {"hp": 70, "atk": 85, "def": 65, "spa": 105, "spd": 85, "spe": 120}, "stats": {"hp": 264, "atk": 198, "def": 163, "spa": 232, "spd": 198, "spe": 259}, "types": ["Grass"]}, "Infernape": {"name": "Infernape", "species": "Infernape", "speciesId": "infernape", "gender": "F", "shiny": false, "level": 82, "moves": ["closecombat", "grassknot", "machpunch", "overheat"], "ability": "Blaze", "evs": {"hp": 85, "atk": 85, "def": 85, "spa": 85, "spd": 85, "spe": 85}, "ivs": {"hp": 31, "atk": 31, "def": 31, "spa": 31, "spd": 31, "spe": 31}, "item": "Life Orb", "teraType": "Fighting", "role": "Fast Attacker", "bvs": {"hp": 76, "atk": 104, "def": 71, "spa": 104, "spd": 71, "spe": 108}, "stats": {"hp": 259, "atk": 218, "def": 164, "spa": 218, "spd": 164, "spe": 224}, "types": ["Fire", "Fighting"]}, "Sunflora": {"name": "Sunflora", "species": "Sunflora", "speciesId": "sunflora", "gender": "F", "shiny": false, "level": 100, "moves": ["sludgebomb", "earthpower", "leafstorm", "dazzlinggleam"], "ability": "Chlorophyll", "evs": {"hp": 85, "atk": 0, "def": 85, "spa": 85, "spd": 85, "spe": 85}, "ivs": {"hp": 31, "atk": 0, "def": 31, "spa": 31, "spd": 31, "spe": 31}, "item": "Choice Specs", "teraType": "Ground", "role": "Wallbreaker", "bvs": {"hp": 75, "atk": 75, "def": 55, "spa": 105, "spd": 85, "spe": 30}, "stats": {"hp": 312, "atk": 155, "def": 167, "spa": 267, "spd": 227, "spe": 117}, "types": ["Grass"]}, "Electivire": {"name": "Electivire", "species": "Electivire", "speciesId": "electivire", "gender": "F", "shiny": false, "level": 84, "moves": ["supercellslam", "icepunch", "flamethrower", "earthquake"], "ability": "Motor Drive", "evs": {"hp": 85, "atk": 85, "def": 85, "spa": 85, "spd": 85, "spe": 85}, "ivs": {"hp": 31, "atk": 31, "def": 31, "spa": 31, "spd": 31, "spe": 31}, "item": "Life Orb", "teraType": "Ice", "role": "Fast Attacker", "bvs": {"hp": 75, "atk": 123, "def": 67, "spa": 95, "spd": 85, "spe": 95}, "stats": {"hp": 263, "atk": 255, "def": 161, "spa": 208, "spd": 191, "spe": 208}, "types": ["Electric"]}}]}