{"id": "gen9randombattle-2641148692", "format": "[Gen 9] Random Battle", "players": ["where they go", "hong hoornstaart"], "log": "|badge|p2|bronze|gen9randombattle|100-9\n|html|<div class=\"broadcast-red\"><strong>This battle is required to be public due to one or more player having a season medal.</strong><br />During the public phase, you can discuss the state of the ladder <a href=\"/seasondiscussion\">in a special chatroom.</a></div>\n|uhtml|medal-msg|<div class=\"broadcast-blue\">Curious what those medals under the avatar are? PS now has Ladder Seasons! For more information, check out the <a href=\"https://www.smogon.com/forums/threads/3740067/\">thread on Smogon.</a></div>\n|raw|<div class=\"broadcast-blue\"><strong>This battle is required to be public due to a player having a name starting with 'medal'.</div>\n|j|\u2606where they go\n|j|\u2606hong hoornstaart\n|t:|1782746522\n|gametype|singles\n|player|p1|where they go|unknown|2270\n|player|p2|hong hoornstaart|101|2317\n|gen|9\n|tier|[Gen 9] Random Battle\n|rated|\n|rule|Species Clause: Limit one of each Pok\u00e9mon\n|rule|HP Percentage Mod: HP is shown in percentages\n|rule|Sleep Clause Mod: Limit one foe put to sleep\n|rule|Illusion Level Mod: Illusion disguises the Pok\u00e9mon's true level\n|\n|t:|1782746522\n|teamsize|p1|6\n|teamsize|p2|6\n|start\n|switch|p1a: Jolteon|Jolteon, L84, M|246/246\n|switch|p2a: Cryogonal|Cryogonal, L89|287/287\n|turn|1\n|\n|t:|1782746541\n|switch|p1a: Luxray|Luxray, L88, F|284/284\n|-ability|p1a: Luxray|Intimidate|boost\n|-unboost|p2a: Cryogonal|atk|1\n|move|p2a: Cryogonal|Ice Beam|p1a: Luxray\n|-damage|p1a: Luxray|214/284\n|\n|upkeep\n|turn|2\n|\n|t:|1782746549\n|move|p2a: Cryogonal|Ice Beam|p1a: Luxray\n|-damage|p1a: Luxray|142/284\n|move|p1a: Luxray|Volt Switch|p2a: Cryogonal\n|-damage|p2a: Cryogonal|232/287\n|\n|t:|1782746558\n|switch|p1a: Floatzel|Floatzel, L86, M|286/286|[from] Volt Switch\n|\n|upkeep\n|turn|3\n|\n|t:|1782746577\n|move|p1a: Floatzel|Wave Crash|p2a: Cryogonal\n|-damage|p2a: Cryogonal|0 fnt\n|faint|p2a: Cryogonal\n|-damage|p1a: Floatzel|209/286|[from] Recoil\n|\n|upkeep\n|\n|t:|1782746588\n|switch|p2a: Passimian|Passimian, L83, F|302/302\n|turn|4\n|\n|t:|1782746633\n|switch|p1a: Arceus|Arceus-Grass, L73|296/296\n|move|p2a: Passimian|Knock Off|p1a: Arceus\n|-damage|p1a: Arceus|225/296\n|\n|upkeep\n|turn|5\n|\n|t:|1782746642\n|switch|p2a: Lokix|Lokix, L82, F|251/251\n|move|p1a: Arceus|Calm Mind|p1a: Arceus\n|-boost|p1a: Arceus|spa|1\n|-boost|p1a: Arceus|spd|1\n|\n|upkeep\n|turn|6\n|\n|t:|1782746659\n|-terastallize|p1a: Arceus|Fire\n|move|p2a: Lokix|First Impression|p1a: Arceus\n|-resisted|p1a: Arceus\n|-damage|p1a: Arceus|116/296\n|-damage|p2a: Lokix|226/251|[from] item: Life Orb\n|move|p1a: Arceus|Recover|p1a: Arceus\n|-heal|p1a: Arceus|264/296\n|\n|upkeep\n|turn|7\n|\n|t:|1782746675\n|switch|p2a: Iron Thorns|Iron Thorns, L83|302/302\n|-enditem|p2a: Iron Thorns|Booster Energy\n|-activate|p2a: Iron Thorns|ability: Quark Drive|[fromitem]\n|-start|p2a: Iron Thorns|quarkdriveatk\n|move|p1a: Arceus|Fire Blast|p2a: Iron Thorns\n|-resisted|p2a: Iron Thorns\n|-damage|p2a: Iron Thorns|215/302\n|\n|upkeep\n|turn|8\n|\n|t:|1782746684\n|-terastallize|p2a: Iron Thorns|Grass\n|move|p1a: Arceus|Judgment|p2a: Iron Thorns\n|-resisted|p2a: Iron Thorns\n|-damage|p2a: Iron Thorns|130/302\n|move|p2a: Iron Thorns|Dragon Dance|p2a: Iron Thorns\n|-boost|p2a: Iron Thorns|atk|1\n|-boost|p2a: Iron Thorns|spe|1\n|\n|upkeep\n|turn|9\n|\n|t:|1782746700\n|switch|p1a: Luxray|Luxray, L88, F|142/284\n|-ability|p1a: Luxray|Intimidate|boost\n|-unboost|p2a: Iron Thorns|atk|1\n|move|p2a: Iron Thorns|Dragon Dance|p2a: Iron Thorns\n|-boost|p2a: Iron Thorns|atk|1\n|-boost|p2a: Iron Thorns|spe|1\n|\n|upkeep\n|turn|10\n|\n|t:|1782746708\n|move|p2a: Iron Thorns|Stone Edge|p1a: Luxray\n|-damage|p1a: Luxray|0 fnt\n|faint|p1a: Luxray\n|\n|upkeep\n|\n|t:|1782746714\n|switch|p1a: Darkrai|Darkrai, L77|234/234\n|turn|11\n|\n|t:|1782746718\n|move|p2a: Iron Thorns|Stone Edge|p1a: Darkrai|[miss]\n|-miss|p2a: Iron Thorns|p1a: Darkrai\n|move|p1a: Darkrai|Sludge Bomb|p2a: Iron Thorns\n|-supereffective|p2a: Iron Thorns\n|-damage|p2a: Iron Thorns|0 fnt\n|faint|p2a: Iron Thorns\n|-end|p2a: Iron Thorns|Quark Drive|[silent]\n|\n|upkeep\n|\n|t:|1782746741\n|switch|p2a: Passimian|Passimian, L83, F|302/302\n|turn|12\n|\n|t:|1782746772\n|move|p1a: Darkrai|Sludge Bomb|p2a: Passimian\n|-damage|p2a: Passimian|210/302\n|-status|p2a: Passimian|psn\n|move|p2a: Passimian|Close Combat|p1a: Darkrai\n|-supereffective|p1a: Darkrai\n|-damage|p1a: Darkrai|0 fnt\n|-unboost|p2a: Passimian|def|1\n|-unboost|p2a: Passimian|spd|1\n|faint|p1a: Darkrai\n|\n|-damage|p2a: Passimian|173/302 psn|[from] psn\n|upkeep\n|\n|t:|1782746784\n|switch|p1a: Floatzel|Floatzel, L86, M|209/286\n|turn|13\n|\n|t:|1782746794\n|move|p1a: Floatzel|Wave Crash|p2a: Passimian\n|-crit|p2a: Passimian\n|-damage|p2a: Passimian|0 fnt\n|faint|p2a: Passimian\n|-damage|p1a: Floatzel|152/286|[from] Recoil\n|\n|upkeep\n|\n|t:|1782746800\n|switch|p2a: Lokix|Lokix, L82, F|226/251\n|turn|14\n|inactive|Battle timer is ON: inactive players will automatically lose when time's up. (requested by where they go)\n|\n|t:|1782746856\n|switch|p1a: Arceus|Arceus-Grass, L73, tera:Fire|264/296\n|switch|p2a: Misdreavus|Misdreavus, L90, M|254/254\n|\n|upkeep\n|turn|15\n|\n|t:|1782746881\n|move|p1a: Arceus|Calm Mind|p1a: Arceus\n|-boost|p1a: Arceus|spa|1\n|-boost|p1a: Arceus|spd|1\n|move|p2a: Misdreavus|Calm Mind|p2a: Misdreavus\n|-boost|p2a: Misdreavus|spa|1\n|-boost|p2a: Misdreavus|spd|1\n|\n|upkeep\n|turn|16\n|\n|t:|1782746896\n|move|p1a: Arceus|Calm Mind|p1a: Arceus\n|-boost|p1a: Arceus|spa|1\n|-boost|p1a: Arceus|spd|1\n|move|p2a: Misdreavus|Calm Mind|p2a: Misdreavus\n|-boost|p2a: Misdreavus|spa|1\n|-boost|p2a: Misdreavus|spd|1\n|\n|upkeep\n|turn|17\n|\n|t:|1782746899\n|move|p1a: Arceus|Calm Mind|p1a: Arceus\n|-boost|p1a: Arceus|spa|1\n|-boost|p1a: Arceus|spd|1\n|move|p2a: Misdreavus|Calm Mind|p2a: Misdreavus\n|-boost|p2a: Misdreavus|spa|1\n|-boost|p2a: Misdreavus|spd|1\n|\n|upkeep\n|turn|18\n|\n|t:|1782746900\n|move|p1a: Arceus|Calm Mind|p1a: Arceus\n|-boost|p1a: Arceus|spa|1\n|-boost|p1a: Arceus|spd|1\n|move|p2a: Misdreavus|Calm Mind|p2a: Misdreavus\n|-boost|p2a: Misdreavus|spa|1\n|-boost|p2a: Misdreavus|spd|1\n|\n|upkeep\n|turn|19\n|\n|t:|1782746902\n|move|p1a: Arceus|Calm Mind|p1a: Arceus\n|-boost|p1a: Arceus|spa|1\n|-boost|p1a: Arceus|spd|1\n|move|p2a: Misdreavus|Calm Mind|p2a: Misdreavus\n|-boost|p2a: Misdreavus|spa|1\n|-boost|p2a: Misdreavus|spd|1\n|\n|upkeep\n|turn|20\n|\n|t:|1782746904\n|move|p1a: Arceus|Calm Mind|p1a: Arceus\n|-boost|p1a: Arceus|spa|1\n|-boost|p1a: Arceus|spd|1\n|move|p2a: Misdreavus|Calm Mind|p2a: Misdreavus\n|-boost|p2a: Misdreavus|spa|1\n|-boost|p2a: Misdreavus|spd|1\n|\n|upkeep\n|turn|21\n|\n|t:|1782746906\n|move|p1a: Arceus|Judgment|p2a: Misdreavus\n|-damage|p2a: Misdreavus|182/254\n|move|p2a: Misdreavus|Shadow Ball|p1a: Arceus\n|-damage|p1a: Arceus|188/296\n|\n|upkeep\n|turn|22\n|\n|t:|1782746909\n|move|p1a: Arceus|Recover|p1a: Arceus\n|-heal|p1a: Arceus|296/296\n|move|p2a: Misdreavus|Shadow Ball|p1a: Arceus\n|-damage|p1a: Arceus|215/296\n|-unboost|p1a: Arceus|spd|1\n|\n|upkeep\n|turn|23\n|\n|t:|1782746913\n|move|p1a: Arceus|Calm Mind|p1a: Arceus\n|-boost|p1a: Arceus|spa|0\n|-boost|p1a: Arceus|spd|1\n|move|p2a: Misdreavus|Shadow Ball|p1a: Arceus\n|-damage|p1a: Arceus|133/296\n|\n|upkeep\n|turn|24\n|\n|t:|1782746915\n|move|p1a: Arceus|Recover|p1a: Arceus\n|-heal|p1a: Arceus|281/296\n|move|p2a: Misdreavus|Shadow Ball|p1a: Arceus\n|-damage|p1a: Arceus|203/296\n|-unboost|p1a: Arceus|spd|1\n|\n|upkeep\n|turn|25\n|\n|t:|1782746918\n|move|p1a: Arceus|Judgment|p2a: Misdreavus\n|-damage|p2a: Misdreavus|107/254\n|move|p2a: Misdreavus|Shadow Ball|p1a: Arceus\n|-damage|p1a: Arceus|116/296\n|\n|upkeep\n|turn|26\n|\n|t:|1782746923\n|move|p1a: Arceus|Recover|p1a: Arceus\n|-heal|p1a: Arceus|264/296\n|move|p2a: Misdreavus|Shadow Ball|p1a: Arceus\n|-damage|p1a: Arceus|167/296\n|\n|upkeep\n|turn|27\n|\n|t:|1782746926\n|move|p1a: Arceus|Calm Mind|p1a: Arceus\n|-boost|p1a: Arceus|spa|0\n|-boost|p1a: Arceus|spd|1\n|move|p2a: Misdreavus|Shadow Ball|p1a: Arceus\n|-damage|p1a: Arceus|82/296\n|\n|upkeep\n|turn|28\n|\n|t:|1782746928\n|move|p1a: Arceus|Recover|p1a: Arceus\n|-heal|p1a: Arceus|230/296\n|move|p2a: Misdreavus|Shadow Ball|p1a: Arceus\n|-damage|p1a: Arceus|152/296\n|-unboost|p1a: Arceus|spd|1\n|\n|upkeep\n|turn|29\n|\n|t:|1782746932\n|move|p1a: Arceus|Judgment|p2a: Misdreavus\n|-damage|p2a: Misdreavus|35/254\n|move|p2a: Misdreavus|Shadow Ball|p1a: Arceus\n|-damage|p1a: Arceus|59/296\n|-unboost|p1a: Arceus|spd|1\n|\n|upkeep\n|turn|30\n|\n|t:|1782746934\n|move|p1a: Arceus|Recover|p1a: Arceus\n|-heal|p1a: Arceus|207/296\n|move|p2a: Misdreavus|Shadow Ball|p1a: Arceus\n|-damage|p1a: Arceus|98/296\n|\n|upkeep\n|turn|31\n|\n|t:|1782746939\n|move|p1a: Arceus|Recover|p1a: Arceus\n|-heal|p1a: Arceus|246/296\n|move|p2a: Misdreavus|Shadow Ball|p1a: Arceus\n|-damage|p1a: Arceus|146/296\n|\n|upkeep\n|turn|32\n|\n|t:|1782746947\n|move|p1a: Arceus|Recover|p1a: Arceus\n|-heal|p1a: Arceus|294/296\n|move|p2a: Misdreavus|Shadow Ball|p1a: Arceus\n|-crit|p1a: Arceus\n|-damage|p1a: Arceus|0 fnt\n|faint|p1a: Arceus\n|\n|upkeep\n|\n|t:|1782746953\n|switch|p1a: Floatzel|Floatzel, L86, M|152/286\n|turn|33\n|\n|t:|1782746967\n|move|p1a: Floatzel|Flip Turn|p2a: Misdreavus\n|-damage|p2a: Misdreavus|0 fnt\n|faint|p2a: Misdreavus\n|inactive|where they go has 120 seconds left.\n|\n|t:|1782746999\n|switch|p1a: Palafin|Palafin, L77, M|281/281|[from] Flip Turn\n|\n|upkeep\n|\n|t:|1782747026\n|switch|p2a: Gholdengo|Gholdengo, L77|261/261\n|turn|34\n|inactive|where they go has 120 seconds left.\n|\n|t:|1782747066\n|move|p1a: Palafin|Flip Turn|p2a: Gholdengo\n|-damage|p2a: Gholdengo|192/261\n|\n|t:|1782747069\n|detailschange|p1a: Palafin|Palafin-Hero, L77, M\n|switch|p1a: Jolteon|Jolteon, L84, M|246/246|[from] Flip Turn\n|move|p2a: Gholdengo|Nasty Plot|p2a: Gholdengo\n|-boost|p2a: Gholdengo|spa|2\n|\n|-heal|p2a: Gholdengo|208/261|[from] item: Leftovers\n|upkeep\n|turn|35\n|\n|t:|1782747079\n|move|p1a: Jolteon|Calm Mind|p1a: Jolteon\n|-boost|p1a: Jolteon|spa|1\n|-boost|p1a: Jolteon|spd|1\n|move|p2a: Gholdengo|Shadow Ball|p1a: Jolteon\n|-crit|p1a: Jolteon\n|-damage|p1a: Jolteon|0 fnt\n|faint|p1a: Jolteon\n|\n|-heal|p2a: Gholdengo|224/261|[from] item: Leftovers\n|upkeep\n|\n|t:|1782747092\n|switch|p1a: Palafin|Palafin-Hero, L77, M|281/281\n|-activate|p1a: Palafin|ability: Zero to Hero\n|turn|36\n|\n|t:|1782747099\n|move|p1a: Palafin|Flip Turn|p2a: Gholdengo\n|-damage|p2a: Gholdengo|106/261\n|\n|t:|1782747102\n|switch|p1a: Floatzel|Floatzel, L86, M|152/286|[from] Flip Turn\n|move|p2a: Gholdengo|Shadow Ball|p1a: Floatzel\n|-crit|p1a: Floatzel\n|-damage|p1a: Floatzel|0 fnt\n|faint|p1a: Floatzel\n|\n|-heal|p2a: Gholdengo|122/261|[from] item: Leftovers\n|upkeep\n|\n|t:|1782747104\n|switch|p1a: Palafin|Palafin-Hero, L77, M|281/281\n|turn|37\n|\n|t:|1782747108\n|move|p1a: Palafin|Wave Crash|p2a: Gholdengo\n|-damage|p2a: Gholdengo|0 fnt\n|faint|p2a: Gholdengo\n|-damage|p1a: Palafin|241/281|[from] Recoil\n|\n|upkeep\n|\n|t:|1782747110\n|switch|p2a: Lokix|Lokix, L82, F|226/251\n|turn|38\n|\n|t:|1782747114\n|move|p2a: Lokix|First Impression|p1a: Palafin\n|-damage|p1a: Palafin|108/281\n|-damage|p2a: Lokix|201/251|[from] item: Life Orb\n|move|p1a: Palafin|Wave Crash|p2a: Lokix\n|-damage|p2a: Lokix|0 fnt\n|faint|p2a: Lokix\n|-damage|p1a: Palafin|42/281|[from] Recoil\n|\n|win|where they go\n|raw|where they go's rating: 2270 &rarr; <strong>2293</strong><br />(+23 for winning)\n|raw|hong hoornstaart's rating: 2317 &rarr; <strong>2294</strong><br />(-23 for losing)\n", "inputlog": ">version f8ac14003a5f27e1bdc8d8c59608a773c1cb96e5\n>start {\"formatid\":\"gen9randombattle\",\"seed\":\"sodium,78d34731175ff70766019f193e748cba\",\"rated\":\"Rated battle\"}\n>player p1 {\"name\":\"where they go\",\"avatar\":\"unknown\",\"rating\":2270,\"seed\":\"sodium,e2e9ca373de54d3a3c52872bd82fc534\"}\n>player p2 {\"name\":\"hong hoornstaart\",\"avatar\":\"101\",\"rating\":2317,\"seed\":\"sodium,3673aa6afd855c71c0d4c23c2e905770\"}\n>p1 switch 4\n>p2 move icebeam\n>p1 move voltswitch\n>p2 move icebeam\n>p1 switch 3\n>p1 move wavecrash\n>p2 move rapidspin\n>p2 switch 6\n>p1 switch 5\n>p2 move knockoff\n>p1 move calmmind\n>p2 switch 3\n>p1 move recover terastallize\n>p2 move firstimpression\n>p1 move fireblast\n>p2 switch 5\n>p1 move judgment\n>p2 move dragondance terastallize\n>p1 switch 3\n>p2 move dragondance\n>p1 move playrough\n>p2 move stoneedge\n>p1 switch 2\n>p1 move sludgebomb\n>p2 move stoneedge\n>p2 switch 3\n>p1 move sludgebomb\n>p2 move closecombat\n>p1 switch 5\n>p1 move wavecrash\n>p2 move closecombat\n>p2 switch 5\n>p1 switch 3\n>p2 switch 2\n>p1 move calmmind\n>p2 move calmmind\n>p1 move calmmind\n>p2 move calmmind\n>p1 move calmmind\n>p2 move calmmind\n>p1 move calmmind\n>p2 move calmmind\n>p1 move calmmind\n>p2 move calmmind\n>p1 move calmmind\n>p2 move calmmind\n>p1 move judgment\n>p2 move shadowball\n>p1 move recover\n>p2 move shadowball\n>p1 move calmmind\n>p2 move shadowball\n>p1 move recover\n>p2 move shadowball\n>p1 move judgment\n>p2 move shadowball\n>p1 move recover\n>p2 move shadowball\n>p1 move calmmind\n>p2 move shadowball\n>p1 move recover\n>p2 move shadowball\n>p1 move judgment\n>p2 move shadowball\n>p1 move recover\n>p2 move shadowball\n>p1 move recover\n>p2 move shadowball\n>p1 move recover\n>p2 move shadowball\n>p1 switch 3\n>p1 move flipturn\n>p2 move shadowball\n>p1 switch 6\n>p2 switch 4\n>p1 move flipturn\n>p2 move nastyplot\n>p1 switch 4\n>p1 move calmmind\n>p2 move shadowball\n>p1 switch 4\n>p1 move flipturn\n>p2 move shadowball\n>p1 switch 6\n>p1 switch 6\n>p1 move wavecrash\n>p2 move shadowball\n>p2 switch 2\n>p1 move wavecrash\n>p2 move firstimpression", "uploadtime": 1782747114, "views": 7, "formatid": "gen9randombattle", "rating": 2293, "private": 0, "password": null, "player_dets": [{"name": "where they go", "avatar": "unknown", "rating": 2270, "seed": "sodium,e2e9ca373de54d3a3c52872bd82fc534"}, {"name": "hong hoornstaart", "avatar": "101", "rating": 2317, "seed": "sodium,3673aa6afd855c71c0d4c23c2e905770"}], "teams_full": [{"Jolteon": {"name": "Jolteon", "species": "Jolteon", "speciesId": "jolteon", "gender": "M", "shiny": false, "level": 84, "moves": ["terablast", "substitute", "thunderbolt", "calmmind"], "ability": "Volt Absorb", "evs": {"hp": 85, "atk": 0, "def": 85, "spa": 85, "spd": 85, "spe": 85}, "ivs": {"hp": 31, "atk": 0, "def": 31, "spa": 31, "spd": 31, "spe": 31}, "item": "Leftovers", "teraType": "Ice", "role": "Tera Blast user", "bvs": {"hp": 65, "atk": 65, "def": 60, "spa": 110, "spd": 95, "spe": 130}, "stats": {"hp": 246, "atk": 114, "def": 149, "spa": 233, "spd": 208, "spe": 267}, "types": ["Electric"]}, "Darkrai": {"name": "Darkrai", "species": "Darkrai", "speciesId": "darkrai", "gender": "N", "shiny": false, "level": 77, "moves": ["sludgebomb", "substitute", "darkpulse", "nastyplot"], "ability": "Bad Dreams", "evs": {"hp": 85, "atk": 0, "def": 85, "spa": 85, "spd": 85, "spe": 85}, "ivs": {"hp": 31, "atk": 0, "def": 31, "spa": 31, "spd": 31, "spe": 31}, "item": "Leftovers", "teraType": "Poison", "role": "Setup Sweeper", "bvs": {"hp": 70, "atk": 90, "def": 90, "spa": 135, "spd": 90, "spe": 125}, "stats": {"hp": 234, "atk": 143, "def": 183, "spa": 252, "spd": 183, "spe": 237}, "types": ["Dark"]}, "Floatzel": {"name": "Floatzel", "species": "Floatzel", "speciesId": "floatzel", "gender": "M", "shiny": false, "level": 86, "moves": ["crunch", "flipturn", "wavecrash", "icespinner"], "ability": "Water Veil", "evs": {"hp": 85, "atk": 85, "def": 85, "spa": 85, "spd": 85, "spe": 85}, "ivs": {"hp": 31, "atk": 31, "def": 31, "spa": 31, "spd": 31, "spe": 31}, "item": "Choice Band", "teraType": "Water", "role": "Wallbreaker", "bvs": {"hp": 85, "atk": 105, "def": 55, "spa": 85, "spd": 50, "spe": 115}, "stats": {"hp": 286, "atk": 230, "def": 144, "spa": 195, "spd": 135, "spe": 247}, "types": ["Water"]}, "Luxray": {"name": "Luxray", "species": "Luxray", "speciesId": "luxray", "gender": "F", "shiny": false, "level": 88, "moves": ["voltswitch", "playrough", "throatchop", "wildcharge"], "ability": "Intimidate", "evs": {"hp": 85, "atk": 85, "def": 85, "spa": 85, "spd": 85, "spe": 85}, "ivs": {"hp": 31, "atk": 31, "def": 31, "spa": 31, "spd": 31, "spe": 31}, "item": "Assault Vest", "teraType": "Fairy", "role": "AV Pivot", "bvs": {"hp": 80, "atk": 120, "def": 79, "spa": 95, "spd": 79, "spe": 70}, "stats": {"hp": 284, "atk": 261, "def": 189, "spa": 217, "spd": 189, "spe": 173}, "types": ["Electric"]}, "Arceus": {"name": "Arceus", "species": "Arceus-Grass", "speciesId": "arceusgrass", "gender": "N", "shiny": false, "level": 73, "moves": ["recover", "judgment", "calmmind", "fireblast"], "ability": "Multitype", "evs": {"hp": 85, "atk": 0, "def": 85, "spa": 85, "spd": 85, "spe": 85}, "ivs": {"hp": 31, "atk": 0, "def": 31, "spa": 31, "spd": 31, "spe": 31}, "item": "Meadow Plate", "teraType": "Fire", "role": "Bulky Setup", "bvs": {"hp": 120, "atk": 120, "def": 120, "spa": 120, "spd": 120, "spe": 120}, "stats": {"hp": 296, "atk": 180, "def": 218, "spa": 218, "spd": 218, "spe": 218}, "types": ["Grass"]}, "Palafin": {"name": "Palafin", "species": "Palafin", "speciesId": "palafin", "gender": "M", "shiny": false, "level": 77, "moves": ["wavecrash", "closecombat", "flipturn", "jetpunch"], "ability": "Zero to Hero", "evs": {"hp": 85, "atk": 85, "def": 85, "spa": 85, "spd": 85, "spe": 85}, "ivs": {"hp": 31, "atk": 31, "def": 31, "spa": 31, "spd": 31, "spe": 31}, "item": "Choice Band", "teraType": "Water", "role": "Wallbreaker", "bvs": {"hp": 100, "atk": 70, "def": 72, "spa": 53, "spd": 62, "spe": 100}, "stats": {"hp": 281, "atk": 152, "def": 155, "spa": 126, "spd": 140, "spe": 199}, "types": ["Water"]}}, {"Cryogonal": {"name": "Cryogonal", "species": "Cryogonal", "speciesId": "cryogonal", "gender": "N", "shiny": false, "level": 89, "moves": ["recover", "rapidspin", "icebeam", "terablast"], "ability": "Levitate", "evs": {"hp": 85, "atk": 85, "def": 85, "spa": 85, "spd": 85, "spe": 85}, "ivs": {"hp": 31, "atk": 31, "def": 31, "spa": 31, "spd": 31, "spe": 31}, "item": "Heavy-Duty Boots", "teraType": "Electric", "role": "Tera Blast user", "bvs": {"hp": 80, "atk": 50, "def": 50, "spa": 95, "spd": 135, "spe": 105}, "stats": {"hp": 287, "atk": 140, "def": 140, "spa": 220, "spd": 291, "spe": 238}, "types": ["Ice"]}, "Misdreavus": {"name": "Misdreavus", "species": "Misdreavus", "speciesId": "misdreavus", "gender": "M", "shiny": false, "level": 90, "moves": ["calmmind", "drainingkiss", "willowisp", "shadowball"], "ability": "Levitate", "evs": {"hp": 85, "atk": 0, "def": 85, "spa": 85, "spd": 85, "spe": 85}, "ivs": {"hp": 31, "atk": 0, "def": 31, "spa": 31, "spd": 31, "spe": 31}, "item": "Eviolite", "teraType": "Fairy", "role": "Bulky Setup", "bvs": {"hp": 60, "atk": 60, "def": 60, "spa": 85, "spd": 85, "spe": 85}, "stats": {"hp": 254, "atk": 113, "def": 159, "spa": 204, "spd": 204, "spe": 204}, "types": ["Ghost"]}, "Lokix": {"name": "Lokix", "species": "Lokix", "speciesId": "lokix", "gender": "F", "shiny": false, "level": 82, "moves": ["leechlife", "firstimpression", "suckerpunch", "knockoff"], "ability": "Tinted Lens", "evs": {"hp": 85, "atk": 85, "def": 85, "spa": 85, "spd": 85, "spe": 85}, "ivs": {"hp": 31, "atk": 31, "def": 31, "spa": 31, "spd": 31, "spe": 31}, "item": "Life Orb", "teraType": "Bug", "role": "Wallbreaker", "bvs": {"hp": 71, "atk": 102, "def": 78, "spa": 52, "spd": 55, "spe": 92}, "stats": {"hp": 251, "atk": 214, "def": 175, "spa": 132, "spd": 137, "spe": 198}, "types": ["Bug", "Dark"]}, "Gholdengo": {"name": "Gholdengo", "species": "Gholdengo", "speciesId": "gholdengo", "gender": "N", "shiny": false, "level": 77, "moves": ["makeitrain", "nastyplot", "recover", "shadowball"], "ability": "Good as Gold", "evs": {"hp": 85, "atk": 0, "def": 85, "spa": 85, "spd": 85, "spe": 85}, "ivs": {"hp": 31, "atk": 0, "def": 31, "spa": 31, "spd": 31, "spe": 31}, "item": "Leftovers", "teraType": "Water", "role": "Bulky Support", "bvs": {"hp": 87, "atk": 60, "def": 95, "spa": 133, "spd": 91, "spe": 84}, "stats": {"hp": 261, "atk": 97, "def": 191, "spa": 249, "spd": 185, "spe": 174}, "types": ["Steel", "Ghost"]}, "Iron Thorns": {"name": "Iron Thorns", "species": "Iron Thorns", "speciesId": "ironthorns", "gender": "N", "shiny": false, "level": 83, "moves": ["dragondance", "stoneedge", "wildcharge", "earthquake"], "ability": "Quark Drive", "evs": {"hp": 85, "atk": 85, "def": 85, "spa": 85, "spd": 85, "spe": 85}, "ivs": {"hp": 31, "atk": 31, "def": 31, "spa": 31, "spd": 31, "spe": 31}, "item": "Booster Energy", "teraType": "Grass", "role": "Fast Bulky Setup", "bvs": {"hp": 100, "atk": 134, "def": 110, "spa": 70, "spd": 84, "spe": 72}, "stats": {"hp": 302, "atk": 270, "def": 230, "spa": 164, "spd": 187, "spe": 167}, "types": ["Rock", "Electric"]}, "Passimian": {"name": "Passimian", "species": "Passimian", "speciesId": "passimian", "gender": "F", "shiny": false, "level": 83, "moves": ["uturn", "knockoff", "closecombat", "rockslide"], "ability": "Defiant", "evs": {"hp": 85, "atk": 85, "def": 85, "spa": 85, "spd": 85, "spe": 85}, "ivs": {"hp": 31, "atk": 31, "def": 31, "spa": 31, "spd": 31, "spe": 31}, "item": "Choice Band", "teraType": "Fighting", "role": "Fast Attacker", "bvs": {"hp": 100, "atk": 120, "def": 90, "spa": 40, "spd": 60, "spe": 80}, "stats": {"hp": 302, "atk": 247, "def": 197, "spa": 114, "spd": 147, "spe": 180}, "types": ["Fighting"]}}]}