{"id": "gen9randombattle-2641505984", "format": "[Gen 9] Random Battle", "players": ["Ttubyppop", "ZoRuPaul"], "log": "|j|\u2606Ttubyppop\n|j|\u2606ZoRuPaul\n|t:|1782796517\n|gametype|singles\n|player|p1|Ttubyppop|1|1979\n|player|p2|ZoRuPaul|dahlia|1983\n|gen|9\n|tier|[Gen 9] Random Battle\n|rated|\n|rule|Species Clause: Limit one of each Pok\u00e9mon\n|rule|HP Percentage Mod: HP is shown in percentages\n|rule|Sleep Clause Mod: Limit one foe put to sleep\n|rule|Illusion Level Mod: Illusion disguises the Pok\u00e9mon's true level\n|\n|t:|1782796517\n|teamsize|p1|6\n|teamsize|p2|6\n|start\n|switch|p1a: Landorus|Landorus-Therian, L76, M|260/260\n|switch|p2a: Dondozo|Dondozo, L78, F|362/362\n|-ability|p1a: Landorus|Intimidate|boost\n|-unboost|p2a: Dondozo|atk|1\n|turn|1\n|\n|t:|1782796536\n|move|p1a: Landorus|Stealth Rock|p2a: Dondozo\n|-sidestart|p2: ZoRuPaul|move: Stealth Rock\n|move|p2a: Dondozo|Wave Crash|p1a: Landorus\n|-supereffective|p1a: Landorus\n|-damage|p1a: Landorus|96/260\n|-damage|p2a: Dondozo|308/362|[from] Recoil\n|\n|-heal|p1a: Landorus|112/260|[from] item: Leftovers\n|-heal|p2a: Dondozo|330/362|[from] item: Leftovers\n|upkeep\n|turn|2\n|\n|t:|1782796543\n|switch|p1a: Lurantis|Lurantis, L87, F|264/264\n|move|p2a: Dondozo|Wave Crash|p1a: Lurantis\n|-resisted|p1a: Lurantis\n|-damage|p1a: Lurantis|226/264\n|-damage|p2a: Dondozo|317/362|[from] Recoil\n|\n|-heal|p1a: Lurantis|242/264|[from] item: Leftovers\n|-heal|p2a: Dondozo|339/362|[from] item: Leftovers\n|upkeep\n|turn|3\n|\n|t:|1782796553\n|switch|p2a: Pyroar|Pyroar, L88, M|295/295\n|-ability|p2a: Pyroar|Unnerve\n|move|p1a: Lurantis|Superpower|p2a: Pyroar\n|-supereffective|p2a: Pyroar\n|-damage|p2a: Pyroar|95/295\n|-boost|p1a: Lurantis|atk|1\n|-boost|p1a: Lurantis|def|1\n|\n|-heal|p1a: Lurantis|258/264|[from] item: Leftovers\n|upkeep\n|turn|4\n|\n|t:|1782796563\n|switch|p1a: Kingdra|Kingdra, L84, M|263/263\n|move|p2a: Pyroar|Fire Blast|p1a: Kingdra\n|-resisted|p1a: Kingdra\n|-damage|p1a: Kingdra|230/263\n|\n|upkeep\n|turn|5\n|\n|t:|1782796575\n|switch|p2a: Vaporeon|Vaporeon, L86, M|364/364\n|-damage|p2a: Vaporeon|319/364|[from] Stealth Rock\n|move|p1a: Kingdra|Rain Dance|p1a: Kingdra\n|-weather|RainDance\n|\n|-weather|RainDance|[upkeep]\n|-heal|p2a: Vaporeon|341/364|[from] item: Leftovers\n|upkeep\n|turn|6\n|\n|t:|1782796583\n|switch|p1a: Lurantis|Lurantis, L87, F|258/264\n|move|p2a: Vaporeon|Protect||[still]\n|-fail|p2a: Vaporeon\n|\n|-weather|RainDance|[upkeep]\n|-heal|p2a: Vaporeon|363/364|[from] item: Leftovers\n|-heal|p1a: Lurantis|264/264|[from] item: Leftovers\n|upkeep\n|turn|7\n|\n|t:|1782796593\n|switch|p2a: Gengar|Gengar, L81, F|230/230\n|-damage|p2a: Gengar|202/230|[from] Stealth Rock\n|move|p1a: Lurantis|Knock Off|p2a: Gengar\n|-supereffective|p2a: Gengar\n|-damage|p2a: Gengar|6/230\n|-start|p1a: Lurantis|Disable|Knock Off|[from] ability: Cursed Body|[of] p2a: Gengar\n|-enditem|p2a: Gengar|Life Orb|[from] move: Knock Off|[of] p1a: Lurantis\n|\n|-weather|RainDance|[upkeep]\n|upkeep\n|turn|8\n|\n|t:|1782796604\n|switch|p1a: Kingdra|Kingdra, L84, M|230/263\n|move|p2a: Gengar|Sludge Wave|p1a: Kingdra\n|-damage|p1a: Kingdra|121/263\n|\n|-weather|RainDance|[upkeep]\n|upkeep\n|turn|9\n|\n|t:|1782796614\n|move|p1a: Kingdra|Draco Meteor|p2a: Gengar\n|-damage|p2a: Gengar|0 fnt\n|-unboost|p1a: Kingdra|spa|2\n|faint|p2a: Gengar\n|-damage|p1a: Kingdra|95/263|[from] item: Life Orb\n|\n|-weather|none\n|upkeep\n|\n|t:|1782796627\n|switch|p2a: Iron Crown|Iron Crown, L78|268/268\n|-damage|p2a: Iron Crown|252/268|[from] Stealth Rock\n|turn|10\n|\n|t:|1782796636\n|switch|p1a: Solgaleo|Solgaleo, L74|325/325\n|move|p2a: Iron Crown|Calm Mind|p2a: Iron Crown\n|-boost|p2a: Iron Crown|spa|1\n|-boost|p2a: Iron Crown|spd|1\n|\n|-heal|p2a: Iron Crown|268/268|[from] item: Leftovers\n|upkeep\n|turn|11\n|\n|t:|1782796664\n|-end|p2a: Iron Crown|Quark Drive|[silent]\n|switch|p2a: Vaporeon|Vaporeon, L86, M|363/364\n|-damage|p2a: Vaporeon|318/364|[from] Stealth Rock\n|move|p1a: Solgaleo|Earthquake|p2a: Vaporeon\n|-damage|p2a: Vaporeon|230/364\n|\n|-heal|p2a: Vaporeon|252/364|[from] item: Leftovers\n|upkeep\n|turn|12\n|\n|t:|1782796671\n|switch|p1a: Lurantis|Lurantis, L87, F|264/264\n|move|p2a: Vaporeon|Wish|p2a: Vaporeon\n|\n|-heal|p2a: Vaporeon|274/364|[from] item: Leftovers\n|upkeep\n|turn|13\n|\n|t:|1782796678\n|move|p2a: Vaporeon|Scald|p1a: Lurantis\n|-resisted|p1a: Lurantis\n|-damage|p1a: Lurantis|221/264\n|move|p1a: Lurantis|Superpower|p2a: Vaporeon\n|-damage|p2a: Vaporeon|147/364\n|-boost|p1a: Lurantis|atk|1\n|-boost|p1a: Lurantis|def|1\n|\n|-heal|p2a: Vaporeon|329/364|[from] move: Wish|[wisher] Vaporeon\n|-heal|p2a: Vaporeon|351/364|[from] item: Leftovers\n|-heal|p1a: Lurantis|237/264|[from] item: Leftovers\n|upkeep\n|turn|14\n|\n|t:|1782796688\n|switch|p2a: Pyroar|Pyroar, L88, M|95/295\n|-ability|p2a: Pyroar|Unnerve\n|move|p1a: Lurantis|Leaf Storm|p2a: Pyroar|[miss]\n|-miss|p1a: Lurantis|p2a: Pyroar\n|\n|-heal|p1a: Lurantis|253/264|[from] item: Leftovers\n|upkeep\n|turn|15\n|\n|t:|1782796702\n|-terastallize|p1a: Lurantis|Fighting\n|move|p2a: Pyroar|Work Up|p2a: Pyroar\n|-boost|p2a: Pyroar|atk|1\n|-boost|p2a: Pyroar|spa|1\n|move|p1a: Lurantis|Superpower|p2a: Pyroar\n|-supereffective|p2a: Pyroar\n|-damage|p2a: Pyroar|0 fnt\n|-boost|p1a: Lurantis|atk|1\n|-boost|p1a: Lurantis|def|1\n|faint|p2a: Pyroar\n|\n|-heal|p1a: Lurantis|264/264|[from] item: Leftovers\n|upkeep\n|\n|t:|1782796708\n|switch|p2a: Eiscue|Eiscue, L88, F|274/274\n|-damage|p2a: Eiscue|206/274|[from] Stealth Rock\n|turn|16\n|\n|t:|1782796719\n|switch|p1a: Kingdra|Kingdra, L84, M|95/263\n|-terastallize|p2a: Eiscue|Ground\n|move|p2a: Eiscue|Tera Blast|p1a: Kingdra|[anim] Tera Blast Ground\n|-damage|p1a: Kingdra|22/263\n|\n|upkeep\n|turn|17\n|\n|t:|1782796727\n|switch|p2a: Vaporeon|Vaporeon, L86, M|351/364\n|-damage|p2a: Vaporeon|306/364|[from] Stealth Rock\n|move|p1a: Kingdra|Draco Meteor|p2a: Vaporeon\n|-damage|p2a: Vaporeon|157/364\n|-unboost|p1a: Kingdra|spa|2\n|-damage|p1a: Kingdra|0 fnt|[from] item: Life Orb\n|faint|p1a: Kingdra\n|\n|-heal|p2a: Vaporeon|179/364|[from] item: Leftovers\n|upkeep\n|\n|t:|1782796729\n|switch|p1a: Lurantis|Lurantis, L87, F, tera:Fighting|264/264\n|turn|18\n|\n|t:|1782796733\n|move|p2a: Vaporeon|Wish|p2a: Vaporeon\n|move|p1a: Lurantis|Leaf Storm|p2a: Vaporeon\n|-supereffective|p2a: Vaporeon\n|-damage|p2a: Vaporeon|0 fnt\n|-boost|p1a: Lurantis|spa|2\n|faint|p2a: Vaporeon\n|\n|upkeep\n|\n|t:|1782796735\n|switch|p2a: Eiscue|Eiscue, L88, F, tera:Ground|206/274\n|-damage|p2a: Eiscue|189/274|[from] Stealth Rock\n|turn|19\n|\n|t:|1782796738\n|move|p2a: Eiscue|Belly Drum|p2a: Eiscue\n|-damage|p2a: Eiscue|52/274\n|-setboost|p2a: Eiscue|atk|6|[from] move: Belly Drum\n|-enditem|p2a: Eiscue|Sitrus Berry|[eat]\n|-heal|p2a: Eiscue|120/274|[from] item: Sitrus Berry\n|move|p1a: Lurantis|Leaf Storm|p2a: Eiscue|[miss]\n|-miss|p1a: Lurantis|p2a: Eiscue\n|\n|-heal|p2a: Eiscue|274/274|[from] move: Wish|[wisher] Vaporeon\n|upkeep\n|turn|20\n|c|\u2606ZoRuPaul|lol\n|c|\u2606ZoRuPaul|gg\n|\n|t:|1782796753\n|move|p2a: Eiscue|Ice Spinner|p1a: Lurantis\n|-damage|p1a: Lurantis|0 fnt\n|faint|p1a: Lurantis\n|\n|upkeep\n|c|\u2606Ttubyppop|Super bail\n|\n|t:|1782796790\n|switch|p1a: Furret|Furret, L94, F|312/312\n|turn|21\n|\n|t:|1782796796\n|move|p1a: Furret|Trick|p2a: Eiscue\n|-activate|p1a: Furret|move: Trick|[of] p2a: Eiscue\n|-item|p2a: Eiscue|Choice Band|[from] move: Trick\n|-enditem|p1a: Furret|Choice Band|[silent]|[from] move: Trick\n|move|p2a: Eiscue|Ice Spinner|p1a: Furret\n|-damage|p1a: Furret|0 fnt\n|faint|p1a: Furret\n|\n|upkeep\n|\n|t:|1782796801\n|switch|p1a: Solgaleo|Solgaleo, L74|325/325\n|turn|22\n|\n|t:|1782796804\n|move|p1a: Solgaleo|Sunsteel Strike|p2a: Eiscue\n|-damage|p2a: Eiscue|178/274\n|move|p2a: Eiscue|Ice Spinner|p1a: Solgaleo\n|-resisted|p1a: Solgaleo\n|-damage|p1a: Solgaleo|109/325\n|\n|-heal|p1a: Solgaleo|129/325|[from] item: Leftovers\n|upkeep\n|turn|23\n|\n|t:|1782796807\n|move|p1a: Solgaleo|Sunsteel Strike|p2a: Eiscue\n|-damage|p2a: Eiscue|94/274\n|move|p2a: Eiscue|Ice Spinner|p1a: Solgaleo\n|-resisted|p1a: Solgaleo\n|-damage|p1a: Solgaleo|0 fnt\n|faint|p1a: Solgaleo\n|\n|upkeep\n|\n|t:|1782796810\n|switch|p1a: Vileplume|Vileplume, L85, F|266/266\n|turn|24\n|\n|t:|1782796811\n|move|p2a: Eiscue|Ice Spinner|p1a: Vileplume\n|-supereffective|p1a: Vileplume\n|-damage|p1a: Vileplume|0 fnt\n|-status|p2a: Eiscue|slp|[from] ability: Effect Spore|[of] p1a: Vileplume\n|faint|p1a: Vileplume\n|\n|upkeep\n|\n|t:|1782796813\n|switch|p1a: Landorus|Landorus-Therian, L76, M|112/260\n|-ability|p1a: Landorus|Intimidate|boost\n|-unboost|p2a: Eiscue|atk|1\n|turn|25\n|\n|t:|1782796816\n|move|p1a: Landorus|Earthquake|p2a: Eiscue\n|-activate|p2a: Eiscue|ability: Ice Face\n|-damage|p2a: Eiscue|94/274 slp\n|detailschange|p2a: Eiscue|Eiscue-Noice, L88, F, tera:Ground\n|cant|p2a: Eiscue|slp\n|\n|-heal|p1a: Landorus|128/260|[from] item: Leftovers\n|upkeep\n|turn|26\n|\n|t:|1782796819\n|cant|p2a: Eiscue|slp\n|move|p1a: Landorus|Earthquake|p2a: Eiscue\n|-damage|p2a: Eiscue|0 fnt\n|faint|p2a: Eiscue\n|\n|-heal|p1a: Landorus|144/260|[from] item: Leftovers\n|upkeep\n|\n|t:|1782796821\n|switch|p2a: Dondozo|Dondozo, L78, F|339/362\n|-damage|p2a: Dondozo|294/362|[from] Stealth Rock\n|turn|27\n|\n|t:|1782796823\n|move|p1a: Landorus|Earthquake|p2a: Dondozo\n|-crit|p2a: Dondozo\n|-damage|p2a: Dondozo|131/362\n|move|p2a: Dondozo|Curse|p2a: Dondozo\n|-unboost|p2a: Dondozo|spe|1\n|-boost|p2a: Dondozo|atk|1\n|-boost|p2a: Dondozo|def|1\n|\n|-heal|p1a: Landorus|160/260|[from] item: Leftovers\n|-heal|p2a: Dondozo|153/362|[from] item: Leftovers\n|upkeep\n|turn|28\n|\n|t:|1782796826\n|move|p1a: Landorus|Earthquake|p2a: Dondozo\n|-damage|p2a: Dondozo|87/362\n|move|p2a: Dondozo|Rest|p2a: Dondozo\n|-status|p2a: Dondozo|slp|[from] move: Rest\n|-heal|p2a: Dondozo|362/362 slp|[silent]\n|\n|-heal|p1a: Landorus|176/260|[from] item: Leftovers\n|upkeep\n|turn|29\n|c|\u2606ZoRuPaul|sorry this game sucked azz\n|c|\u2606ZoRuPaul|not a gg\n|c|\u2606ZoRuPaul|you played well\n|c|\u2606Ttubyppop|Ye js curse and waste more time too\n|inactive|Battle timer is ON: inactive players will automatically lose when time's up. (requested by ZoRuPaul)\n|c|\u2606ZoRuPaul|yeah\n|\n|t:|1782796870\n|move|p1a: Landorus|Earthquake|p2a: Dondozo\n|-damage|p2a: Dondozo|286/362 slp\n|cant|p2a: Dondozo|slp\n|move|p2a: Dondozo|Sleep Talk|p2a: Dondozo\n|move|p2a: Dondozo|Curse|p2a: Dondozo|[from] move: Sleep Talk\n|-unboost|p2a: Dondozo|spe|1\n|-boost|p2a: Dondozo|atk|1\n|-boost|p2a: Dondozo|def|1\n|\n|-heal|p1a: Landorus|192/260|[from] item: Leftovers\n|-heal|p2a: Dondozo|308/362 slp|[from] item: Leftovers\n|upkeep\n|turn|30\n|\n|t:|1782796874\n|move|p1a: Landorus|Earthquake|p2a: Dondozo\n|-damage|p2a: Dondozo|259/362 slp\n|cant|p2a: Dondozo|slp\n|move|p2a: Dondozo|Sleep Talk|p2a: Dondozo\n|move|p2a: Dondozo|Curse|p2a: Dondozo|[from] move: Sleep Talk\n|-unboost|p2a: Dondozo|spe|1\n|-boost|p2a: Dondozo|atk|1\n|-boost|p2a: Dondozo|def|1\n|\n|-heal|p1a: Landorus|208/260|[from] item: Leftovers\n|-heal|p2a: Dondozo|281/362 slp|[from] item: Leftovers\n|upkeep\n|turn|31\n|\n|t:|1782796878\n|move|p1a: Landorus|Taunt|p2a: Dondozo\n|-start|p2a: Dondozo|move: Taunt\n|-curestatus|p2a: Dondozo|slp|[msg]\n|move|p2a: Dondozo|Wave Crash|p1a: Landorus\n|-supereffective|p1a: Landorus\n|-damage|p1a: Landorus|0 fnt\n|faint|p1a: Landorus\n|-damage|p2a: Dondozo|212/362|[from] Recoil\n|\n|win|ZoRuPaul\n", "inputlog": ">version f8ac14003a5f27e1bdc8d8c59608a773c1cb96e5\n>start {\"formatid\":\"gen9randombattle\",\"seed\":\"sodium,dd837ad41bce6582593e5163e29ba65f\",\"rated\":\"Rated battle\"}\n>player p1 {\"name\":\"Ttubyppop\",\"avatar\":\"1\",\"rating\":1979,\"seed\":\"sodium,fc57037cc052de0a6dec5b81cc226697\"}\n>player p2 {\"name\":\"ZoRuPaul\",\"avatar\":\"dahlia\",\"rating\":1983,\"seed\":\"sodium,f517ce5e424b09fd5c45db92dadbfa81\"}\n>p1 move stealthrock\n>p2 move wavecrash\n>p1 switch 6\n>p2 move wavecrash\n>p1 move superpower\n>p2 switch 4\n>p1 switch 3\n>p2 move fireblast\n>p1 move raindance\n>p2 switch 6\n>p1 switch 3\n>p2 move protect\n>p1 move knockoff\n>p2 switch 3\n>p1 switch 3\n>p2 move sludgewave\n>p1 move dracometeor\n>p2 move sludgewave\n>p2 switch 2\n>p1 switch 4\n>p2 move calmmind\n>p1 move earthquake\n>p2 switch 3\n>p1 switch 3\n>p2 move wish\n>p1 move superpower\n>p2 move scald\n>p1 move leafstorm\n>p2 switch 6\n>p1 move superpower terastallize\n>p2 move workup\n>p2 switch 5\n>p1 switch 4\n>p2 move terablast terastallize\n>p1 move dracometeor\n>p2 switch 6\n>p1 switch 4\n>p1 move leafstorm\n>p2 move wish\n>p2 switch 6\n>p1 move leafstorm\n>p2 move bellydrum\n>chat \u2606ZoRuPaul|lol\n>chat \u2606ZoRuPaul|gg\n>p1 move leafstorm\n>p2 move icespinner\n>chat \u2606Ttubyppop|Super bail \n>p1 switch 5\n>p1 move trick\n>p2 move icespinner\n>p1 switch 3\n>p1 move sunsteelstrike\n>p2 move icespinner\n>p1 move sunsteelstrike\n>p2 move icespinner\n>p1 switch 2\n>p1 move gigadrain\n>p2 move icespinner\n>p1 switch 6\n>p1 move earthquake\n>p2 move icespinner\n>p1 move earthquake\n>p2 move icespinner\n>p2 switch 4\n>p1 move earthquake\n>p2 move curse\n>p1 move earthquake\n>p2 move rest\n>chat \u2606ZoRuPaul|sorry this game sucked azz\n>chat \u2606ZoRuPaul|not a gg\n>chat \u2606ZoRuPaul|you played well\n>chat \u2606Ttubyppop|Ye js curse and waste more time too\n>chat \u2606ZoRuPaul|yeah\n>p1 move earthquake\n>p2 move sleeptalk\n>p1 move earthquake\n>p2 move sleeptalk\n>p1 move taunt\n>p2 move wavecrash", "uploadtime": 1782796518, "views": 3, "formatid": "gen9randombattle", "rating": null, "private": 0, "password": null, "player_dets": [{"name": "Ttubyppop", "avatar": "1", "rating": 1979, "seed": "sodium,fc57037cc052de0a6dec5b81cc226697"}, {"name": "ZoRuPaul", "avatar": "dahlia", "rating": 1983, "seed": "sodium,f517ce5e424b09fd5c45db92dadbfa81"}], "teams_full": [{"Landorus": {"name": "Landorus", "species": "Landorus-Therian", "speciesId": "landorustherian", "gender": "M", "shiny": false, "level": 76, "moves": ["earthquake", "taunt", "stealthrock", "stoneedge"], "ability": "Intimidate", "evs": {"hp": 85, "atk": 85, "def": 85, "spa": 85, "spd": 85, "spe": 85}, "ivs": {"hp": 31, "atk": 31, "def": 31, "spa": 31, "spd": 31, "spe": 31}, "item": "Leftovers", "teraType": "Water", "role": "Bulky Support", "bvs": {"hp": 89, "atk": 145, "def": 90, "spa": 105, "spd": 80, "spe": 91}, "stats": {"hp": 260, "atk": 264, "def": 181, "spa": 204, "spd": 166, "spe": 182}, "types": ["Ground", "Flying"]}, "Vileplume": {"name": "Vileplume", "species": "Vileplume", "speciesId": "vileplume", "gender": "F", "shiny": false, "level": 85, "moves": ["sludgebomb", "sleeppowder", "gigadrain", "strengthsap"], "ability": "Effect Spore", "evs": {"hp": 85, "atk": 0, "def": 85, "spa": 85, "spd": 85, "spe": 85}, "ivs": {"hp": 31, "atk": 0, "def": 31, "spa": 31, "spd": 31, "spe": 31}, "item": "Leftovers", "teraType": "Water", "role": "Bulky Attacker", "bvs": {"hp": 75, "atk": 80, "def": 85, "spa": 110, "spd": 90, "spe": 50}, "stats": {"hp": 266, "atk": 141, "def": 193, "spa": 236, "spd": 202, "spe": 134}, "types": ["Grass", "Poison"]}, "Kingdra": {"name": "Kingdra", "species": "Kingdra", "speciesId": "kingdra", "gender": "M", "shiny": false, "level": 84, "moves": ["hurricane", "wavecrash", "raindance", "dracometeor"], "ability": "Swift Swim", "evs": {"hp": 85, "atk": 85, "def": 85, "spa": 85, "spd": 85, "spe": 85}, "ivs": {"hp": 31, "atk": 31, "def": 31, "spa": 31, "spd": 31, "spe": 31}, "item": "Life Orb", "teraType": "Water", "role": "Fast Attacker", "bvs": {"hp": 75, "atk": 95, "def": 95, "spa": 95, "spd": 95, "spe": 85}, "stats": {"hp": 263, "atk": 208, "def": 208, "spa": 208, "spd": 208, "spe": 191}, "types": ["Water", "Dragon"]}, "Solgaleo": {"name": "Solgaleo", "species": "Solgaleo", "speciesId": "solgaleo", "gender": "N", "shiny": false, "level": 74, "moves": ["knockoff", "morningsun", "earthquake", "sunsteelstrike"], "ability": "Full Metal Body", "evs": {"hp": 85, "atk": 85, "def": 85, "spa": 85, "spd": 85, "spe": 85}, "ivs": {"hp": 31, "atk": 31, "def": 31, "spa": 31, "spd": 31, "spe": 31}, "item": "Leftovers", "teraType": "Water", "role": "Bulky Attacker", "bvs": {"hp": 137, "atk": 137, "def": 107, "spa": 113, "spd": 89, "spe": 97}, "stats": {"hp": 325, "atk": 246, "def": 201, "spa": 210, "spd": 175, "spe": 187}, "types": ["Psychic", "Steel"]}, "Furret": {"name": "Furret", "species": "Furret", "speciesId": "furret", "gender": "F", "shiny": false, "level": 94, "moves": ["doubleedge", "trick", "uturn", "knockoff"], "ability": "Frisk", "evs": {"hp": 85, "atk": 85, "def": 85, "spa": 85, "spd": 85, "spe": 85}, "ivs": {"hp": 31, "atk": 31, "def": 31, "spa": 31, "spd": 31, "spe": 31}, "item": "Choice Band", "teraType": "Normal", "role": "Wallbreaker", "bvs": {"hp": 85, "atk": 76, "def": 64, "spa": 45, "spd": 55, "spe": 90}, "stats": {"hp": 312, "atk": 196, "def": 174, "spa": 138, "spd": 157, "spe": 223}, "types": ["Normal"]}, "Lurantis": {"name": "Lurantis", "species": "Lurantis", "speciesId": "lurantis", "gender": "F", "shiny": false, "level": 87, "moves": ["superpower", "synthesis", "leafstorm", "knockoff"], "ability": "Contrary", "evs": {"hp": 85, "atk": 85, "def": 85, "spa": 85, "spd": 85, "spe": 85}, "ivs": {"hp": 31, "atk": 31, "def": 31, "spa": 31, "spd": 31, "spe": 31}, "item": "Leftovers", "teraType": "Fighting", "role": "Bulky Attacker", "bvs": {"hp": 70, "atk": 105, "def": 90, "spa": 80, "spd": 90, "spe": 45}, "stats": {"hp": 264, "atk": 232, "def": 206, "spa": 189, "spd": 206, "spe": 128}, "types": ["Grass"]}}, {"Dondozo": {"name": "Dondozo", "species": "Dondozo", "speciesId": "dondozo", "gender": "F", "shiny": false, "level": 78, "moves": ["rest", "curse", "wavecrash", "sleeptalk"], "ability": "Unaware", "evs": {"hp": 85, "atk": 85, "def": 85, "spa": 85, "spd": 85, "spe": 85}, "ivs": {"hp": 31, "atk": 31, "def": 31, "spa": 31, "spd": 31, "spe": 31}, "item": "Leftovers", "teraType": "Fairy", "role": "Bulky Setup", "bvs": {"hp": 150, "atk": 100, "def": 115, "spa": 65, "spd": 65, "spe": 35}, "stats": {"hp": 362, "atk": 201, "def": 224, "spa": 146, "spd": 146, "spe": 100}, "types": ["Water"]}, "Iron Crown": {"name": "Iron Crown", "species": "Iron Crown", "speciesId": "ironcrown", "gender": "N", "shiny": false, "level": 78, "moves": ["calmmind", "focusblast", "psyshock", "tachyoncutter"], "ability": "Quark Drive", "evs": {"hp": 85, "atk": 0, "def": 85, "spa": 85, "spd": 85, "spe": 85}, "ivs": {"hp": 31, "atk": 0, "def": 31, "spa": 31, "spd": 31, "spe": 31}, "item": "Leftovers", "teraType": "Steel", "role": "Bulky Setup", "bvs": {"hp": 90, "atk": 72, "def": 100, "spa": 122, "spd": 108, "spe": 98}, "stats": {"hp": 268, "atk": 117, "def": 201, "spa": 235, "spd": 214, "spe": 198}, "types": ["Steel", "Psychic"]}, "Gengar": {"name": "Gengar", "species": "Gengar", "speciesId": "gengar", "gender": "F", "shiny": false, "level": 81, "moves": ["nastyplot", "sludgewave", "focusblast", "shadowball"], "ability": "Cursed Body", "evs": {"hp": 85, "atk": 0, "def": 85, "spa": 85, "spd": 85, "spe": 85}, "ivs": {"hp": 31, "atk": 0, "def": 31, "spa": 31, "spd": 31, "spe": 31}, "item": "Life Orb", "teraType": "Ghost", "role": "Wallbreaker", "bvs": {"hp": 60, "atk": 65, "def": 60, "spa": 130, "spd": 75, "spe": 110}, "stats": {"hp": 230, "atk": 110, "def": 144, "spa": 257, "spd": 168, "spe": 225}, "types": ["Ghost", "Poison"]}, "Pyroar": {"name": "Pyroar", "species": "Pyroar", "speciesId": "pyroar", "gender": "M", "shiny": false, "level": 88, "moves": ["workup", "hypervoice", "fireblast", "taunt"], "ability": "Unnerve", "evs": {"hp": 85, "atk": 0, "def": 85, "spa": 85, "spd": 85, "spe": 85}, "ivs": {"hp": 31, "atk": 0, "def": 31, "spa": 31, "spd": 31, "spe": 31}, "item": "Heavy-Duty Boots", "teraType": "Fire", "role": "Fast Attacker", "bvs": {"hp": 86, "atk": 68, "def": 72, "spa": 109, "spd": 66, "spe": 106}, "stats": {"hp": 295, "atk": 124, "def": 177, "spa": 242, "spd": 166, "spe": 237}, "types": ["Fire", "Normal"]}, "Eiscue": {"name": "Eiscue", "species": "Eiscue", "speciesId": "eiscue", "gender": "F", "shiny": false, "level": 88, "moves": ["terablast", "icespinner", "bellydrum", "liquidation"], "ability": "Ice Face", "evs": {"hp": 81, "atk": 85, "def": 85, "spa": 85, "spd": 85, "spe": 85}, "ivs": {"hp": 31, "atk": 31, "def": 31, "spa": 31, "spd": 31, "spe": 31}, "item": "Sitrus Berry", "teraType": "Ground", "role": "Tera Blast user", "bvs": {"hp": 75, "atk": 80, "def": 110, "spa": 65, "spd": 90, "spe": 50}, "stats": {"hp": 274, "atk": 191, "def": 244, "spa": 165, "spd": 209, "spe": 138}, "types": ["Ice"]}, "Vaporeon": {"name": "Vaporeon", "species": "Vaporeon", "speciesId": "vaporeon", "gender": "M", "shiny": false, "level": 86, "moves": ["protect", "scald", "calmmind", "wish"], "ability": "Water Absorb", "evs": {"hp": 85, "atk": 0, "def": 85, "spa": 85, "spd": 85, "spe": 85}, "ivs": {"hp": 31, "atk": 0, "def": 31, "spa": 31, "spd": 31, "spe": 31}, "item": "Leftovers", "teraType": "Ground", "role": "Bulky Setup", "bvs": {"hp": 130, "atk": 65, "def": 60, "spa": 110, "spd": 95, "spe": 65}, "stats": {"hp": 364, "atk": 116, "def": 152, "spa": 238, "spd": 213, "spe": 161}, "types": ["Water"]}}]}