{"id": "gen9randombattle-2641279372", "format": "[Gen 9] Random Battle", "players": ["diofgame", "BlahajEnbyUwU666"], "log": "|j|\u2606diofgame\n|j|\u2606BlahajEnbyUwU666\n|t:|1782762586\n|gametype|singles\n|player|p1|diofgame|parasollady|1906\n|player|p2|BlahajEnbyUwU666|169|1972\n|gen|9\n|tier|[Gen 9] Random Battle\n|rated|\n|rule|Species Clause: Limit one of each Pok\u00e9mon\n|rule|HP Percentage Mod: HP is shown in percentages\n|rule|Sleep Clause Mod: Limit one foe put to sleep\n|rule|Illusion Level Mod: Illusion disguises the Pok\u00e9mon's true level\n|\n|t:|1782762586\n|teamsize|p1|6\n|teamsize|p2|6\n|start\n|switch|p1a: Hitmonchan|Hitmonchan, L87, M|229/229\n|switch|p2a: Exeggutor|Exeggutor-Alola, L89, M|314/314\n|turn|1\n|l|\u2606BlahajEnbyUwU666\n|player|p2|\n|j|\u2606BlahajEnbyUwU666\n|player|p2|BlahajEnbyUwU666|169|\n|\n|t:|1782762649\n|switch|p2a: Pecharunt|Pecharunt, L77|262/262\n|move|p1a: Hitmonchan|Knock Off|p2a: Pecharunt\n|-supereffective|p2a: Pecharunt\n|-damage|p2a: Pecharunt|156/262\n|-enditem|p2a: Pecharunt|Leftovers|[from] move: Knock Off|[of] p1a: Hitmonchan\n|\n|upkeep\n|turn|2\n|inactive|Battle timer is ON: inactive players will automatically lose when time's up. (requested by diofgame)\n|\n|t:|1782762658\n|switch|p1a: Empoleon|Empoleon, L84, F|278/278\n|move|p2a: Pecharunt|Malignant Chain|p1a: Empoleon\n|-immune|p1a: Empoleon\n|\n|upkeep\n|turn|3\n|\n|t:|1782762677\n|switch|p2a: Sunflora|Sunflora, M|312/312\n|move|p1a: Empoleon|Stealth Rock|p2a: Sunflora\n|-sidestart|p2: BlahajEnbyUwU666|move: Stealth Rock\n|\n|upkeep\n|turn|4\n|\n|t:|1782762691\n|move|p1a: Empoleon|Yawn|p2a: Sunflora\n|-start|p2a: Sunflora|move: Yawn|[of] p1a: Empoleon\n|move|p2a: Sunflora|Leaf Storm|p1a: Empoleon\n|-damage|p1a: Empoleon|0 fnt\n|-unboost|p2a: Sunflora|spa|2\n|faint|p1a: Empoleon\n|\n|upkeep\n|\n|t:|1782762698\n|switch|p1a: Skeledirge|Skeledirge, L79, M|294/294\n|turn|5\n|\n|t:|1782762706\n|switch|p2a: Pecharunt|Pecharunt, L77|156/262\n|-damage|p2a: Pecharunt|124/262|[from] Stealth Rock\n|move|p1a: Skeledirge|Flame Charge|p2a: Pecharunt\n|-damage|p2a: Pecharunt|96/262\n|-boost|p1a: Skeledirge|spe|1\n|\n|upkeep\n|turn|6\n|\n|t:|1782762714\n|move|p1a: Skeledirge|Shadow Ball|p2a: Pecharunt\n|-supereffective|p2a: Pecharunt\n|-damage|p2a: Pecharunt|0 fnt\n|faint|p2a: Pecharunt\n|\n|upkeep\n|\n|t:|1782762716\n|switch|p2a: Exeggutor|Exeggutor-Alola, L89, M|314/314\n|-damage|p2a: Exeggutor|275/314|[from] Stealth Rock\n|turn|7\n|\n|t:|1782762720\n|move|p1a: Skeledirge|Torch Song|p2a: Exeggutor\n|-damage|p2a: Exeggutor|194/314\n|-boost|p1a: Skeledirge|spa|1\n|move|p2a: Exeggutor|Dragon Pulse|p1a: Skeledirge\n|-damage|p1a: Skeledirge|138/294\n|\n|upkeep\n|turn|8\n|\n|t:|1782762728\n|move|p1a: Skeledirge|Torch Song|p2a: Exeggutor\n|-crit|p2a: Exeggutor\n|-damage|p2a: Exeggutor|0 fnt\n|-boost|p1a: Skeledirge|spa|1\n|faint|p2a: Exeggutor\n|\n|upkeep\n|\n|t:|1782762732\n|switch|p2a: Minun|Minun, L95, M|268/268\n|-damage|p2a: Minun|235/268|[from] Stealth Rock\n|turn|9\n|\n|t:|1782762738\n|move|p2a: Minun|Thunderbolt|p1a: Skeledirge\n|-damage|p1a: Skeledirge|0 fnt\n|faint|p1a: Skeledirge\n|-damage|p2a: Minun|209/268|[from] item: Life Orb\n|\n|upkeep\n|\n|t:|1782762742\n|switch|p1a: Hitmonchan|Hitmonchan, L87, M|229/229\n|turn|10\n|\n|t:|1782762770\n|-terastallize|p2a: Minun|Fairy\n|move|p2a: Minun|Alluring Voice|p1a: Hitmonchan\n|-supereffective|p1a: Hitmonchan\n|-damage|p1a: Hitmonchan|31/229\n|-damage|p2a: Minun|183/268|[from] item: Life Orb\n|move|p1a: Hitmonchan|Drain Punch|p2a: Minun\n|-resisted|p2a: Minun\n|-damage|p2a: Minun|112/268\n|-heal|p1a: Hitmonchan|67/229|[from] drain|[of] p2a: Minun\n|\n|-heal|p1a: Hitmonchan|81/229|[from] item: Leftovers\n|upkeep\n|turn|11\n|\n|t:|1782762777\n|move|p2a: Minun|Alluring Voice|p1a: Hitmonchan\n|-supereffective|p1a: Hitmonchan\n|-damage|p1a: Hitmonchan|0 fnt\n|faint|p1a: Hitmonchan\n|-damage|p2a: Minun|86/268|[from] item: Life Orb\n|\n|upkeep\n|\n|t:|1782762780\n|switch|p1a: Regidrago|Regidrago, L77|435/435\n|turn|12\n|inactive|BlahajEnbyUwU666 has 120 seconds left.\n|\n|t:|1782762837\n|switch|p1a: Toxapex|Toxapex, L82, F|216/216\n|move|p2a: Minun|Alluring Voice|p1a: Toxapex\n|-resisted|p1a: Toxapex\n|-damage|p1a: Toxapex|173/216\n|-damage|p2a: Minun|60/268|[from] item: Life Orb\n|\n|-heal|p1a: Toxapex|186/216|[from] item: Leftovers\n|upkeep\n|turn|13\n|\n|t:|1782762851\n|-terastallize|p1a: Toxapex|Steel\n|move|p2a: Minun|Thunderbolt|p1a: Toxapex\n|-damage|p1a: Toxapex|96/216\n|-damage|p2a: Minun|34/268|[from] item: Life Orb\n|move|p1a: Toxapex|Liquidation|p2a: Minun\n|-damage|p2a: Minun|0 fnt\n|faint|p2a: Minun\n|\n|-heal|p1a: Toxapex|109/216|[from] item: Leftovers\n|upkeep\n|\n|t:|1782762858\n|switch|p2a: Sunflora|Sunflora, M|312/312\n|-damage|p2a: Sunflora|273/312|[from] Stealth Rock\n|turn|14\n|\n|t:|1782762862\n|switch|p1a: Glaceon|Glaceon, L94, F|275/275\n|move|p2a: Sunflora|Earth Power|p1a: Glaceon\n|-damage|p1a: Glaceon|159/275\n|\n|upkeep\n|turn|15\n|inactive|BlahajEnbyUwU666 has 120 seconds left.\n|\n|t:|1782762886\n|switch|p2a: Misdreavus|Misdreavus, L90, M|254/254\n|-damage|p2a: Misdreavus|223/254|[from] Stealth Rock\n|move|p1a: Glaceon|Calm Mind|p1a: Glaceon\n|-boost|p1a: Glaceon|spa|1\n|-boost|p1a: Glaceon|spd|1\n|\n|upkeep\n|turn|16\n|\n|t:|1782762891\n|move|p2a: Misdreavus|Will-O-Wisp|p1a: Glaceon\n|-status|p1a: Glaceon|brn\n|move|p1a: Glaceon|Freeze-Dry|p2a: Misdreavus\n|-damage|p2a: Misdreavus|118/254\n|\n|-damage|p1a: Glaceon|142/275 brn|[from] brn\n|upkeep\n|turn|17\n|\n|t:|1782762894\n|move|p2a: Misdreavus|Calm Mind|p2a: Misdreavus\n|-boost|p2a: Misdreavus|spa|1\n|-boost|p2a: Misdreavus|spd|1\n|move|p1a: Glaceon|Freeze-Dry|p2a: Misdreavus\n|-damage|p2a: Misdreavus|42/254\n|\n|-damage|p1a: Glaceon|125/275 brn|[from] brn\n|upkeep\n|turn|18\n|\n|t:|1782762896\n|move|p2a: Misdreavus|Shadow Ball|p1a: Glaceon\n|-damage|p1a: Glaceon|47/275 brn\n|-unboost|p1a: Glaceon|spd|1\n|move|p1a: Glaceon|Freeze-Dry|p2a: Misdreavus\n|-damage|p2a: Misdreavus|0 fnt\n|faint|p2a: Misdreavus\n|\n|-damage|p1a: Glaceon|30/275 brn|[from] brn\n|upkeep\n|\n|t:|1782762901\n|switch|p2a: Vivillon|Vivillon, L83, F|268/268\n|turn|19\n|\n|t:|1782762905\n|move|p2a: Vivillon|Bug Buzz|p1a: Glaceon\n|-damage|p1a: Glaceon|0 fnt\n|faint|p1a: Glaceon\n|\n|upkeep\n|\n|t:|1782762914\n|switch|p1a: Regidrago|Regidrago, L77|435/435\n|turn|20\n|\n|t:|1782762921\n|move|p1a: Regidrago|Dragon Energy|p2a: Vivillon\n|-damage|p2a: Vivillon|0 fnt\n|faint|p2a: Vivillon\n|\n|upkeep\n|\n|t:|1782762923\n|switch|p2a: Sunflora|Sunflora, M|273/312\n|-damage|p2a: Sunflora|234/312|[from] Stealth Rock\n|turn|21\n|\n|t:|1782762933\n|move|p1a: Regidrago|Dragon Energy|p2a: Sunflora\n|-damage|p2a: Sunflora|45/312\n|move|p2a: Sunflora|Earth Power|p1a: Regidrago\n|-damage|p1a: Regidrago|219/435\n|\n|upkeep\n|turn|22\n|\n|t:|1782762938\n|move|p1a: Regidrago|Dragon Energy|p2a: Sunflora\n|-damage|p2a: Sunflora|0 fnt\n|faint|p2a: Sunflora\n|\n|win|diofgame\n|raw|diofgame's rating: 1906 &rarr; <strong>1930</strong><br />(+24 for winning)\n|raw|BlahajEnbyUwU666's rating: 1972 &rarr; <strong>1948</strong><br />(-24 for losing)\n", "inputlog": ">version f8ac14003a5f27e1bdc8d8c59608a773c1cb96e5\n>start {\"formatid\":\"gen9randombattle\",\"seed\":\"sodium,12811dcf90a1e0392c87500fc6daa4c6\",\"rated\":\"Rated battle\"}\n>player p1 {\"name\":\"diofgame\",\"avatar\":\"parasollady\",\"rating\":1906,\"seed\":\"sodium,d958505ae9728ed0f0a692fd321e3274\"}\n>player p2 {\"name\":\"BlahajEnbyUwU666\",\"avatar\":\"169\",\"rating\":1972,\"seed\":\"sodium,69d86f1afe745bb3e7ab3b5f3fb2c5b2\"}\n>p1 move knockoff\n>p2 switch 3\n>p1 switch 2\n>p2 move malignantchain\n>p1 move stealthrock\n>p2 switch 5\n>p1 move yawn\n>p2 move leafstorm\n>p1 switch 4\n>p1 move flamecharge\n>p2 switch 5\n>p1 move shadowball\n>p2 move shadowball\n>p2 switch 3\n>p1 move torchsong\n>p2 move dragonpulse\n>p1 move torchsong\n>p2 move dragonpulse\n>p2 switch 6\n>p1 move torchsong\n>p2 move thunderbolt\n>p1 switch 2\n>p1 move drainpunch\n>p2 move alluringvoice terastallize\n>p1 move rapidspin\n>p2 move alluringvoice\n>p1 switch 6\n>p1 switch 3\n>p2 move alluringvoice\n>p1 move liquidation terastallize\n>p2 move thunderbolt\n>p2 switch 5\n>p1 switch 5\n>p2 move earthpower\n>p1 move calmmind\n>p2 switch 4\n>p1 move freezedry\n>p2 move willowisp\n>p1 move freezedry\n>p2 move calmmind\n>p1 move freezedry\n>p2 move shadowball\n>p2 switch 2\n>p1 move freezedry\n>p2 move bugbuzz\n>p1 switch 3\n>p1 move dragonenergy\n>p2 move quiverdance\n>p2 switch 4\n>p1 move dragonenergy\n>p2 move earthpower\n>p1 move dragonenergy\n>p2 move earthpower", "uploadtime": 1782762938, "views": 12, "formatid": "gen9randombattle", "rating": 1930, "private": 0, "password": null, "player_dets": [{"name": "diofgame", "avatar": "parasollady", "rating": 1906, "seed": "sodium,d958505ae9728ed0f0a692fd321e3274"}, {"name": "BlahajEnbyUwU666", "avatar": "169", "rating": 1972, "seed": "sodium,69d86f1afe745bb3e7ab3b5f3fb2c5b2"}], "teams_full": [{"Hitmonchan": {"name": "Hitmonchan", "species": "Hitmonchan", "speciesId": "hitmonchan", "gender": "M", "shiny": false, "level": 87, "moves": ["rapidspin", "drainpunch", "knockoff", "swordsdance"], "ability": "Iron Fist", "evs": {"hp": 85, "atk": 85, "def": 85, "spa": 85, "spd": 85, "spe": 85}, "ivs": {"hp": 31, "atk": 31, "def": 31, "spa": 31, "spd": 31, "spe": 31}, "item": "Leftovers", "teraType": "Fighting", "role": "Setup Sweeper", "bvs": {"hp": 50, "atk": 105, "def": 79, "spa": 35, "spd": 110, "spe": 76}, "stats": {"hp": 229, "atk": 232, "def": 187, "spa": 111, "spd": 241, "spe": 182}, "types": ["Fighting"]}, "Empoleon": {"name": "Empoleon", "species": "Empoleon", "speciesId": "empoleon", "gender": "F", "shiny": false, "level": 84, "moves": ["stealthrock", "surf", "roost", "yawn"], "ability": "Competitive", "evs": {"hp": 85, "atk": 0, "def": 85, "spa": 85, "spd": 85, "spe": 85}, "ivs": {"hp": 31, "atk": 0, "def": 31, "spa": 31, "spd": 31, "spe": 31}, "item": "Leftovers", "teraType": "Flying", "role": "Bulky Support", "bvs": {"hp": 84, "atk": 86, "def": 88, "spa": 111, "spd": 101, "spe": 60}, "stats": {"hp": 278, "atk": 149, "def": 196, "spa": 235, "spd": 218, "spe": 149}, "types": ["Water", "Steel"]}, "Toxapex": {"name": "Toxapex", "species": "Toxapex", "speciesId": "toxapex", "gender": "F", "shiny": false, "level": 82, "moves": ["haze", "liquidation", "recover", "toxicspikes"], "ability": "Regenerator", "evs": {"hp": 85, "atk": 85, "def": 85, "spa": 85, "spd": 85, "spe": 85}, "ivs": {"hp": 31, "atk": 31, "def": 31, "spa": 31, "spd": 31, "spe": 31}, "item": "Leftovers", "teraType": "Steel", "role": "Bulky Support", "bvs": {"hp": 50, "atk": 63, "def": 152, "spa": 53, "spd": 142, "spe": 35}, "stats": {"hp": 216, "atk": 150, "def": 296, "spa": 134, "spd": 280, "spe": 105}, "types": ["Poison", "Water"]}, "Skeledirge": {"name": "Skeledirge", "species": "Skeledirge", "speciesId": "skeledirge", "gender": "M", "shiny": false, "level": 79, "moves": ["slackoff", "flamecharge", "torchsong", "shadowball"], "ability": "Unaware", "evs": {"hp": 85, "atk": 85, "def": 85, "spa": 85, "spd": 85, "spe": 85}, "ivs": {"hp": 31, "atk": 31, "def": 31, "spa": 31, "spd": 31, "spe": 31}, "item": "Heavy-Duty Boots", "teraType": "Water", "role": "Bulky Attacker", "bvs": {"hp": 104, "atk": 75, "def": 100, "spa": 110, "spd": 75, "spe": 66}, "stats": {"hp": 294, "atk": 164, "def": 204, "spa": 219, "spd": 164, "spe": 150}, "types": ["Fire", "Ghost"]}, "Glaceon": {"name": "Glaceon", "species": "Glaceon", "speciesId": "glaceon", "gender": "F", "shiny": false, "level": 94, "moves": ["calmmind", "wish", "protect", "freezedry"], "ability": "Ice Body", "evs": {"hp": 85, "atk": 0, "def": 85, "spa": 85, "spd": 85, "spe": 85}, "ivs": {"hp": 31, "atk": 0, "def": 31, "spa": 31, "spd": 31, "spe": 31}, "item": "Heavy-Duty Boots", "teraType": "Water", "role": "Bulky Setup", "bvs": {"hp": 65, "atk": 60, "def": 110, "spa": 130, "spd": 95, "spe": 65}, "stats": {"hp": 275, "atk": 117, "def": 260, "spa": 298, "spd": 232, "spe": 176}, "types": ["Ice"]}, "Regidrago": {"name": "Regidrago", "species": "Regidrago", "speciesId": "regidrago", "gender": "N", "shiny": false, "level": 77, "moves": ["earthquake", "outrage", "dracometeor", "dragonenergy"], "ability": "Dragon's Maw", "evs": {"hp": 85, "atk": 85, "def": 85, "spa": 85, "spd": 85, "spe": 85}, "ivs": {"hp": 31, "atk": 31, "def": 31, "spa": 31, "spd": 31, "spe": 31}, "item": "Choice Scarf", "teraType": "Dragon", "role": "Fast Attacker", "bvs": {"hp": 200, "atk": 100, "def": 50, "spa": 100, "spd": 50, "spe": 80}, "stats": {"hp": 435, "atk": 199, "def": 122, "spa": 199, "spd": 122, "spe": 168}, "types": ["Dragon"]}}, {"Exeggutor": {"name": "Exeggutor", "species": "Exeggutor-Alola", "speciesId": "exeggutoralola", "gender": "M", "shiny": false, "level": 89, "moves": ["flamethrower", "calmmind", "dragonpulse", "gigadrain"], "ability": "Harvest", "evs": {"hp": 85, "atk": 0, "def": 85, "spa": 85, "spd": 85, "spe": 85}, "ivs": {"hp": 31, "atk": 0, "def": 31, "spa": 31, "spd": 31, "spe": 31}, "item": "Sitrus Berry", "teraType": "Steel", "role": "Bulky Setup", "bvs": {"hp": 95, "atk": 105, "def": 85, "spa": 125, "spd": 75, "spe": 45}, "stats": {"hp": 314, "atk": 191, "def": 202, "spa": 273, "spd": 184, "spe": 131}, "types": ["Grass", "Dragon"]}, "Vivillon": {"name": "Vivillon", "species": "Vivillon", "speciesId": "vivillon", "gender": "F", "shiny": false, "level": 83, "moves": ["quiverdance", "hurricane", "bugbuzz", "sleeppowder"], "ability": "Compound Eyes", "evs": {"hp": 85, "atk": 0, "def": 85, "spa": 85, "spd": 85, "spe": 85}, "ivs": {"hp": 31, "atk": 0, "def": 31, "spa": 31, "spd": 31, "spe": 31}, "item": "Heavy-Duty Boots", "teraType": "Steel", "role": "Fast Bulky Setup", "bvs": {"hp": 80, "atk": 52, "def": 50, "spa": 90, "spd": 50, "spe": 89}, "stats": {"hp": 268, "atk": 91, "def": 131, "spa": 197, "spd": 131, "spe": 195}, "types": ["Bug", "Flying"]}, "Pecharunt": {"name": "Pecharunt", "species": "Pecharunt", "speciesId": "pecharunt", "gender": "N", "shiny": false, "level": 77, "moves": ["shadowball", "recover", "malignantchain", "partingshot"], "ability": "Poison Puppeteer", "evs": {"hp": 85, "atk": 0, "def": 85, "spa": 85, "spd": 85, "spe": 85}, "ivs": {"hp": 31, "atk": 0, "def": 31, "spa": 31, "spd": 31, "spe": 31}, "item": "Leftovers", "teraType": "Dark", "role": "Bulky Attacker", "bvs": {"hp": 88, "atk": 88, "def": 160, "spa": 88, "spd": 88, "spe": 88}, "stats": {"hp": 262, "atk": 140, "def": 291, "spa": 180, "spd": 180, "spe": 180}, "types": ["Poison", "Ghost"]}, "Misdreavus": {"name": "Misdreavus", "species": "Misdreavus", "speciesId": "misdreavus", "gender": "M", "shiny": false, "level": 90, "moves": ["drainingkiss", "shadowball", "willowisp", "calmmind"], "ability": "Levitate", "evs": {"hp": 85, "atk": 0, "def": 85, "spa": 85, "spd": 85, "spe": 85}, "ivs": {"hp": 31, "atk": 0, "def": 31, "spa": 31, "spd": 31, "spe": 31}, "item": "Eviolite", "teraType": "Fairy", "role": "Bulky Setup", "bvs": {"hp": 60, "atk": 60, "def": 60, "spa": 85, "spd": 85, "spe": 85}, "stats": {"hp": 254, "atk": 113, "def": 159, "spa": 204, "spd": 204, "spe": 204}, "types": ["Ghost"]}, "Sunflora": {"name": "Sunflora", "species": "Sunflora", "speciesId": "sunflora", "gender": "M", "shiny": false, "level": 100, "moves": ["earthpower", "leafstorm", "dazzlinggleam", "sludgebomb"], "ability": "Chlorophyll", "evs": {"hp": 85, "atk": 0, "def": 85, "spa": 85, "spd": 85, "spe": 85}, "ivs": {"hp": 31, "atk": 0, "def": 31, "spa": 31, "spd": 31, "spe": 31}, "item": "Choice Specs", "teraType": "Fairy", "role": "Wallbreaker", "bvs": {"hp": 75, "atk": 75, "def": 55, "spa": 105, "spd": 85, "spe": 30}, "stats": {"hp": 312, "atk": 155, "def": 167, "spa": 267, "spd": 227, "spe": 117}, "types": ["Grass"]}, "Minun": {"name": "Minun", "species": "Minun", "speciesId": "minun", "gender": "M", "shiny": false, "level": 95, "moves": ["alluringvoice", "thunderbolt", "nastyplot", "grassknot"], "ability": "Volt Absorb", "evs": {"hp": 85, "atk": 0, "def": 85, "spa": 85, "spd": 85, "spe": 85}, "ivs": {"hp": 31, "atk": 0, "def": 31, "spa": 31, "spd": 31, "spe": 31}, "item": "Life Orb", "teraType": "Fairy", "role": "Setup Sweeper", "bvs": {"hp": 60, "atk": 40, "def": 50, "spa": 75, "spd": 85, "spe": 95}, "stats": {"hp": 268, "atk": 81, "def": 149, "spa": 196, "spd": 215, "spe": 234}, "types": ["Electric"]}}]}