{"id": "gen9randombattle-2641485805", "format": "[Gen 9] Random Battle", "players": ["tj131", "sleepydolphin7"], "log": "|j|\u2606tj131\n|j|\u2606sleepydolphin7\n|t:|1782792556\n|gametype|singles\n|player|p1|tj131|unknown|2246\n|player|p2|sleepydolphin7|aquagrunt-rse|2210\n|gen|9\n|tier|[Gen 9] Random Battle\n|rated|\n|rule|Species Clause: Limit one of each Pok\u00e9mon\n|rule|HP Percentage Mod: HP is shown in percentages\n|rule|Sleep Clause Mod: Limit one foe put to sleep\n|rule|Illusion Level Mod: Illusion disguises the Pok\u00e9mon's true level\n|\n|t:|1782792556\n|teamsize|p1|6\n|teamsize|p2|6\n|start\n|switch|p1a: Slaking|Slaking, L84, M|389/389\n|switch|p2a: Torkoal|Torkoal, L88, F|266/266\n|-weather|SunnyDay|[from] ability: Drought|[of] p2a: Torkoal\n|turn|1\n|inactive|Battle timer is ON: inactive players will automatically lose when time's up. (requested by sleepydolphin7)\n|\n|t:|1782792610\n|move|p1a: Slaking|Earthquake|p2a: Torkoal\n|-supereffective|p2a: Torkoal\n|-damage|p2a: Torkoal|40/266\n|move|p2a: Torkoal|Lava Plume|p1a: Slaking\n|-damage|p1a: Slaking|221/389\n|\n|-weather|SunnyDay|[upkeep]\n|upkeep\n|turn|2\n|\n|t:|1782792630\n|switch|p1a: Alcremie|Alcremie-Mint-Cream, L90, F|263/263\n|move|p2a: Torkoal|Lava Plume|p1a: Alcremie\n|-damage|p1a: Alcremie|172/263\n|-status|p1a: Alcremie|brn\n|\n|-weather|SunnyDay|[upkeep]\n|-heal|p1a: Alcremie|188/263 brn|[from] item: Leftovers\n|-damage|p1a: Alcremie|172/263 brn|[from] brn\n|upkeep\n|turn|3\n|\n|t:|1782792648\n|switch|p2a: Lumineon|Lumineon, L93, F|279/279\n|move|p1a: Alcremie|Alluring Voice|p2a: Lumineon\n|-damage|p2a: Lumineon|185/279\n|\n|-weather|SunnyDay|[upkeep]\n|-heal|p1a: Alcremie|188/263 brn|[from] item: Leftovers\n|-damage|p1a: Alcremie|172/263 brn|[from] brn\n|upkeep\n|turn|4\n|\n|t:|1782792663\n|switch|p1a: Ogerpon|Ogerpon-Wellspring, L76, F|247/247\n|move|p2a: Lumineon|Ice Beam|p1a: Ogerpon\n|-damage|p1a: Ogerpon|159/247\n|-damage|p2a: Lumineon|158/279|[from] item: Life Orb\n|\n|-weather|SunnyDay|[upkeep]\n|upkeep\n|turn|5\n|\n|t:|1782792689\n|switch|p2a: Eiscue|Eiscue, L88, F|274/274\n|move|p1a: Ogerpon|Spikes|p2a: Eiscue\n|-sidestart|p2: sleepydolphin7|Spikes\n|\n|-weather|none\n|upkeep\n|turn|6\n|inactive|tj131 has 120 seconds left.\n|\n|t:|1782792704\n|switch|p1a: Bronzong|Bronzong, L88|261/261\n|move|p2a: Eiscue|Ice Spinner|p1a: Bronzong\n|-resisted|p1a: Bronzong\n|-damage|p1a: Bronzong|231/261\n|\n|upkeep\n|turn|7\n|\n|t:|1782792714\n|switch|p2a: Orthworm|Orthworm, L88, F|266/266\n|-damage|p2a: Orthworm|233/266|[from] Spikes\n|move|p1a: Bronzong|Psychic Noise|p2a: Orthworm\n|-resisted|p2a: Orthworm\n|-damage|p2a: Orthworm|179/266\n|-start|p2a: Orthworm|move: Heal Block\n|\n|upkeep\n|turn|8\n|\n|t:|1782792720\n|move|p2a: Orthworm|Coil|p2a: Orthworm\n|-boost|p2a: Orthworm|atk|1\n|-boost|p2a: Orthworm|def|1\n|-boost|p2a: Orthworm|accuracy|1\n|move|p1a: Bronzong|Iron Defense|p1a: Bronzong\n|-boost|p1a: Bronzong|def|2\n|\n|-end|p2a: Orthworm|move: Heal Block\n|upkeep\n|turn|9\n|\n|t:|1782792731\n|move|p2a: Orthworm|Body Press|p1a: Bronzong\n|-damage|p1a: Bronzong|185/261\n|move|p1a: Bronzong|Body Press|p2a: Orthworm\n|-supereffective|p2a: Orthworm\n|-crit|p2a: Orthworm\n|-damage|p2a: Orthworm|0 fnt\n|faint|p2a: Orthworm\n|\n|upkeep\n|\n|t:|1782792735\n|switch|p2a: Rotom|Rotom-Fan, L86|226/226\n|turn|10\n|\n|t:|1782792743\n|switch|p1a: Alcremie|Alcremie-Mint-Cream, L90, F|172/263 brn\n|move|p2a: Rotom|Thunderbolt|p1a: Alcremie\n|-damage|p1a: Alcremie|97/263 brn\n|\n|-heal|p1a: Alcremie|113/263 brn|[from] item: Leftovers\n|-damage|p1a: Alcremie|97/263 brn|[from] brn\n|upkeep\n|turn|11\n|\n|t:|1782792750\n|move|p2a: Rotom|Volt Switch|p1a: Alcremie\n|-damage|p1a: Alcremie|37/263 brn\n|\n|t:|1782792751\n|switch|p2a: Lumineon|Lumineon, L93, F|158/279|[from] Volt Switch\n|-damage|p2a: Lumineon|124/279|[from] Spikes\n|move|p1a: Alcremie|Recover|p1a: Alcremie\n|-heal|p1a: Alcremie|169/263 brn\n|\n|-heal|p1a: Alcremie|185/263 brn|[from] item: Leftovers\n|-damage|p1a: Alcremie|169/263 brn|[from] brn\n|upkeep\n|turn|12\n|inactive|tj131 has 120 seconds left.\n|inactive|tj131 has 90 seconds left.\n|\n|t:|1782792831\n|move|p2a: Lumineon|Ice Beam|p1a: Alcremie\n|-damage|p1a: Alcremie|109/263 brn\n|-damage|p2a: Lumineon|97/279|[from] item: Life Orb\n|move|p1a: Alcremie|Recover|p1a: Alcremie\n|-heal|p1a: Alcremie|241/263 brn\n|\n|-heal|p1a: Alcremie|257/263 brn|[from] item: Leftovers\n|-damage|p1a: Alcremie|241/263 brn|[from] brn\n|upkeep\n|turn|13\n|\n|t:|1782792841\n|switch|p1a: Ogerpon|Ogerpon-Wellspring, L76, F|159/247\n|move|p2a: Lumineon|Encore||[still]\n|-fail|p2a: Lumineon\n|\n|upkeep\n|turn|14\n|inactive|tj131 has 60 seconds left.\n|\n|t:|1782792877\n|move|p2a: Lumineon|Ice Beam|p1a: Ogerpon\n|-damage|p1a: Ogerpon|73/247\n|-damage|p2a: Lumineon|70/279|[from] item: Life Orb\n|move|p1a: Ogerpon|Synthesis|p1a: Ogerpon\n|-heal|p1a: Ogerpon|196/247\n|\n|upkeep\n|turn|15\n|-message|sleepydolphin7 forfeited.\n|\n|win|tj131\n|raw|tj131's rating: 2246 &rarr; <strong>2264</strong><br />(+18 for winning)\n|raw|sleepydolphin7's rating: 2210 &rarr; <strong>2192</strong><br />(-18 for losing)\n|l|\u2606sleepydolphin7\n|player|p2|\n", "inputlog": ">version f8ac14003a5f27e1bdc8d8c59608a773c1cb96e5\n>start {\"formatid\":\"gen9randombattle\",\"seed\":\"sodium,cbe9ee92db8eedc4b5a456507f19d476\",\"rated\":\"Rated battle\"}\n>player p1 {\"name\":\"tj131\",\"avatar\":\"unknown\",\"rating\":2246,\"seed\":\"sodium,39ed4b9a2524352525c429dbc1a400ee\"}\n>player p2 {\"name\":\"sleepydolphin7\",\"avatar\":\"aquagrunt-rse\",\"rating\":2210,\"seed\":\"sodium,e25437104ee1dcbfe8c23e593b4defd7\"}\n>p1 move earthquake\n>p2 move lavaplume\n>p1 switch 2\n>p2 move lavaplume\n>p1 move alluringvoice\n>p2 switch 4\n>p1 switch 3\n>p2 move icebeam\n>p1 move spikes\n>p2 switch 3\n>p1 switch 4\n>p2 move icespinner\n>p1 move psychicnoise\n>p2 switch 5\n>p1 move irondefense\n>p2 move coil\n>p1 move bodypress\n>p2 move bodypress\n>p2 switch 6\n>p1 switch 3\n>p2 move thunderbolt\n>p1 move recover\n>p2 move voltswitch\n>p2 switch 3\n>p1 move recover\n>p2 move icebeam\n>p1 switch 4\n>p2 move encore\n>p1 move synthesis\n>p2 move icebeam\n>forcelose p2", "uploadtime": 1782792559, "views": 19, "formatid": "gen9randombattle", "rating": 2192, "private": 0, "password": null, "player_dets": [{"name": "tj131", "avatar": "unknown", "rating": 2246, "seed": "sodium,39ed4b9a2524352525c429dbc1a400ee"}, {"name": "sleepydolphin7", "avatar": "aquagrunt-rse", "rating": 2210, "seed": "sodium,e25437104ee1dcbfe8c23e593b4defd7"}], "teams_full": [{"Slaking": {"name": "Slaking", "species": "Slaking", "speciesId": "slaking", "gender": "M", "shiny": false, "level": 84, "moves": ["gigaimpact", "doubleedge", "knockoff", "earthquake"], "ability": "Truant", "evs": {"hp": 85, "atk": 85, "def": 85, "spa": 85, "spd": 85, "spe": 85}, "ivs": {"hp": 31, "atk": 31, "def": 31, "spa": 31, "spd": 31, "spe": 31}, "item": "Choice Band", "teraType": "Normal", "role": "Fast Attacker", "bvs": {"hp": 150, "atk": 160, "def": 100, "spa": 95, "spd": 65, "spe": 100}, "stats": {"hp": 389, "atk": 317, "def": 216, "spa": 208, "spd": 157, "spe": 216}, "types": ["Normal"]}, "Alcremie": {"name": "Alcremie", "species": "Alcremie-Mint-Cream", "speciesId": "alcremie", "gender": "F", "shiny": false, "level": 90, "moves": ["recover", "alluringvoice", "terablast", "calmmind"], "ability": "Aroma Veil", "evs": {"hp": 85, "atk": 0, "def": 85, "spa": 85, "spd": 85, "spe": 85}, "ivs": {"hp": 31, "atk": 0, "def": 31, "spa": 31, "spd": 31, "spe": 31}, "item": "Leftovers", "teraType": "Ground", "role": "Tera Blast user", "bvs": {"hp": 65, "atk": 60, "def": 75, "spa": 110, "spd": 121, "spe": 64}, "stats": {"hp": 263, "atk": 113, "def": 186, "spa": 249, "spd": 269, "spe": 167}, "types": ["Fairy"]}, "Ogerpon": {"name": "Ogerpon", "species": "Ogerpon-Wellspring", "speciesId": "ogerponwellspring", "gender": "F", "shiny": false, "level": 76, "moves": ["ivycudgel", "spikes", "synthesis", "woodhammer"], "ability": "Water Absorb", "evs": {"hp": 85, "atk": 85, "def": 85, "spa": 85, "spd": 85, "spe": 85}, "ivs": {"hp": 31, "atk": 31, "def": 31, "spa": 31, "spd": 31, "spe": 31}, "item": "Wellspring Mask", "teraType": "Water", "role": "Bulky Attacker", "bvs": {"hp": 80, "atk": 120, "def": 84, "spa": 60, "spd": 96, "spe": 110}, "stats": {"hp": 247, "atk": 226, "def": 172, "spa": 135, "spd": 190, "spe": 211}, "types": ["Grass", "Water"]}, "Bronzong": {"name": "Bronzong", "species": "Bronzong", "speciesId": "bronzong", "gender": "N", "shiny": false, "level": 88, "moves": ["psychicnoise", "rest", "bodypress", "irondefense"], "ability": "Levitate", "evs": {"hp": 85, "atk": 0, "def": 85, "spa": 85, "spd": 85, "spe": 85}, "ivs": {"hp": 31, "atk": 0, "def": 31, "spa": 31, "spd": 31, "spe": 31}, "item": "Chesto Berry", "teraType": "Fighting", "role": "Bulky Setup", "bvs": {"hp": 67, "atk": 89, "def": 116, "spa": 79, "spd": 116, "spe": 33}, "stats": {"hp": 261, "atk": 161, "def": 254, "spa": 189, "spd": 254, "spe": 108}, "types": ["Steel", "Psychic"]}, "Venomoth": {"name": "Venomoth", "species": "Venomoth", "speciesId": "venomoth", "gender": "M", "shiny": false, "level": 84, "moves": ["bugbuzz", "sleeppowder", "sludgewave", "quiverdance"], "ability": "Tinted Lens", "evs": {"hp": 85, "atk": 0, "def": 85, "spa": 85, "spd": 85, "spe": 85}, "ivs": {"hp": 31, "atk": 0, "def": 31, "spa": 31, "spd": 31, "spe": 31}, "item": "Heavy-Duty Boots", "teraType": "Water", "role": "Setup Sweeper", "bvs": {"hp": 70, "atk": 65, "def": 60, "spa": 90, "spd": 75, "spe": 90}, "stats": {"hp": 255, "atk": 114, "def": 149, "spa": 199, "spd": 174, "spe": 199}, "types": ["Bug", "Poison"]}, "Pecharunt": {"name": "Pecharunt", "species": "Pecharunt", "speciesId": "pecharunt", "gender": "N", "shiny": false, "level": 77, "moves": ["shadowball", "recover", "partingshot", "malignantchain"], "ability": "Poison Puppeteer", "evs": {"hp": 85, "atk": 0, "def": 85, "spa": 85, "spd": 85, "spe": 85}, "ivs": {"hp": 31, "atk": 0, "def": 31, "spa": 31, "spd": 31, "spe": 31}, "item": "Leftovers", "teraType": "Dark", "role": "Bulky Attacker", "bvs": {"hp": 88, "atk": 88, "def": 160, "spa": 88, "spd": 88, "spe": 88}, "stats": {"hp": 262, "atk": 140, "def": 291, "spa": 180, "spd": 180, "spe": 180}, "types": ["Poison", "Ghost"]}}, {"Torkoal": {"name": "Torkoal", "species": "Torkoal", "speciesId": "torkoal", "gender": "F", "shiny": false, "level": 88, "moves": ["lavaplume", "solarbeam", "yawn", "rapidspin"], "ability": "Drought", "evs": {"hp": 85, "atk": 85, "def": 85, "spa": 85, "spd": 85, "spe": 85}, "ivs": {"hp": 31, "atk": 31, "def": 31, "spa": 31, "spd": 31, "spe": 31}, "item": "Heavy-Duty Boots", "teraType": "Grass", "role": "Bulky Support", "bvs": {"hp": 70, "atk": 85, "def": 140, "spa": 85, "spd": 70, "spe": 20}, "stats": {"hp": 266, "atk": 200, "def": 297, "spa": 200, "spd": 173, "spe": 85}, "types": ["Fire"]}, "Golduck": {"name": "Golduck", "species": "Golduck", "speciesId": "golduck", "gender": "M", "shiny": false, "level": 90, "moves": ["hydropump", "grassknot", "nastyplot", "icebeam"], "ability": "Cloud Nine", "evs": {"hp": 85, "atk": 0, "def": 85, "spa": 85, "spd": 85, "spe": 85}, "ivs": {"hp": 31, "atk": 0, "def": 31, "spa": 31, "spd": 31, "spe": 31}, "item": "Life Orb", "teraType": "Water", "role": "Fast Attacker", "bvs": {"hp": 80, "atk": 82, "def": 78, "spa": 95, "spd": 80, "spe": 85}, "stats": {"hp": 290, "atk": 152, "def": 192, "spa": 222, "spd": 195, "spe": 204}, "types": ["Water"]}, "Eiscue": {"name": "Eiscue", "species": "Eiscue", "speciesId": "eiscue", "gender": "F", "shiny": false, "level": 88, "moves": ["liquidation", "icespinner", "bellydrum", "zenheadbutt"], "ability": "Ice Face", "evs": {"hp": 81, "atk": 85, "def": 85, "spa": 85, "spd": 85, "spe": 85}, "ivs": {"hp": 31, "atk": 31, "def": 31, "spa": 31, "spd": 31, "spe": 31}, "item": "Sitrus Berry", "teraType": "Water", "role": "Setup Sweeper", "bvs": {"hp": 75, "atk": 80, "def": 110, "spa": 65, "spd": 90, "spe": 50}, "stats": {"hp": 274, "atk": 191, "def": 244, "spa": 165, "spd": 209, "spe": 138}, "types": ["Ice"]}, "Lumineon": {"name": "Lumineon", "species": "Lumineon", "speciesId": "lumineon", "gender": "F", "shiny": false, "level": 93, "moves": ["encore", "alluringvoice", "icebeam", "hydropump"], "ability": "Storm Drain", "evs": {"hp": 85, "atk": 0, "def": 85, "spa": 85, "spd": 85, "spe": 85}, "ivs": {"hp": 31, "atk": 0, "def": 31, "spa": 31, "spd": 31, "spe": 31}, "item": "Life Orb", "teraType": "Fairy", "role": "Fast Attacker", "bvs": {"hp": 69, "atk": 69, "def": 76, "spa": 69, "spd": 86, "spe": 91}, "stats": {"hp": 279, "atk": 133, "def": 194, "spa": 181, "spd": 213, "spe": 222}, "types": ["Water"]}, "Orthworm": {"name": "Orthworm", "species": "Orthworm", "speciesId": "orthworm", "gender": "F", "shiny": false, "level": 88, "moves": ["bodypress", "irontail", "coil", "rest"], "ability": "Earth Eater", "evs": {"hp": 85, "atk": 85, "def": 85, "spa": 85, "spd": 85, "spe": 85}, "ivs": {"hp": 31, "atk": 31, "def": 31, "spa": 31, "spd": 31, "spe": 31}, "item": "Chesto Berry", "teraType": "Electric", "role": "Bulky Setup", "bvs": {"hp": 70, "atk": 85, "def": 145, "spa": 60, "spd": 55, "spe": 65}, "stats": {"hp": 266, "atk": 200, "def": 305, "spa": 156, "spd": 147, "spe": 165}, "types": ["Steel"]}, "Rotom": {"name": "Rotom", "species": "Rotom-Fan", "speciesId": "rotomfan", "gender": "N", "shiny": false, "level": 86, "moves": ["willowisp", "airslash", "thunderbolt", "voltswitch"], "ability": "Levitate", "evs": {"hp": 85, "atk": 0, "def": 85, "spa": 85, "spd": 85, "spe": 85}, "ivs": {"hp": 31, "atk": 0, "def": 31, "spa": 31, "spd": 31, "spe": 31}, "item": "Heavy-Duty Boots", "teraType": "Steel", "role": "Bulky Attacker", "bvs": {"hp": 50, "atk": 65, "def": 107, "spa": 105, "spd": 107, "spe": 86}, "stats": {"hp": 226, "atk": 116, "def": 233, "spa": 230, "spd": 233, "spe": 197}, "types": ["Electric", "Flying"]}}]}