{"id": "gen9randombattle-2641741541", "format": "[Gen 9] Random Battle", "players": ["Cormanor", "kimballslice"], "log": "|j|\u2606Cormanor\n|j|\u2606kimballslice\n|t:|1782836440\n|gametype|singles\n|player|p1|Cormanor|169|1271\n|player|p2|kimballslice|265|1286\n|gen|9\n|tier|[Gen 9] Random Battle\n|rated|\n|rule|Species Clause: Limit one of each Pok\u00e9mon\n|rule|HP Percentage Mod: HP is shown in percentages\n|rule|Sleep Clause Mod: Limit one foe put to sleep\n|rule|Illusion Level Mod: Illusion disguises the Pok\u00e9mon's true level\n|\n|t:|1782836440\n|teamsize|p1|6\n|teamsize|p2|6\n|start\n|switch|p1a: Arceus|Arceus-Flying, L69|279/279\n|switch|p2a: Gumshoos|Gumshoos, L95, M|321/321\n|turn|1\n|\n|t:|1782836456\n|move|p1a: Arceus|Calm Mind|p1a: Arceus\n|-boost|p1a: Arceus|spa|1\n|-boost|p1a: Arceus|spd|1\n|move|p2a: Gumshoos|Double-Edge|p1a: Arceus\n|-damage|p1a: Arceus|33/279\n|-damage|p2a: Gumshoos|240/321|[from] Recoil\n|\n|upkeep\n|turn|2\n|\n|t:|1782836465\n|move|p1a: Arceus|Judgment|p2a: Gumshoos\n|-crit|p2a: Gumshoos\n|-damage|p2a: Gumshoos|0 fnt\n|faint|p2a: Gumshoos\n|\n|upkeep\n|\n|t:|1782836478\n|switch|p2a: Iron Bundle|Iron Bundle, L78|215/215\n|turn|3\n|\n|t:|1782836503\n|move|p2a: Iron Bundle|Ice Beam|p1a: Arceus\n|-supereffective|p1a: Arceus\n|-damage|p1a: Arceus|0 fnt\n|faint|p1a: Arceus\n|\n|upkeep\n|\n|t:|1782836505\n|switch|p1a: Armarouge|Armarouge, L80, F|267/267\n|turn|4\n|\n|t:|1782836527\n|-terastallize|p1a: Armarouge|Grass\n|move|p2a: Iron Bundle|Hydro Pump|p1a: Armarouge\n|-resisted|p1a: Armarouge\n|-damage|p1a: Armarouge|198/267\n|move|p1a: Armarouge|Energy Ball|p2a: Iron Bundle\n|-supereffective|p2a: Iron Bundle\n|-damage|p2a: Iron Bundle|0 fnt\n|faint|p2a: Iron Bundle\n|-end|p2a: Iron Bundle|Quark Drive|[silent]\n|\n|upkeep\n|\n|t:|1782836549\n|switch|p2a: Articuno|Articuno-Galar, L84|288/288\n|turn|5\n|\n|t:|1782836580\n|switch|p1a: Golem|Golem, L87, M|281/281\n|move|p2a: Articuno|Calm Mind|p2a: Articuno\n|-boost|p2a: Articuno|spa|1\n|-boost|p2a: Articuno|spd|1\n|\n|upkeep\n|turn|6\n|\n|t:|1782836621\n|move|p2a: Articuno|Freezing Glare|p1a: Golem\n|-damage|p1a: Golem|65/281\n|move|p1a: Golem|Stone Edge|p2a: Articuno\n|-supereffective|p2a: Articuno\n|-damage|p2a: Articuno|18/288\n|\n|upkeep\n|turn|7\n|\n|t:|1782836634\n|move|p2a: Articuno|Freezing Glare|p1a: Golem\n|-damage|p1a: Golem|0 fnt\n|faint|p1a: Golem\n|\n|upkeep\n|\n|t:|1782836641\n|switch|p1a: Basculin|Basculin-Blue-Striped, L86, F|261/261\n|turn|8\n|\n|t:|1782836648\n|move|p1a: Basculin|Aqua Jet|p2a: Articuno\n|-damage|p2a: Articuno|0 fnt\n|faint|p2a: Articuno\n|\n|upkeep\n|\n|t:|1782836654\n|switch|p2a: Pachirisu|Pachirisu, L96, M|271/271\n|turn|9\n|\n|t:|1782836668\n|switch|p1a: Armarouge|Armarouge, L80, F, tera:Grass|198/267\n|move|p2a: Pachirisu|Discharge|p1a: Armarouge\n|-resisted|p1a: Armarouge\n|-damage|p1a: Armarouge|165/267\n|\n|upkeep\n|turn|10\n|\n|t:|1782836686\n|move|p2a: Pachirisu|U-turn|p1a: Armarouge\n|-supereffective|p1a: Armarouge\n|-damage|p1a: Armarouge|87/267\n|-ability|p1a: Armarouge|Weak Armor|boost\n|-unboost|p1a: Armarouge|def|1\n|-boost|p1a: Armarouge|spe|2\n|\n|t:|1782836695\n|switch|p2a: Toucannon|Toucannon, L88, F|284/284|[from] U-turn\n|move|p1a: Armarouge|Psyshock|p2a: Toucannon\n|-damage|p2a: Toucannon|139/284\n|\n|upkeep\n|turn|11\n|\n|t:|1782836703\n|-singleturn|p2a: Toucannon|move: Beak Blast\n|move|p1a: Armarouge|Psyshock|p2a: Toucannon\n|-damage|p2a: Toucannon|0 fnt\n|faint|p2a: Toucannon\n|\n|upkeep\n|\n|t:|1782836716\n|switch|p2a: Necrozma|Necrozma-Dawn-Wings, L76|272/272\n|turn|12\n|\n|t:|1782836744\n|move|p1a: Armarouge|Psyshock|p2a: Necrozma\n|-resisted|p2a: Necrozma\n|-damage|p2a: Necrozma|206/272\n|move|p2a: Necrozma|Moongeist Beam|p1a: Armarouge\n|-crit|p1a: Armarouge\n|-damage|p1a: Armarouge|0 fnt\n|faint|p1a: Armarouge\n|\n|-heal|p2a: Necrozma|223/272|[from] item: Leftovers\n|upkeep\n|\n|t:|1782836750\n|switch|p1a: Forretress|Forretress, L84, M|263/263\n|turn|13\n|\n|t:|1782836773\n|move|p2a: Necrozma|Moongeist Beam|p1a: Forretress\n|-damage|p1a: Forretress|86/263\n|move|p1a: Forretress|Iron Head|p2a: Necrozma\n|-damage|p2a: Necrozma|148/272\n|\n|-heal|p2a: Necrozma|165/272|[from] item: Leftovers\n|-heal|p1a: Forretress|102/263|[from] item: Leftovers\n|upkeep\n|turn|14\n|\n|t:|1782836782\n|move|p2a: Necrozma|Moongeist Beam|p1a: Forretress\n|-damage|p1a: Forretress|0 fnt\n|faint|p1a: Forretress\n|\n|-heal|p2a: Necrozma|182/272|[from] item: Leftovers\n|upkeep\n|\n|t:|1782836790\n|switch|p1a: Basculin|Basculin-Blue-Striped, L86, F|261/261\n|turn|15\n|\n|t:|1782836799\n|move|p1a: Basculin|Wave Crash|p2a: Necrozma\n|-damage|p2a: Necrozma|0 fnt\n|faint|p2a: Necrozma\n|-damage|p1a: Basculin|201/261|[from] Recoil\n|\n|upkeep\n|\n|t:|1782836805\n|switch|p2a: Pachirisu|Pachirisu, L96, M|271/271\n|turn|16\n|\n|t:|1782836810\n|move|p2a: Pachirisu|Discharge|p1a: Basculin\n|-supereffective|p1a: Basculin\n|-damage|p1a: Basculin|13/261\n|-status|p1a: Basculin|par\n|cant|p1a: Basculin|par\n|\n|upkeep\n|turn|17\n|\n|t:|1782836819\n|move|p2a: Pachirisu|Discharge|p1a: Basculin\n|-supereffective|p1a: Basculin\n|-damage|p1a: Basculin|0 fnt\n|faint|p1a: Basculin\n|\n|upkeep\n|\n|t:|1782836824\n|switch|p1a: Tropius|Tropius, L91, F|328/328\n|turn|18\n|\n|t:|1782836831\n|move|p2a: Pachirisu|Super Fang|p1a: Tropius\n|-damage|p1a: Tropius|164/328\n|-enditem|p1a: Tropius|Sitrus Berry|[eat]\n|-heal|p1a: Tropius|246/328|[from] item: Sitrus Berry\n|move|p1a: Tropius|Substitute|p1a: Tropius\n|-start|p1a: Tropius|Substitute\n|-damage|p1a: Tropius|164/328\n|\n|upkeep\n|turn|19\n|\n|t:|1782836843\n|move|p2a: Pachirisu|Encore|p1a: Tropius\n|-start|p1a: Tropius|Encore\n|move|p1a: Tropius|Substitute|p1a: Tropius\n|-fail|p1a: Tropius|move: Substitute\n|\n|upkeep\n|turn|20\n|\n|t:|1782836848\n|move|p2a: Pachirisu|Discharge|p1a: Tropius\n|-activate|p1a: Tropius|move: Substitute|[damage]\n|move|p1a: Tropius|Substitute|p1a: Tropius\n|-fail|p1a: Tropius|move: Substitute\n|\n|upkeep\n|turn|21\n|\n|t:|1782836853\n|move|p2a: Pachirisu|Discharge|p1a: Tropius\n|-end|p1a: Tropius|Substitute\n|move|p1a: Tropius|Substitute|p1a: Tropius\n|-start|p1a: Tropius|Substitute\n|-damage|p1a: Tropius|82/328\n|\n|-end|p1a: Tropius|Encore\n|upkeep\n|turn|22\n|\n|t:|1782836898\n|move|p2a: Pachirisu|Encore|p1a: Tropius\n|-start|p1a: Tropius|Encore\n|move|p1a: Tropius|Substitute|p1a: Tropius\n|-fail|p1a: Tropius|move: Substitute\n|\n|-item|p1a: Tropius|Sitrus Berry|[from] ability: Harvest\n|upkeep\n|-enditem|p1a: Tropius|Sitrus Berry|[eat]\n|-heal|p1a: Tropius|164/328|[from] item: Sitrus Berry\n|turn|23\n|\n|t:|1782836906\n|move|p2a: Pachirisu|Discharge|p1a: Tropius\n|-activate|p1a: Tropius|move: Substitute|[damage]\n|move|p1a: Tropius|Substitute|p1a: Tropius\n|-fail|p1a: Tropius|move: Substitute\n|\n|upkeep\n|turn|24\n|\n|t:|1782836911\n|move|p2a: Pachirisu|Discharge|p1a: Tropius\n|-end|p1a: Tropius|Substitute\n|move|p1a: Tropius|Substitute|p1a: Tropius\n|-start|p1a: Tropius|Substitute\n|-damage|p1a: Tropius|82/328\n|\n|-end|p1a: Tropius|Encore\n|upkeep\n|turn|25\n|\n|t:|1782836919\n|move|p1a: Tropius|Protect|p1a: Tropius\n|-singleturn|p1a: Tropius|Protect\n|move|p2a: Pachirisu|Encore|p1a: Tropius\n|-activate|p1a: Tropius|move: Protect\n|\n|upkeep\n|turn|26\n|\n|t:|1782836928\n|move|p2a: Pachirisu|Encore|p1a: Tropius\n|-start|p1a: Tropius|Encore\n|move|p1a: Tropius|Protect||[still]\n|-fail|p1a: Tropius\n|\n|upkeep\n|turn|27\n|\n|t:|1782836933\n|move|p1a: Tropius|Protect|p1a: Tropius\n|-singleturn|p1a: Tropius|Protect\n|move|p2a: Pachirisu|Discharge|p1a: Tropius\n|-activate|p1a: Tropius|move: Protect\n|\n|-item|p1a: Tropius|Sitrus Berry|[from] ability: Harvest\n|upkeep\n|-enditem|p1a: Tropius|Sitrus Berry|[eat]\n|-heal|p1a: Tropius|164/328|[from] item: Sitrus Berry\n|turn|28\n|\n|t:|1782836942\n|move|p1a: Tropius|Protect|p1a: Tropius\n|-singleturn|p1a: Tropius|Protect\n|move|p2a: Pachirisu|Discharge|p1a: Tropius\n|-activate|p1a: Tropius|move: Protect\n|\n|-end|p1a: Tropius|Encore\n|upkeep\n|turn|29\n|\n|t:|1782836958\n|move|p1a: Tropius|Protect||[still]\n|-fail|p1a: Tropius\n|move|p2a: Pachirisu|Discharge|p1a: Tropius\n|-activate|p1a: Tropius|move: Substitute|[damage]\n|\n|-item|p1a: Tropius|Sitrus Berry|[from] ability: Harvest\n|upkeep\n|-enditem|p1a: Tropius|Sitrus Berry|[eat]\n|-heal|p1a: Tropius|246/328|[from] item: Sitrus Berry\n|turn|30\n|\n|t:|1782836967\n|move|p2a: Pachirisu|Discharge|p1a: Tropius\n|-end|p1a: Tropius|Substitute\n|move|p1a: Tropius|Leech Seed|p2a: Pachirisu\n|-start|p2a: Pachirisu|move: Leech Seed\n|\n|-damage|p2a: Pachirisu|238/271|[from] Leech Seed|[of] p1a: Tropius\n|-heal|p1a: Tropius|279/328|[silent]\n|upkeep\n|turn|31\n|\n|t:|1782836984\n|move|p1a: Tropius|Protect|p1a: Tropius\n|-singleturn|p1a: Tropius|Protect\n|move|p2a: Pachirisu|Encore|p1a: Tropius\n|-activate|p1a: Tropius|move: Protect\n|\n|-damage|p2a: Pachirisu|205/271|[from] Leech Seed|[of] p1a: Tropius\n|-heal|p1a: Tropius|312/328|[silent]\n|-item|p1a: Tropius|Sitrus Berry|[from] ability: Harvest\n|upkeep\n|turn|32\n|\n|t:|1782836993\n|move|p2a: Pachirisu|Super Fang|p1a: Tropius|[miss]\n|-miss|p2a: Pachirisu|p1a: Tropius\n|move|p1a: Tropius|Substitute|p1a: Tropius\n|-start|p1a: Tropius|Substitute\n|-damage|p1a: Tropius|230/328\n|\n|-damage|p2a: Pachirisu|172/271|[from] Leech Seed|[of] p1a: Tropius\n|-heal|p1a: Tropius|263/328|[silent]\n|upkeep\n|turn|33\n|\n|t:|1782837001\n|move|p2a: Pachirisu|Super Fang|p1a: Tropius\n|-end|p1a: Tropius|Substitute\n|move|p1a: Tropius|Air Slash|p2a: Pachirisu\n|-resisted|p2a: Pachirisu\n|-damage|p2a: Pachirisu|140/271\n|\n|-damage|p2a: Pachirisu|107/271|[from] Leech Seed|[of] p1a: Tropius\n|-heal|p1a: Tropius|296/328|[silent]\n|upkeep\n|turn|34\n|\n|t:|1782837010\n|move|p1a: Tropius|Protect|p1a: Tropius\n|-singleturn|p1a: Tropius|Protect\n|move|p2a: Pachirisu|Super Fang|p1a: Tropius\n|-activate|p1a: Tropius|move: Protect\n|\n|-damage|p2a: Pachirisu|74/271|[from] Leech Seed|[of] p1a: Tropius\n|-heal|p1a: Tropius|328/328|[silent]\n|upkeep\n|turn|35\n|-message|kimballslice forfeited.\n|\n|win|Cormanor\n|raw|Cormanor's rating: 1271 &rarr; <strong>1297</strong><br />(+26 for winning)\n|raw|kimballslice's rating: 1286 &rarr; <strong>1260</strong><br />(-26 for losing)\n|l|\u2606kimballslice\n|player|p2|\n", "inputlog": ">version f8ac14003a5f27e1bdc8d8c59608a773c1cb96e5\n>start {\"formatid\":\"gen9randombattle\",\"seed\":\"sodium,afdd941dcfdc00e34635376db31eb9e8\",\"rated\":\"Rated battle\"}\n>player p1 {\"name\":\"Cormanor\",\"avatar\":\"169\",\"rating\":1271,\"seed\":\"sodium,9cdc2380b3f368d084dd27dc61a2f466\"}\n>player p2 {\"name\":\"kimballslice\",\"avatar\":\"265\",\"rating\":1286,\"seed\":\"sodium,f911abfff0524fb07191ecc062232351\"}\n>p1 move calmmind\n>p2 move doubleedge\n>p1 move judgment\n>p2 move doubleedge\n>p2 switch 3\n>p1 move judgment\n>p2 move icebeam\n>p1 switch 2\n>p1 move energyball terastallize\n>p2 move hydropump\n>p2 switch 4\n>p1 switch 3\n>p2 move calmmind\n>p1 move stoneedge\n>p2 move freezingglare\n>p1 move stoneedge\n>p2 move freezingglare\n>p1 switch 5\n>p1 move aquajet\n>p2 move recover\n>p2 switch 2\n>p1 switch 3\n>p2 move discharge\n>p1 move psyshock\n>p2 move uturn\n>p2 switch 6\n>p1 move psyshock\n>p2 move beakblast\n>p2 switch 5\n>p1 move psyshock\n>p2 move moongeistbeam\n>p1 switch 6\n>p1 move ironhead\n>p2 move moongeistbeam\n>p1 move ironhead\n>p2 move moongeistbeam\n>p1 switch 3\n>p1 move wavecrash\n>p2 move moonlight\n>p2 switch 6\n>p1 move wavecrash\n>p2 move discharge\n>p1 move wavecrash\n>p2 move discharge\n>p1 switch 4\n>p1 move substitute\n>p2 move superfang\n>p1 move leechseed\n>p2 move encore\n>p1 move substitute\n>p2 move discharge\n>p1 move substitute\n>p2 move discharge\n>p1 move leechseed\n>p2 move encore\n>p1 move substitute\n>p2 move discharge\n>p1 move substitute\n>p2 move discharge\n>p1 move protect\n>p2 move encore\n>p1 move leechseed\n>p2 move encore\n>p1 move protect\n>p2 move discharge\n>p1 move protect\n>p2 move discharge\n>p1 move protect\n>p2 move discharge\n>p1 move leechseed\n>p2 move discharge\n>p1 move protect\n>p2 move encore\n>p1 move substitute\n>p2 move superfang\n>p1 move airslash\n>p2 move superfang\n>p1 move protect\n>p2 move superfang\n>forcelose p2", "uploadtime": 1782837026, "views": 2, "formatid": "gen9randombattle", "rating": 1260, "private": 0, "password": null, "player_dets": [{"name": "Cormanor", "avatar": "169", "rating": 1271, "seed": "sodium,9cdc2380b3f368d084dd27dc61a2f466"}, {"name": "kimballslice", "avatar": "265", "rating": 1286, "seed": "sodium,f911abfff0524fb07191ecc062232351"}], "teams_full": [{"Arceus": {"name": "Arceus", "species": "Arceus-Flying", "speciesId": "arceusflying", "gender": "N", "shiny": false, "level": 69, "moves": ["earthpower", "recover", "judgment", "calmmind"], "ability": "Multitype", "evs": {"hp": 81, "atk": 0, "def": 85, "spa": 85, "spd": 85, "spe": 85}, "ivs": {"hp": 31, "atk": 0, "def": 31, "spa": 31, "spd": 31, "spe": 31}, "item": "Sky Plate", "teraType": "Steel", "role": "Bulky Setup", "bvs": {"hp": 120, "atk": 120, "def": 120, "spa": 120, "spd": 120, "spe": 120}, "stats": {"hp": 279, "atk": 170, "def": 206, "spa": 206, "spd": 206, "spe": 206}, "types": ["Flying"]}, "Armarouge": {"name": "Armarouge", "species": "Armarouge", "speciesId": "armarouge", "gender": "F", "shiny": false, "level": 80, "moves": ["energyball", "psyshock", "focusblast", "armorcannon"], "ability": "Weak Armor", "evs": {"hp": 85, "atk": 0, "def": 85, "spa": 85, "spd": 85, "spe": 85}, "ivs": {"hp": 31, "atk": 0, "def": 31, "spa": 31, "spd": 31, "spe": 31}, "item": "Choice Specs", "teraType": "Grass", "role": "Wallbreaker", "bvs": {"hp": 85, "atk": 60, "def": 100, "spa": 125, "spd": 80, "spe": 75}, "stats": {"hp": 267, "atk": 101, "def": 206, "spa": 246, "spd": 174, "spe": 166}, "types": ["Fire", "Psychic"]}, "Golem": {"name": "Golem", "species": "Golem", "speciesId": "golem", "gender": "M", "shiny": false, "level": 87, "moves": ["stoneedge", "earthquake", "explosion", "rockpolish"], "ability": "Sturdy", "evs": {"hp": 85, "atk": 85, "def": 85, "spa": 85, "spd": 85, "spe": 85}, "ivs": {"hp": 31, "atk": 31, "def": 31, "spa": 31, "spd": 31, "spe": 31}, "item": "Weakness Policy", "teraType": "Ground", "role": "Bulky Attacker", "bvs": {"hp": 80, "atk": 120, "def": 130, "spa": 55, "spd": 65, "spe": 45}, "stats": {"hp": 281, "atk": 259, "def": 276, "spa": 145, "spd": 163, "spe": 128}, "types": ["Rock", "Ground"]}, "Tropius": {"name": "Tropius", "species": "Tropius", "speciesId": "tropius", "gender": "F", "shiny": false, "level": 91, "moves": ["leechseed", "protect", "substitute", "airslash"], "ability": "Harvest", "evs": {"hp": 85, "atk": 0, "def": 85, "spa": 85, "spd": 85, "spe": 85}, "ivs": {"hp": 31, "atk": 0, "def": 31, "spa": 31, "spd": 31, "spe": 31}, "item": "Sitrus Berry", "teraType": "Steel", "role": "Bulky Support", "bvs": {"hp": 99, "atk": 68, "def": 83, "spa": 72, "spd": 87, "spe": 51}, "stats": {"hp": 328, "atk": 128, "def": 203, "spa": 183, "spd": 210, "spe": 145}, "types": ["Grass", "Flying"]}, "Basculin": {"name": "Basculin", "species": "Basculin-Blue-Striped", "speciesId": "basculin", "gender": "F", "shiny": false, "level": 86, "moves": ["flipturn", "wavecrash", "aquajet", "doubleedge"], "ability": "Adaptability", "evs": {"hp": 85, "atk": 85, "def": 85, "spa": 85, "spd": 85, "spe": 85}, "ivs": {"hp": 31, "atk": 31, "def": 31, "spa": 31, "spd": 31, "spe": 31}, "item": "Choice Band", "teraType": "Water", "role": "Wallbreaker", "bvs": {"hp": 70, "atk": 92, "def": 65, "spa": 80, "spd": 55, "spe": 98}, "stats": {"hp": 261, "atk": 207, "def": 161, "spa": 187, "spd": 144, "spe": 218}, "types": ["Water"]}, "Forretress": {"name": "Forretress", "species": "Forretress", "speciesId": "forretress", "gender": "M", "shiny": false, "level": 84, "moves": ["stealthrock", "spikes", "ironhead", "rapidspin"], "ability": "Sturdy", "evs": {"hp": 85, "atk": 85, "def": 85, "spa": 85, "spd": 85, "spe": 85}, "ivs": {"hp": 31, "atk": 31, "def": 31, "spa": 31, "spd": 31, "spe": 31}, "item": "Leftovers", "teraType": "Water", "role": "Bulky Support", "bvs": {"hp": 75, "atk": 90, "def": 140, "spa": 60, "spd": 60, "spe": 40}, "stats": {"hp": 263, "atk": 199, "def": 283, "spa": 149, "spd": 149, "spe": 115}, "types": ["Bug", "Steel"]}}, {"Gumshoos": {"name": "Gumshoos", "species": "Gumshoos", "speciesId": "gumshoos", "gender": "M", "shiny": false, "level": 95, "moves": ["earthquake", "doubleedge", "uturn", "knockoff"], "ability": "Stakeout", "evs": {"hp": 85, "atk": 85, "def": 85, "spa": 85, "spd": 85, "spe": 85}, "ivs": {"hp": 31, "atk": 31, "def": 31, "spa": 31, "spd": 31, "spe": 31}, "item": "Choice Band", "teraType": "Normal", "role": "Wallbreaker", "bvs": {"hp": 88, "atk": 110, "def": 60, "spa": 55, "spd": 60, "spe": 45}, "stats": {"hp": 321, "atk": 263, "def": 168, "spa": 158, "spd": 168, "spe": 139}, "types": ["Normal"]}, "Pachirisu": {"name": "Pachirisu", "species": "Pachirisu", "speciesId": "pachirisu", "gender": "M", "shiny": false, "level": 96, "moves": ["uturn", "discharge", "superfang", "encore"], "ability": "Volt Absorb", "evs": {"hp": 85, "atk": 85, "def": 85, "spa": 85, "spd": 85, "spe": 85}, "ivs": {"hp": 31, "atk": 31, "def": 31, "spa": 31, "spd": 31, "spe": 31}, "item": "Heavy-Duty Boots", "teraType": "Flying", "role": "Fast Support", "bvs": {"hp": 60, "atk": 45, "def": 70, "spa": 45, "spd": 90, "spe": 95}, "stats": {"hp": 271, "atk": 141, "def": 189, "spa": 141, "spd": 227, "spe": 237}, "types": ["Electric"]}, "Iron Bundle": {"name": "Iron Bundle", "species": "Iron Bundle", "speciesId": "ironbundle", "gender": "N", "shiny": false, "level": 78, "moves": ["freezedry", "icebeam", "encore", "hydropump"], "ability": "Quark Drive", "evs": {"hp": 85, "atk": 0, "def": 85, "spa": 85, "spd": 85, "spe": 85}, "ivs": {"hp": 31, "atk": 0, "def": 31, "spa": 31, "spd": 31, "spe": 31}, "item": "Heavy-Duty Boots", "teraType": "Ice", "role": "Fast Attacker", "bvs": {"hp": 56, "atk": 80, "def": 114, "spa": 124, "spd": 60, "spe": 136}, "stats": {"hp": 215, "atk": 129, "def": 223, "spa": 239, "spd": 139, "spe": 257}, "types": ["Ice", "Water"]}, "Articuno": {"name": "Articuno", "species": "Articuno-Galar", "speciesId": "articunogalar", "gender": "N", "shiny": false, "level": 84, "moves": ["hurricane", "calmmind", "freezingglare", "recover"], "ability": "Competitive", "evs": {"hp": 85, "atk": 0, "def": 85, "spa": 85, "spd": 85, "spe": 85}, "ivs": {"hp": 31, "atk": 0, "def": 31, "spa": 31, "spd": 31, "spe": 31}, "item": "Heavy-Duty Boots", "teraType": "Steel", "role": "Fast Bulky Setup", "bvs": {"hp": 90, "atk": 85, "def": 85, "spa": 125, "spd": 100, "spe": 95}, "stats": {"hp": 288, "atk": 147, "def": 191, "spa": 258, "spd": 216, "spe": 208}, "types": ["Psychic", "Flying"]}, "Necrozma": {"name": "Necrozma", "species": "Necrozma-Dawn-Wings", "speciesId": "necrozmadawnwings", "gender": "N", "shiny": false, "level": 76, "moves": ["photongeyser", "calmmind", "moonlight", "moongeistbeam"], "ability": "Prism Armor", "evs": {"hp": 85, "atk": 0, "def": 85, "spa": 85, "spd": 85, "spe": 85}, "ivs": {"hp": 31, "atk": 0, "def": 31, "spa": 31, "spd": 31, "spe": 31}, "item": "Leftovers", "teraType": "Fairy", "role": "Bulky Setup", "bvs": {"hp": 97, "atk": 113, "def": 109, "spa": 157, "spd": 127, "spe": 77}, "stats": {"hp": 272, "atk": 176, "def": 210, "spa": 283, "spd": 237, "spe": 161}, "types": ["Psychic", "Ghost"]}, "Toucannon": {"name": "Toucannon", "species": "Toucannon", "speciesId": "toucannon", "gender": "F", "shiny": false, "level": 88, "moves": ["beakblast", "uturn", "boomburst", "roost"], "ability": "Keen Eye", "evs": {"hp": 85, "atk": 85, "def": 85, "spa": 85, "spd": 85, "spe": 85}, "ivs": {"hp": 31, "atk": 31, "def": 31, "spa": 31, "spd": 31, "spe": 31}, "item": "Heavy-Duty Boots", "teraType": "Steel", "role": "Bulky Support", "bvs": {"hp": 80, "atk": 120, "def": 75, "spa": 75, "spd": 75, "spe": 60}, "stats": {"hp": 284, "atk": 261, "def": 182, "spa": 182, "spd": 182, "spe": 156}, "types": ["Normal", "Flying"]}}]}