{"id": "gen9randombattle-2641682124", "format": "[Gen 9] Random Battle", "players": ["phoenixazure21", "sonnyjimvb2"], "log": "|j|\u2606phoenixazure21\n|j|\u2606sonnyjimvb2\n|t:|1782829217\n|gametype|singles\n|player|p1|phoenixazure21|266|1880\n|player|p2|sonnyjimvb2|169|1938\n|gen|9\n|tier|[Gen 9] Random Battle\n|rated|\n|rule|Species Clause: Limit one of each Pok\u00e9mon\n|rule|HP Percentage Mod: HP is shown in percentages\n|rule|Sleep Clause Mod: Limit one foe put to sleep\n|rule|Illusion Level Mod: Illusion disguises the Pok\u00e9mon's true level\n|\n|t:|1782829217\n|teamsize|p1|6\n|teamsize|p2|6\n|start\n|switch|p1a: Azelf|Azelf, L82|257/257\n|switch|p2a: Raichu|Raichu, L88, M|249/249\n|turn|1\n|\n|t:|1782829229\n|move|p2a: Raichu|Thunderbolt|p1a: Azelf\n|-damage|p1a: Azelf|111/257\n|-damage|p2a: Raichu|225/249|[from] item: Life Orb\n|move|p1a: Azelf|Knock Off|p2a: Raichu\n|-damage|p2a: Raichu|121/249\n|-enditem|p2a: Raichu|Life Orb|[from] move: Knock Off|[of] p1a: Azelf\n|\n|upkeep\n|turn|2\n|\n|t:|1782829242\n|switch|p1a: Swalot|Swalot, L90, M|326/326\n|move|p2a: Raichu|Nasty Plot|p2a: Raichu\n|-boost|p2a: Raichu|spa|2\n|\n|upkeep\n|turn|3\n|\n|t:|1782829247\n|move|p2a: Raichu|Thunderbolt|p1a: Swalot\n|-damage|p1a: Swalot|146/326\n|move|p1a: Swalot|Earthquake|p2a: Raichu\n|-supereffective|p2a: Raichu\n|-damage|p2a: Raichu|0 fnt\n|faint|p2a: Raichu\n|\n|-heal|p1a: Swalot|166/326|[from] item: Leftovers\n|upkeep\n|\n|t:|1782829256\n|switch|p2a: Salamence|Salamence, L77, M|273/273\n|turn|4\n|\n|t:|1782829276\n|move|p2a: Salamence|Dragon Dance|p2a: Salamence\n|-boost|p2a: Salamence|atk|1\n|-boost|p2a: Salamence|spe|1\n|move|p1a: Swalot|Toxic|p2a: Salamence\n|-status|p2a: Salamence|tox\n|\n|-heal|p1a: Swalot|186/326|[from] item: Leftovers\n|-damage|p2a: Salamence|256/273 tox|[from] psn\n|upkeep\n|turn|5\n|\n|t:|1782829288\n|move|p1a: Swalot|Protect|p1a: Swalot\n|-singleturn|p1a: Swalot|Protect\n|move|p2a: Salamence|Dragon Dance|p2a: Salamence\n|-boost|p2a: Salamence|atk|1\n|-boost|p2a: Salamence|spe|1\n|\n|-heal|p1a: Swalot|206/326|[from] item: Leftovers\n|-damage|p2a: Salamence|222/273 tox|[from] psn\n|upkeep\n|turn|6\n|\n|t:|1782829303\n|switch|p1a: Azelf|Azelf, L82|111/257\n|move|p2a: Salamence|Earthquake|p1a: Azelf\n|-immune|p1a: Azelf|[from] ability: Levitate\n|\n|-damage|p2a: Salamence|171/273 tox|[from] psn\n|upkeep\n|turn|7\n|\n|t:|1782829317\n|move|p2a: Salamence|Dual Wingbeat|p1a: Azelf\n|-damage|p1a: Azelf|8/257\n|-damage|p1a: Azelf|0 fnt\n|faint|p1a: Azelf\n|-ability|p2a: Salamence|Moxie|boost\n|-boost|p2a: Salamence|atk|1\n|-hitcount|p1: Azelf|2\n|\n|-damage|p2a: Salamence|103/273 tox|[from] psn\n|upkeep\n|\n|t:|1782829323\n|switch|p1a: Sudowoodo|Sudowoodo, L94, M|284/284\n|turn|8\n|\n|t:|1782829326\n|move|p1a: Sudowoodo|Sucker Punch|p2a: Salamence\n|-damage|p2a: Salamence|0 fnt\n|faint|p2a: Salamence\n|\n|upkeep\n|\n|t:|1782829337\n|switch|p2a: Bisharp|Bisharp, L79, F|232/232\n|turn|9\n|\n|t:|1782829352\n|switch|p1a: Vigoroth|Vigoroth, L85, M|275/275\n|move|p2a: Bisharp|Swords Dance|p2a: Bisharp\n|-boost|p2a: Bisharp|atk|2\n|\n|upkeep\n|turn|10\n|\n|t:|1782829357\n|move|p1a: Vigoroth|Bulk Up|p1a: Vigoroth\n|-boost|p1a: Vigoroth|atk|1\n|-boost|p1a: Vigoroth|def|1\n|move|p2a: Bisharp|Iron Head|p1a: Vigoroth\n|-damage|p1a: Vigoroth|185/275\n|\n|upkeep\n|turn|11\n|\n|t:|1782829364\n|switch|p2a: Infernape|Infernape, L82, M|259/259\n|move|p1a: Vigoroth|Bulk Up|p1a: Vigoroth\n|-boost|p1a: Vigoroth|atk|1\n|-boost|p1a: Vigoroth|def|1\n|\n|upkeep\n|turn|12\n|\n|t:|1782829379\n|move|p2a: Infernape|Knock Off|p1a: Vigoroth\n|-damage|p1a: Vigoroth|160/275\n|-enditem|p1a: Vigoroth|Eviolite|[from] move: Knock Off|[of] p2a: Infernape\n|move|p1a: Vigoroth|Body Slam|p2a: Infernape\n|-damage|p2a: Infernape|49/259\n|\n|upkeep\n|turn|13\n|\n|t:|1782829384\n|switch|p2a: Decidueye|Decidueye, L88, M|281/281\n|move|p1a: Vigoroth|Slack Off|p1a: Vigoroth\n|-heal|p1a: Vigoroth|275/275\n|\n|upkeep\n|turn|14\n|\n|t:|1782829390\n|move|p1a: Vigoroth|Bulk Up|p1a: Vigoroth\n|-boost|p1a: Vigoroth|atk|1\n|-boost|p1a: Vigoroth|def|1\n|move|p2a: Decidueye|Swords Dance|p2a: Decidueye\n|-boost|p2a: Decidueye|atk|2\n|\n|upkeep\n|turn|15\n|\n|t:|1782829393\n|move|p1a: Vigoroth|Bulk Up|p1a: Vigoroth\n|-boost|p1a: Vigoroth|atk|1\n|-boost|p1a: Vigoroth|def|1\n|move|p2a: Decidueye|Swords Dance|p2a: Decidueye\n|-boost|p2a: Decidueye|atk|2\n|\n|upkeep\n|turn|16\n|\n|t:|1782829395\n|move|p1a: Vigoroth|Knock Off|p2a: Decidueye\n|-supereffective|p2a: Decidueye\n|-damage|p2a: Decidueye|0 fnt\n|-enditem|p2a: Decidueye|Life Orb|[from] move: Knock Off|[of] p1a: Vigoroth\n|faint|p2a: Decidueye\n|\n|upkeep\n|\n|t:|1782829398\n|switch|p2a: Regice|Regice, L88|284/284\n|turn|17\n|\n|t:|1782829404\n|move|p1a: Vigoroth|Body Slam|p2a: Regice\n|-damage|p2a: Regice|64/284\n|move|p2a: Regice|Ice Beam|p1a: Vigoroth\n|-damage|p1a: Vigoroth|128/275\n|\n|upkeep\n|turn|18\n|\n|t:|1782829410\n|move|p1a: Vigoroth|Body Slam|p2a: Regice\n|-damage|p2a: Regice|0 fnt\n|faint|p2a: Regice\n|\n|upkeep\n|\n|t:|1782829412\n|switch|p2a: Infernape|Infernape, L82, M|49/259\n|turn|19\n|\n|t:|1782829415\n|move|p2a: Infernape|Close Combat|p1a: Vigoroth\n|-supereffective|p1a: Vigoroth\n|-damage|p1a: Vigoroth|36/275\n|-unboost|p2a: Infernape|def|1\n|-unboost|p2a: Infernape|spd|1\n|move|p1a: Vigoroth|Slack Off|p1a: Vigoroth\n|-heal|p1a: Vigoroth|174/275\n|\n|upkeep\n|turn|20\n|\n|t:|1782829421\n|move|p2a: Infernape|Close Combat|p1a: Vigoroth\n|-supereffective|p1a: Vigoroth\n|-damage|p1a: Vigoroth|72/275\n|-unboost|p2a: Infernape|def|1\n|-unboost|p2a: Infernape|spd|1\n|move|p1a: Vigoroth|Body Slam|p2a: Infernape\n|-damage|p2a: Infernape|0 fnt\n|faint|p2a: Infernape\n|\n|upkeep\n|\n|t:|1782829424\n|switch|p2a: Bisharp|Bisharp, L79, F|232/232\n|turn|21\n|\n|t:|1782829427\n|move|p1a: Vigoroth|Slack Off|p1a: Vigoroth\n|-heal|p1a: Vigoroth|210/275\n|move|p2a: Bisharp|Swords Dance|p2a: Bisharp\n|-boost|p2a: Bisharp|atk|2\n|\n|upkeep\n|turn|22\n|\n|t:|1782829431\n|move|p1a: Vigoroth|Bulk Up|p1a: Vigoroth\n|-boost|p1a: Vigoroth|atk|1\n|-boost|p1a: Vigoroth|def|1\n|move|p2a: Bisharp|Swords Dance|p2a: Bisharp\n|-boost|p2a: Bisharp|atk|2\n|\n|upkeep\n|turn|23\n|\n|t:|1782829433\n|move|p1a: Vigoroth|Bulk Up|p1a: Vigoroth\n|-boost|p1a: Vigoroth|atk|1\n|-boost|p1a: Vigoroth|def|1\n|move|p2a: Bisharp|Swords Dance|p2a: Bisharp\n|-boost|p2a: Bisharp|atk|2\n|\n|upkeep\n|turn|24\n|\n|t:|1782829437\n|move|p1a: Vigoroth|Body Slam|p2a: Bisharp\n|-resisted|p2a: Bisharp\n|-damage|p2a: Bisharp|130/232\n|-status|p2a: Bisharp|par\n|cant|p2a: Bisharp|par\n|\n|upkeep\n|turn|25\n|\n|t:|1782829443\n|move|p1a: Vigoroth|Body Slam|p2a: Bisharp\n|-resisted|p2a: Bisharp\n|-damage|p2a: Bisharp|31/232 par\n|move|p2a: Bisharp|Throat Chop|p1a: Vigoroth\n|-damage|p1a: Vigoroth|110/275\n|-start|p1a: Vigoroth|Throat Chop|[silent]\n|\n|upkeep\n|turn|26\n|\n|t:|1782829446\n|move|p2a: Bisharp|Sucker Punch|p1a: Vigoroth\n|-damage|p1a: Vigoroth|31/275\n|move|p1a: Vigoroth|Body Slam|p2a: Bisharp\n|-resisted|p2a: Bisharp\n|-damage|p2a: Bisharp|0 fnt\n|faint|p2a: Bisharp\n|\n|win|phoenixazure21\n|raw|phoenixazure21's rating: 1880 &rarr; <strong>1903</strong><br />(+23 for winning)\n|raw|sonnyjimvb2's rating: 1938 &rarr; <strong>1915</strong><br />(-23 for losing)\n", "inputlog": ">version f8ac14003a5f27e1bdc8d8c59608a773c1cb96e5\n>start {\"formatid\":\"gen9randombattle\",\"seed\":\"sodium,d1160a1a32fa97dbb243e38ef9cd946d\",\"rated\":\"Rated battle\"}\n>player p1 {\"name\":\"phoenixazure21\",\"avatar\":\"266\",\"rating\":1880,\"seed\":\"sodium,8a17d8673b1081822026c87d036becae\"}\n>player p2 {\"name\":\"sonnyjimvb2\",\"avatar\":\"169\",\"rating\":1938,\"seed\":\"sodium,735b5280dd7fc0664065e1d2ce5451ba\"}\n>p1 move knockoff\n>p2 move thunderbolt\n>p1 switch 2\n>p2 move nastyplot\n>p1 move earthquake\n>p2 move thunderbolt\n>p2 switch 3\n>p1 move toxic\n>p2 move dragondance\n>p1 move protect\n>p2 move dragondance\n>p1 switch 2\n>p2 move earthquake\n>p1 move stealthrock\n>p2 move dualwingbeat\n>p1 switch 6\n>p1 move suckerpunch\n>p2 move outrage\n>p2 switch 6\n>p1 switch 4\n>p2 move swordsdance\n>p1 move bulkup\n>p2 move ironhead\n>p1 move bulkup\n>p2 switch 2\n>p1 move bodyslam\n>p2 move knockoff\n>p1 move slackoff\n>p2 switch 4\n>p1 move bulkup\n>p2 move swordsdance\n>p1 move bulkup\n>p2 move swordsdance\n>p1 move knockoff\n>p2 move leafblade\n>p2 switch 5\n>p1 move bodyslam\n>p2 move icebeam\n>p1 move bodyslam\n>p2 move icebeam\n>p2 switch 4\n>p1 move slackoff\n>p2 move closecombat\n>p1 move bodyslam\n>p2 move closecombat\n>p2 switch 2\n>p1 move slackoff\n>p2 move swordsdance\n>p1 move bulkup\n>p2 move swordsdance\n>p1 move bulkup\n>p2 move swordsdance\n>p1 move bodyslam\n>p2 move throatchop\n>p1 move bodyslam\n>p2 move throatchop\n>p1 move bodyslam\n>p2 move suckerpunch", "uploadtime": 1782829446, "views": 3, "formatid": "gen9randombattle", "rating": 1903, "private": 0, "password": null, "player_dets": [{"name": "phoenixazure21", "avatar": "266", "rating": 1880, "seed": "sodium,8a17d8673b1081822026c87d036becae"}, {"name": "sonnyjimvb2", "avatar": "169", "rating": 1938, "seed": "sodium,735b5280dd7fc0664065e1d2ce5451ba"}], "teams_full": [{"Azelf": {"name": "Azelf", "species": "Azelf", "speciesId": "azelf", "gender": "N", "shiny": false, "level": 82, "moves": ["stealthrock", "taunt", "knockoff", "psychic"], "ability": "Levitate", "evs": {"hp": 85, "atk": 85, "def": 85, "spa": 85, "spd": 85, "spe": 85}, "ivs": {"hp": 31, "atk": 31, "def": 31, "spa": 31, "spd": 31, "spe": 31}, "item": "Focus Sash", "teraType": "Dark", "role": "Fast Support", "bvs": {"hp": 75, "atk": 125, "def": 70, "spa": 125, "spd": 70, "spe": 115}, "stats": {"hp": 257, "atk": 252, "def": 162, "spa": 252, "spd": 162, "spe": 236}, "types": ["Psychic"]}, "Swalot": {"name": "Swalot", "species": "Swalot", "speciesId": "swalot", "gender": "M", "shiny": false, "level": 90, "moves": ["toxic", "protect", "earthquake", "sludgebomb"], "ability": "Liquid Ooze", "evs": {"hp": 85, "atk": 85, "def": 85, "spa": 85, "spd": 85, "spe": 85}, "ivs": {"hp": 31, "atk": 31, "def": 31, "spa": 31, "spd": 31, "spe": 31}, "item": "Leftovers", "teraType": "Ground", "role": "Bulky Support", "bvs": {"hp": 100, "atk": 73, "def": 83, "spa": 73, "spd": 83, "spe": 55}, "stats": {"hp": 326, "atk": 183, "def": 201, "spa": 183, "spd": 201, "spe": 150}, "types": ["Poison"]}, "Kyurem": {"name": "Kyurem", "species": "Kyurem-White", "speciesId": "kyuremwhite", "gender": "N", "shiny": false, "level": 73, "moves": ["dracometeor", "freezedry", "icebeam", "fusionflare"], "ability": "Turboblaze", "evs": {"hp": 85, "atk": 0, "def": 85, "spa": 85, "spd": 85, "spe": 85}, "ivs": {"hp": 31, "atk": 0, "def": 31, "spa": 31, "spd": 31, "spe": 31}, "item": "Choice Specs", "teraType": "Ice", "role": "Bulky Attacker", "bvs": {"hp": 125, "atk": 120, "def": 90, "spa": 170, "spd": 100, "spe": 95}, "stats": {"hp": 303, "atk": 180, "def": 174, "spa": 291, "spd": 188, "spe": 181}, "types": ["Dragon", "Ice"]}, "Vigoroth": {"name": "Vigoroth", "species": "Vigoroth", "speciesId": "vigoroth", "gender": "M", "shiny": false, "level": 85, "moves": ["bulkup", "bodyslam", "slackoff", "knockoff"], "ability": "Vital Spirit", "evs": {"hp": 85, "atk": 85, "def": 85, "spa": 85, "spd": 85, "spe": 85}, "ivs": {"hp": 31, "atk": 31, "def": 31, "spa": 31, "spd": 31, "spe": 31}, "item": "Eviolite", "teraType": "Ghost", "role": "Bulky Setup", "bvs": {"hp": 80, "atk": 80, "def": 80, "spa": 55, "spd": 55, "spe": 90}, "stats": {"hp": 275, "atk": 185, "def": 185, "spa": 142, "spd": 142, "spe": 202}, "types": ["Normal"]}, "Appletun": {"name": "Appletun", "species": "Appletun", "speciesId": "appletun", "gender": "F", "shiny": false, "level": 92, "moves": ["leechseed", "recover", "dragonpulse", "appleacid"], "ability": "Thick Fat", "evs": {"hp": 85, "atk": 0, "def": 85, "spa": 85, "spd": 85, "spe": 85}, "ivs": {"hp": 31, "atk": 0, "def": 31, "spa": 31, "spd": 31, "spe": 31}, "item": "Leftovers", "teraType": "Steel", "role": "Bulky Attacker", "bvs": {"hp": 110, "atk": 85, "def": 80, "spa": 100, "spd": 80, "spe": 30}, "stats": {"hp": 352, "atk": 161, "def": 200, "spa": 236, "spd": 200, "spe": 108}, "types": ["Grass", "Dragon"]}, "Sudowoodo": {"name": "Sudowoodo", "species": "Sudowoodo", "speciesId": "sudowoodo", "gender": "M", "shiny": false, "level": 94, "moves": ["woodhammer", "earthquake", "headsmash", "suckerpunch"], "ability": "Rock Head", "evs": {"hp": 85, "atk": 85, "def": 85, "spa": 85, "spd": 85, "spe": 85}, "ivs": {"hp": 31, "atk": 31, "def": 31, "spa": 31, "spd": 31, "spe": 31}, "item": "Choice Band", "teraType": "Rock", "role": "Bulky Attacker", "bvs": {"hp": 70, "atk": 100, "def": 115, "spa": 30, "spd": 65, "spe": 30}, "stats": {"hp": 284, "atk": 241, "def": 270, "spa": 110, "spd": 176, "spe": 110}, "types": ["Rock"]}}, {"Raichu": {"name": "Raichu", "species": "Raichu", "speciesId": "raichu", "gender": "M", "shiny": false, "level": 88, "moves": ["thunderbolt", "encore", "nastyplot", "terablast"], "ability": "Lightning Rod", "evs": {"hp": 85, "atk": 0, "def": 85, "spa": 85, "spd": 85, "spe": 85}, "ivs": {"hp": 31, "atk": 0, "def": 31, "spa": 31, "spd": 31, "spe": 31}, "item": "Life Orb", "teraType": "Ice", "role": "Tera Blast user", "bvs": {"hp": 60, "atk": 90, "def": 55, "spa": 90, "spd": 80, "spe": 110}, "stats": {"hp": 249, "atk": 163, "def": 147, "spa": 209, "spd": 191, "spe": 244}, "types": ["Electric"]}, "Infernape": {"name": "Infernape", "species": "Infernape", "speciesId": "infernape", "gender": "M", "shiny": false, "level": 82, "moves": ["knockoff", "gunkshot", "closecombat", "flareblitz"], "ability": "Blaze", "evs": {"hp": 85, "atk": 85, "def": 85, "spa": 85, "spd": 85, "spe": 85}, "ivs": {"hp": 31, "atk": 31, "def": 31, "spa": 31, "spd": 31, "spe": 31}, "item": "Choice Scarf", "teraType": "Fire", "role": "Fast Support", "bvs": {"hp": 76, "atk": 104, "def": 71, "spa": 104, "spd": 71, "spe": 108}, "stats": {"hp": 259, "atk": 218, "def": 164, "spa": 218, "spd": 164, "spe": 224}, "types": ["Fire", "Fighting"]}, "Salamence": {"name": "Salamence", "species": "Salamence", "speciesId": "salamence", "gender": "M", "shiny": false, "level": 77, "moves": ["outrage", "dualwingbeat", "dragondance", "earthquake"], "ability": "Moxie", "evs": {"hp": 85, "atk": 85, "def": 85, "spa": 85, "spd": 85, "spe": 85}, "ivs": {"hp": 31, "atk": 31, "def": 31, "spa": 31, "spd": 31, "spe": 31}, "item": "Heavy-Duty Boots", "teraType": "Dragon", "role": "Setup Sweeper", "bvs": {"hp": 95, "atk": 135, "def": 80, "spa": 110, "spd": 80, "spe": 100}, "stats": {"hp": 273, "atk": 252, "def": 168, "spa": 214, "spd": 168, "spe": 199}, "types": ["Dragon", "Flying"]}, "Decidueye": {"name": "Decidueye", "species": "Decidueye", "speciesId": "decidueye", "gender": "M", "shiny": false, "level": 88, "moves": ["leafblade", "swordsdance", "shadowsneak", "poltergeist"], "ability": "Overgrow", "evs": {"hp": 85, "atk": 85, "def": 85, "spa": 85, "spd": 85, "spe": 85}, "ivs": {"hp": 31, "atk": 31, "def": 31, "spa": 31, "spd": 31, "spe": 31}, "item": "Life Orb", "teraType": "Ghost", "role": "Setup Sweeper", "bvs": {"hp": 78, "atk": 107, "def": 75, "spa": 100, "spd": 100, "spe": 70}, "stats": {"hp": 281, "atk": 239, "def": 182, "spa": 226, "spd": 226, "spe": 173}, "types": ["Grass", "Ghost"]}, "Regice": {"name": "Regice", "species": "Regice", "speciesId": "regice", "gender": "N", "shiny": false, "level": 88, "moves": ["thunderbolt", "icebeam", "rest", "sleeptalk"], "ability": "Clear Body", "evs": {"hp": 85, "atk": 0, "def": 85, "spa": 85, "spd": 85, "spe": 85}, "ivs": {"hp": 31, "atk": 0, "def": 31, "spa": 31, "spd": 31, "spe": 31}, "item": "Heavy-Duty Boots", "teraType": "Electric", "role": "Bulky Attacker", "bvs": {"hp": 80, "atk": 50, "def": 100, "spa": 100, "spd": 200, "spe": 50}, "stats": {"hp": 284, "atk": 93, "def": 226, "spa": 226, "spd": 402, "spe": 138}, "types": ["Ice"]}, "Bisharp": {"name": "Bisharp", "species": "Bisharp", "speciesId": "bisharp", "gender": "F", "shiny": false, "level": 79, "moves": ["throatchop", "suckerpunch", "ironhead", "swordsdance"], "ability": "Defiant", "evs": {"hp": 85, "atk": 85, "def": 85, "spa": 85, "spd": 85, "spe": 85}, "ivs": {"hp": 31, "atk": 31, "def": 31, "spa": 31, "spd": 31, "spe": 31}, "item": "Eviolite", "teraType": "Ghost", "role": "Bulky Attacker", "bvs": {"hp": 65, "atk": 125, "def": 100, "spa": 60, "spd": 70, "spe": 70}, "stats": {"hp": 232, "atk": 243, "def": 204, "spa": 140, "spd": 156, "spe": 156}, "types": ["Dark", "Steel"]}}]}