{"id": "gen9randombattle-2641520250", "format": "[Gen 9] Random Battle", "players": ["y1m", "Seit417"], "log": "|badge|p2|bronze|gen9nu|100-9\n|uhtml|medal-msg|<div class=\"broadcast-blue\">Curious what those medals under the avatar are? PS now has Ladder Seasons! For more information, check out the <a href=\"https://www.smogon.com/forums/threads/3740067/\">thread on Smogon.</a></div>\n|j|\u2606y1m\n|j|\u2606Seit417\n|t:|1782799562\n|gametype|singles\n|player|p1|y1m|cynthia-gen4|2106\n|player|p2|Seit417|burglar|2293\n|gen|9\n|tier|[Gen 9] Random Battle\n|rated|\n|rule|Species Clause: Limit one of each Pok\u00e9mon\n|rule|HP Percentage Mod: HP is shown in percentages\n|rule|Sleep Clause Mod: Limit one foe put to sleep\n|rule|Illusion Level Mod: Illusion disguises the Pok\u00e9mon's true level\n|\n|t:|1782799562\n|teamsize|p1|6\n|teamsize|p2|6\n|start\n|switch|p1a: Iron Boulder|Iron Boulder, L77|265/265\n|switch|p2a: Regice|Regice, L88|284/284\n|turn|1\n|inactive|Battle timer is ON: inactive players will automatically lose when time's up. (requested by y1m)\n|\n|t:|1782799582\n|move|p1a: Iron Boulder|Swords Dance|p1a: Iron Boulder\n|-boost|p1a: Iron Boulder|atk|2\n|move|p2a: Regice|Thunder Wave|p1a: Iron Boulder|[miss]\n|-miss|p2a: Regice|p1a: Iron Boulder\n|\n|upkeep\n|turn|2\n|\n|t:|1782799595\n|switch|p2a: Eiscue|Eiscue, L88, F|274/274\n|move|p1a: Iron Boulder|Mighty Cleave|p2a: Eiscue\n|-activate|p2a: Eiscue|ability: Ice Face\n|-damage|p2a: Eiscue|274/274\n|detailschange|p2a: Eiscue|Eiscue-Noice, L88, F\n|-damage|p1a: Iron Boulder|239/265|[from] item: Life Orb\n|\n|upkeep\n|turn|3\n|\n|t:|1782799608\n|move|p2a: Eiscue|Iron Head|p1a: Iron Boulder\n|-supereffective|p1a: Iron Boulder\n|-damage|p1a: Iron Boulder|115/265\n|cant|p1a: Iron Boulder|flinch\n|\n|upkeep\n|turn|4\n|\n|t:|1782799620\n|-terastallize|p1a: Iron Boulder|Fighting\n|move|p2a: Eiscue|Liquidation|p1a: Iron Boulder\n|-damage|p1a: Iron Boulder|49/265\n|move|p1a: Iron Boulder|Mighty Cleave|p2a: Eiscue\n|-supereffective|p2a: Eiscue\n|-damage|p2a: Eiscue|0 fnt\n|faint|p2a: Eiscue\n|-damage|p1a: Iron Boulder|23/265|[from] item: Life Orb\n|\n|upkeep\n|\n|t:|1782799636\n|switch|p2a: Cinccino|Cinccino, L83, F|260/260\n|turn|5\n|\n|t:|1782799654\n|move|p2a: Cinccino|Bullet Seed|p1a: Iron Boulder\n|-damage|p1a: Iron Boulder|0 fnt\n|faint|p1a: Iron Boulder\n|-end|p1a: Iron Boulder|Quark Drive|[silent]\n|-hitcount|p1: Iron Boulder|1\n|\n|upkeep\n|\n|t:|1782799673\n|switch|p1a: Glaceon|Glaceon, L94, M|275/275\n|turn|6\n|\n|t:|1782799684\n|move|p2a: Cinccino|U-turn|p1a: Glaceon\n|-damage|p1a: Glaceon|237/275\n|\n|t:|1782799687\n|switch|p2a: Regice|Regice, L88|284/284|[from] U-turn\n|move|p1a: Glaceon|Freeze-Dry|p2a: Regice\n|-resisted|p2a: Regice\n|-damage|p2a: Regice|257/284\n|\n|upkeep\n|turn|7\n|\n|t:|1782799693\n|switch|p1a: Entei|Entei, L78|307/307\n|move|p2a: Regice|Thunder Wave|p1a: Entei\n|-status|p1a: Entei|par\n|\n|upkeep\n|turn|8\n|\n|t:|1782799706\n|switch|p2a: Clefable|Clefable, L83, F|293/293\n|move|p1a: Entei|Sacred Fire|p2a: Clefable\n|-damage|p2a: Clefable|121/293\n|\n|upkeep\n|turn|9\n|\n|t:|1782799712\n|move|p2a: Clefable|Moonlight|p2a: Clefable\n|-heal|p2a: Clefable|267/293\n|cant|p1a: Entei|par\n|\n|upkeep\n|turn|10\n|\n|t:|1782799721\n|move|p2a: Clefable|Moonblast|p1a: Entei\n|-resisted|p1a: Entei\n|-damage|p1a: Entei|237/307 par\n|move|p1a: Entei|Sacred Fire|p2a: Clefable\n|-damage|p2a: Clefable|89/293\n|-status|p2a: Clefable|brn\n|\n|upkeep\n|turn|11\n|\n|t:|1782799731\n|move|p2a: Clefable|Moonlight|p2a: Clefable\n|-heal|p2a: Clefable|235/293 brn\n|cant|p1a: Entei|par\n|\n|upkeep\n|turn|12\n|\n|t:|1782799739\n|move|p2a: Clefable|Moonblast|p1a: Entei\n|-resisted|p1a: Entei\n|-damage|p1a: Entei|159/307 par\n|-unboost|p1a: Entei|spa|1\n|move|p1a: Entei|Sacred Fire|p2a: Clefable\n|-damage|p2a: Clefable|36/293 brn\n|\n|upkeep\n|turn|13\n|\n|t:|1782799747\n|move|p2a: Clefable|Moonlight|p2a: Clefable\n|-heal|p2a: Clefable|182/293 brn\n|move|p1a: Entei|Sacred Fire|p2a: Clefable\n|-damage|p2a: Clefable|0 fnt\n|faint|p2a: Clefable\n|\n|upkeep\n|\n|t:|1782799757\n|switch|p2a: Cinccino|Cinccino, L83, F|260/260\n|turn|14\n|\n|t:|1782799785\n|switch|p1a: Glaceon|Glaceon, L94, M|237/275\n|move|p2a: Cinccino|Tail Slap|p1a: Glaceon|[miss]\n|-miss|p2a: Cinccino|p1a: Glaceon\n|\n|upkeep\n|turn|15\n|\n|t:|1782799794\n|move|p2a: Cinccino|Tail Slap|p1a: Glaceon|[miss]\n|-miss|p2a: Cinccino|p1a: Glaceon\n|move|p1a: Glaceon|Wish|p1a: Glaceon\n|\n|upkeep\n|turn|16\n|\n|t:|1782799802\n|switch|p1a: Entei|Entei, L78|159/307 par\n|move|p2a: Cinccino|U-turn|p1a: Entei\n|-resisted|p1a: Entei\n|-damage|p1a: Entei|134/307 par\n|\n|t:|1782799805\n|switch|p2a: Breloom|Breloom, L83, M|235/235|[from] U-turn\n|\n|-heal|p1a: Entei|271/307 par|[from] move: Wish|[wisher] Glaceon\n|upkeep\n|turn|17\n|\n|t:|1782799821\n|-terastallize|p2a: Breloom|Rock\n|move|p2a: Breloom|Swords Dance|p2a: Breloom\n|-boost|p2a: Breloom|atk|2\n|move|p1a: Entei|Sacred Fire|p2a: Breloom\n|-resisted|p2a: Breloom\n|-damage|p2a: Breloom|154/235\n|\n|upkeep\n|turn|18\n|\n|t:|1782799846\n|switch|p1a: Glaceon|Glaceon, L94, M|237/275\n|move|p2a: Breloom|Rock Tomb|p1a: Glaceon\n|-supereffective|p1a: Glaceon\n|-damage|p1a: Glaceon|0 fnt\n|faint|p1a: Glaceon\n|-damage|p2a: Breloom|131/235|[from] item: Life Orb\n|\n|upkeep\n|\n|t:|1782799854\n|switch|p1a: Mesprit|Mesprit, L85|275/275\n|turn|19\n|\n|t:|1782799873\n|move|p1a: Mesprit|Psychic|p2a: Breloom\n|-damage|p2a: Breloom|0 fnt\n|faint|p2a: Breloom\n|\n|upkeep\n|\n|t:|1782799879\n|switch|p2a: Regice|Regice, L88|257/284\n|turn|20\n|\n|t:|1782799891\n|switch|p1a: Entei|Entei, L78|271/307 par\n|switch|p2a: Cinccino|Cinccino, L83, F|260/260\n|\n|upkeep\n|turn|21\n|\n|t:|1782799901\n|move|p2a: Cinccino|Tail Slap|p1a: Entei|[miss]\n|-miss|p2a: Cinccino|p1a: Entei\n|move|p1a: Entei|Flare Blitz|p2a: Cinccino\n|-damage|p2a: Cinccino|28/260\n|-damage|p1a: Entei|194/307 par|[from] Recoil\n|\n|upkeep\n|turn|22\n|inactive|y1m has 120 seconds left.\n|\n|t:|1782799947\n|move|p2a: Cinccino|Tail Slap|p1a: Entei\n|-damage|p1a: Entei|149/307 par\n|-crit|p1a: Entei\n|-damage|p1a: Entei|88/307 par\n|-damage|p1a: Entei|46/307 par\n|-damage|p1a: Entei|6/307 par\n|-damage|p1a: Entei|0 fnt\n|faint|p1a: Entei\n|-hitcount|p1: Entei|5\n|\n|upkeep\n|inactive|y1m has 90 seconds left.\n|\n|t:|1782799972\n|switch|p1a: Pelipper|Pelipper, L86, F|243/243\n|-weather|RainDance|[from] ability: Drizzle|[of] p1a: Pelipper\n|turn|23\n|inactive|y1m has 90 seconds left.\n|\n|t:|1782799987\n|move|p2a: Cinccino|U-turn|p1a: Pelipper\n|-resisted|p1a: Pelipper\n|-damage|p1a: Pelipper|223/243\n|\n|t:|1782799988\n|switch|p2a: Regice|Regice, L88|257/284|[from] U-turn\n|move|p1a: Pelipper|Knock Off|p2a: Regice\n|-damage|p2a: Regice|219/284\n|-enditem|p2a: Regice|Heavy-Duty Boots|[from] move: Knock Off|[of] p1a: Pelipper\n|\n|-weather|RainDance|[upkeep]\n|upkeep\n|turn|24\n|inactive|y1m has 90 seconds left.\n|\n|t:|1782800006\n|switch|p1a: Walking Wake|Walking Wake, L79|286/286\n|move|p2a: Regice|Thunder Wave|p1a: Walking Wake\n|-status|p1a: Walking Wake|par\n|\n|-weather|RainDance|[upkeep]\n|upkeep\n|turn|25\n|\n|t:|1782800019\n|move|p2a: Regice|Ice Beam|p1a: Walking Wake\n|-crit|p1a: Walking Wake\n|-damage|p1a: Walking Wake|102/286 par\n|cant|p1a: Walking Wake|par\n|\n|-weather|RainDance|[upkeep]\n|upkeep\n|turn|26\n|\n|t:|1782800032\n|move|p2a: Regice|Ice Beam|p1a: Walking Wake\n|-damage|p1a: Walking Wake|0 fnt\n|faint|p1a: Walking Wake\n|-end|p1a: Walking Wake|Protosynthesis|[silent]\n|\n|-weather|RainDance|[upkeep]\n|upkeep\n|-message|y1m forfeited.\n|\n|win|Seit417\n", "inputlog": ">version f8ac14003a5f27e1bdc8d8c59608a773c1cb96e5\n>start {\"formatid\":\"gen9randombattle\",\"seed\":\"sodium,d914a334be49b9dafa21c157098d1df4\",\"rated\":\"Rated battle\"}\n>player p1 {\"name\":\"y1m\",\"avatar\":\"cynthia-gen4\",\"rating\":2106,\"seed\":\"sodium,18c60f477390fcac93d347db278d7d5c\"}\n>player p2 {\"name\":\"Seit417\",\"avatar\":\"burglar\",\"rating\":2293,\"seed\":\"sodium,1b15e58a587809b3356e04d9ac91e1cd\"}\n>p1 move swordsdance\n>p2 move thunderwave\n>p1 move mightycleave\n>p2 switch 2\n>p1 move mightycleave\n>p2 move ironhead\n>p1 move mightycleave terastallize\n>p2 move liquidation\n>p2 switch 3\n>p1 move closecombat\n>p2 move bulletseed\n>p1 switch 5\n>p1 move freezedry\n>p2 move uturn\n>p2 switch 2\n>p1 switch 6\n>p2 move thunderwave\n>p1 move sacredfire\n>p2 switch 4\n>p1 move sacredfire\n>p2 move moonlight\n>p1 move sacredfire\n>p2 move moonblast\n>p1 move sacredfire\n>p2 move moonlight\n>p1 move sacredfire\n>p2 move moonblast\n>p1 move sacredfire\n>p2 move moonlight\n>p2 switch 2\n>p1 switch 6\n>p2 move tailslap\n>p1 move wish\n>p2 move tailslap\n>p1 switch 6\n>p2 move uturn\n>p2 switch 5\n>p1 move sacredfire\n>p2 move swordsdance terastallize\n>p1 switch 6\n>p2 move rocktomb\n>p1 switch 2\n>p1 move psychic\n>p2 move bulletseed\n>p2 switch 4\n>p1 switch 6\n>p2 switch 5\n>p1 move flareblitz\n>p2 move tailslap\n>p1 move flareblitz\n>p2 move tailslap\n>p1 switch 4\n>p1 move knockoff\n>p2 move uturn\n>p2 switch 5\n>p1 switch 3\n>p2 move thunderwave\n>p1 move hydropump\n>p2 move icebeam\n>p1 move hydropump\n>p2 move icebeam\n>forcelose p1", "uploadtime": 1782799565, "views": 3, "formatid": "gen9randombattle", "rating": null, "private": 0, "password": null, "player_dets": [{"name": "y1m", "avatar": "cynthia-gen4", "rating": 2106, "seed": "sodium,18c60f477390fcac93d347db278d7d5c"}, {"name": "Seit417", "avatar": "burglar", "rating": 2293, "seed": "sodium,1b15e58a587809b3356e04d9ac91e1cd"}], "teams_full": [{"Iron Boulder": {"name": "Iron Boulder", "species": "Iron Boulder", "speciesId": "ironboulder", "gender": "N", "shiny": false, "level": 77, "moves": ["zenheadbutt", "swordsdance", "mightycleave", "closecombat"], "ability": "Quark Drive", "evs": {"hp": 85, "atk": 85, "def": 85, "spa": 85, "spd": 85, "spe": 85}, "ivs": {"hp": 31, "atk": 31, "def": 31, "spa": 31, "spd": 31, "spe": 31}, "item": "Life Orb", "teraType": "Fighting", "role": "Setup Sweeper", "bvs": {"hp": 90, "atk": 120, "def": 80, "spa": 68, "spd": 108, "spe": 124}, "stats": {"hp": 265, "atk": 229, "def": 168, "spa": 149, "spd": 211, "spe": 236}, "types": ["Rock", "Psychic"]}, "Mesprit": {"name": "Mesprit", "species": "Mesprit", "speciesId": "mesprit", "gender": "N", "shiny": false, "level": 85, "moves": ["psychic", "dazzlinggleam", "uturn", "icebeam"], "ability": "Levitate", "evs": {"hp": 85, "atk": 85, "def": 85, "spa": 85, "spd": 85, "spe": 85}, "ivs": {"hp": 31, "atk": 31, "def": 31, "spa": 31, "spd": 31, "spe": 31}, "item": "Choice Specs", "teraType": "Fairy", "role": "Fast Attacker", "bvs": {"hp": 80, "atk": 105, "def": 105, "spa": 105, "spd": 105, "spe": 80}, "stats": {"hp": 275, "atk": 227, "def": 227, "spa": 227, "spd": 227, "spe": 185}, "types": ["Psychic"]}, "Walking Wake": {"name": "Walking Wake", "species": "Walking Wake", "speciesId": "walkingwake", "gender": "N", "shiny": false, "level": 79, "moves": ["flamethrower", "dracometeor", "flipturn", "hydropump"], "ability": "Protosynthesis", "evs": {"hp": 85, "atk": 85, "def": 85, "spa": 85, "spd": 85, "spe": 85}, "ivs": {"hp": 31, "atk": 31, "def": 31, "spa": 31, "spd": 31, "spe": 31}, "item": "Choice Specs", "teraType": "Water", "role": "Wallbreaker", "bvs": {"hp": 99, "atk": 83, "def": 91, "spa": 125, "spd": 83, "spe": 109}, "stats": {"hp": 286, "atk": 177, "def": 189, "spa": 243, "spd": 177, "spe": 218}, "types": ["Water", "Dragon"]}, "Pelipper": {"name": "Pelipper", "species": "Pelipper", "speciesId": "pelipper", "gender": "F", "shiny": false, "level": 86, "moves": ["roost", "knockoff", "surf", "hurricane"], "ability": "Drizzle", "evs": {"hp": 85, "atk": 85, "def": 85, "spa": 85, "spd": 85, "spe": 85}, "ivs": {"hp": 31, "atk": 31, "def": 31, "spa": 31, "spd": 31, "spe": 31}, "item": "Heavy-Duty Boots", "teraType": "Ground", "role": "Bulky Attacker", "bvs": {"hp": 60, "atk": 50, "def": 100, "spa": 95, "spd": 70, "spe": 65}, "stats": {"hp": 243, "atk": 135, "def": 221, "spa": 213, "spd": 170, "spe": 161}, "types": ["Water", "Flying"]}, "Glaceon": {"name": "Glaceon", "species": "Glaceon", "speciesId": "glaceon", "gender": "M", "shiny": false, "level": 94, "moves": ["mudshot", "protect", "wish", "freezedry"], "ability": "Ice Body", "evs": {"hp": 85, "atk": 0, "def": 85, "spa": 85, "spd": 85, "spe": 85}, "ivs": {"hp": 31, "atk": 0, "def": 31, "spa": 31, "spd": 31, "spe": 31}, "item": "Heavy-Duty Boots", "teraType": "Ground", "role": "Bulky Attacker", "bvs": {"hp": 65, "atk": 60, "def": 110, "spa": 130, "spd": 95, "spe": 65}, "stats": {"hp": 275, "atk": 117, "def": 260, "spa": 298, "spd": 232, "spe": 176}, "types": ["Ice"]}, "Entei": {"name": "Entei", "species": "Entei", "speciesId": "entei", "gender": "N", "shiny": false, "level": 78, "moves": ["flareblitz", "stompingtantrum", "extremespeed", "sacredfire"], "ability": "Inner Focus", "evs": {"hp": 85, "atk": 85, "def": 85, "spa": 85, "spd": 85, "spe": 85}, "ivs": {"hp": 31, "atk": 31, "def": 31, "spa": 31, "spd": 31, "spe": 31}, "item": "Choice Band", "teraType": "Fire", "role": "Wallbreaker", "bvs": {"hp": 115, "atk": 115, "def": 85, "spa": 90, "spd": 75, "spe": 100}, "stats": {"hp": 307, "atk": 224, "def": 178, "spa": 185, "spd": 162, "spe": 201}, "types": ["Fire"]}}, {"Regice": {"name": "Regice", "species": "Regice", "speciesId": "regice", "gender": "N", "shiny": false, "level": 88, "moves": ["thunderbolt", "icebeam", "bodypress", "thunderwave"], "ability": "Clear Body", "evs": {"hp": 85, "atk": 0, "def": 85, "spa": 85, "spd": 85, "spe": 85}, "ivs": {"hp": 31, "atk": 0, "def": 31, "spa": 31, "spd": 31, "spe": 31}, "item": "Heavy-Duty Boots", "teraType": "Electric", "role": "Bulky Attacker", "bvs": {"hp": 80, "atk": 50, "def": 100, "spa": 100, "spd": 200, "spe": 50}, "stats": {"hp": 284, "atk": 93, "def": 226, "spa": 226, "spd": 402, "spe": 138}, "types": ["Ice"]}, "Eiscue": {"name": "Eiscue", "species": "Eiscue", "speciesId": "eiscue", "gender": "F", "shiny": false, "level": 88, "moves": ["liquidation", "ironhead", "icespinner", "bellydrum"], "ability": "Ice Face", "evs": {"hp": 81, "atk": 85, "def": 85, "spa": 85, "spd": 85, "spe": 85}, "ivs": {"hp": 31, "atk": 31, "def": 31, "spa": 31, "spd": 31, "spe": 31}, "item": "Sitrus Berry", "teraType": "Water", "role": "Setup Sweeper", "bvs": {"hp": 75, "atk": 80, "def": 110, "spa": 65, "spd": 90, "spe": 50}, "stats": {"hp": 274, "atk": 191, "def": 244, "spa": 165, "spd": 209, "spe": 138}, "types": ["Ice"]}, "Cinccino": {"name": "Cinccino", "species": "Cinccino", "speciesId": "cinccino", "gender": "F", "shiny": false, "level": 83, "moves": ["bulletseed", "tripleaxel", "tailslap", "uturn"], "ability": "Technician", "evs": {"hp": 85, "atk": 85, "def": 85, "spa": 85, "spd": 85, "spe": 85}, "ivs": {"hp": 31, "atk": 31, "def": 31, "spa": 31, "spd": 31, "spe": 31}, "item": "Loaded Dice", "teraType": "Grass", "role": "Fast Attacker", "bvs": {"hp": 75, "atk": 95, "def": 60, "spa": 65, "spd": 60, "spe": 115}, "stats": {"hp": 260, "atk": 205, "def": 147, "spa": 156, "spd": 147, "spe": 239}, "types": ["Normal"]}, "Clefable": {"name": "Clefable", "species": "Clefable", "speciesId": "clefable", "gender": "F", "shiny": false, "level": 83, "moves": ["moonblast", "fireblast", "moonlight", "calmmind"], "ability": "Magic Guard", "evs": {"hp": 85, "atk": 0, "def": 85, "spa": 85, "spd": 85, "spe": 85}, "ivs": {"hp": 31, "atk": 0, "def": 31, "spa": 31, "spd": 31, "spe": 31}, "item": "Life Orb", "teraType": "Steel", "role": "Bulky Setup", "bvs": {"hp": 95, "atk": 70, "def": 73, "spa": 95, "spd": 90, "spe": 60}, "stats": {"hp": 293, "atk": 121, "def": 169, "spa": 205, "spd": 197, "spe": 147}, "types": ["Fairy"]}, "Breloom": {"name": "Breloom", "species": "Breloom", "speciesId": "breloom", "gender": "M", "shiny": false, "level": 83, "moves": ["rocktomb", "bulletseed", "swordsdance", "machpunch"], "ability": "Technician", "evs": {"hp": 85, "atk": 85, "def": 85, "spa": 85, "spd": 85, "spe": 85}, "ivs": {"hp": 31, "atk": 31, "def": 31, "spa": 31, "spd": 31, "spe": 31}, "item": "Life Orb", "teraType": "Rock", "role": "Fast Attacker", "bvs": {"hp": 60, "atk": 130, "def": 80, "spa": 60, "spd": 60, "spe": 70}, "stats": {"hp": 235, "atk": 263, "def": 180, "spa": 147, "spd": 147, "spe": 164}, "types": ["Grass", "Fighting"]}, "Annihilape": {"name": "Annihilape", "species": "Annihilape", "speciesId": "annihilape", "gender": "F", "shiny": false, "level": 76, "moves": ["drainpunch", "ragefist", "bulkup", "taunt"], "ability": "Defiant", "evs": {"hp": 85, "atk": 85, "def": 85, "spa": 85, "spd": 85, "spe": 85}, "ivs": {"hp": 31, "atk": 31, "def": 31, "spa": 31, "spd": 31, "spe": 31}, "item": "Leftovers", "teraType": "Fairy", "role": "Bulky Setup", "bvs": {"hp": 110, "atk": 115, "def": 80, "spa": 50, "spd": 90, "spe": 90}, "stats": {"hp": 292, "atk": 219, "def": 166, "spa": 120, "spd": 181, "spe": 181}, "types": ["Fighting", "Ghost"]}}]}