{"id": "gen9randombattle-2641607432", "format": "[Gen 9] Random Battle", "players": ["thefakefildrong", "renzo6534"], "log": "|j|\u2606thefakefildrong\n|j|\u2606renzo6534\n|t:|1782817752\n|gametype|singles\n|player|p1|thefakefildrong|1|1998\n|player|p2|renzo6534|iris-gen5bw2|1948\n|gen|9\n|tier|[Gen 9] Random Battle\n|rated|\n|rule|Species Clause: Limit one of each Pok\u00e9mon\n|rule|HP Percentage Mod: HP is shown in percentages\n|rule|Sleep Clause Mod: Limit one foe put to sleep\n|rule|Illusion Level Mod: Illusion disguises the Pok\u00e9mon's true level\n|\n|t:|1782817752\n|teamsize|p1|6\n|teamsize|p2|6\n|start\n|switch|p1a: Beartic|Beartic, L91, M|321/321\n|switch|p2a: Victreebel|Victreebel, L90, F|290/290\n|turn|1\n|inactive|Battle timer is ON: inactive players will automatically lose when time's up. (requested by thefakefildrong)\n|inactive|renzo6534 has 120 seconds left.\n|\n|t:|1782817790\n|switch|p2a: Emboar|Emboar, L84, F|322/322\n|move|p1a: Beartic|Icicle Crash|p2a: Emboar\n|-resisted|p2a: Emboar\n|-damage|p2a: Emboar|232/322\n|\n|upkeep\n|turn|2\n|\n|t:|1782817799\n|switch|p1a: Chandelure|Chandelure, L83, M|235/235\n|move|p2a: Emboar|Flare Blitz|p1a: Chandelure\n|-resisted|p1a: Chandelure\n|-damage|p1a: Chandelure|92/235\n|-damage|p2a: Emboar|185/322|[from] Recoil\n|\n|-heal|p1a: Chandelure|106/235|[from] item: Leftovers\n|upkeep\n|turn|3\n|\n|t:|1782817818\n|move|p1a: Chandelure|Shadow Ball|p2a: Emboar\n|-damage|p2a: Emboar|40/322\n|move|p2a: Emboar|Flare Blitz|p1a: Chandelure\n|-resisted|p1a: Chandelure\n|-damage|p1a: Chandelure|0 fnt\n|faint|p1a: Chandelure\n|-damage|p2a: Emboar|5/322|[from] Recoil\n|\n|upkeep\n|\n|t:|1782817827\n|switch|p1a: Cramorant|Cramorant, L86, F|261/261\n|turn|4\n|inactive|renzo6534 has 120 seconds left.\n|\n|t:|1782817887\n|switch|p2a: Salamence|Salamence, L77, F|273/273\n|-ability|p2a: Salamence|Intimidate|boost\n|-unboost|p1a: Cramorant|atk|1\n|move|p1a: Cramorant|Surf|p2a: Salamence\n|-formechange|p1a: Cramorant|Cramorant-Gulping|\n|-resisted|p2a: Salamence\n|-damage|p2a: Salamence|224/273\n|\n|upkeep\n|turn|5\n|\n|t:|1782817901\n|switch|p1a: Beartic|Beartic, L91, M|321/321\n|move|p2a: Salamence|Dragon Dance|p2a: Salamence\n|-boost|p2a: Salamence|atk|1\n|-boost|p2a: Salamence|spe|1\n|\n|upkeep\n|turn|6\n|inactive|renzo6534 has 90 seconds left.\n|\n|t:|1782817926\n|move|p2a: Salamence|Outrage|p1a: Beartic\n|-damage|p1a: Beartic|119/321\n|move|p1a: Beartic|Icicle Crash|p2a: Salamence\n|-supereffective|p2a: Salamence\n|-damage|p2a: Salamence|0 fnt\n|faint|p2a: Salamence\n|\n|upkeep\n|\n|t:|1782817934\n|switch|p2a: Emboar|Emboar, L84, F|5/322\n|turn|7\n|\n|t:|1782817963\n|switch|p1a: Cramorant|Cramorant, L86, F|261/261\n|move|p2a: Emboar|Wild Charge|p1a: Cramorant\n|-supereffective|p1a: Cramorant\n|-damage|p1a: Cramorant|0 fnt\n|faint|p1a: Cramorant\n|-damage|p2a: Emboar|0 fnt|[from] Recoil\n|faint|p2a: Emboar\n|\n|upkeep\n|inactive|renzo6534 has 90 seconds left.\n|\n|t:|1782817981\n|switch|p1a: Pachirisu|Pachirisu, L96, M|271/271\n|switch|p2a: Kyurem|Kyurem-Black, L71|295/295\n|-ability|p2a: Kyurem|Teravolt\n|turn|8\n|inactive|renzo6534 has 90 seconds left.\n|inactive|thefakefildrong has 120 seconds left.\n|\n|t:|1782818014\n|-terastallize|p2a: Kyurem|Ground\n|move|p1a: Pachirisu|Nuzzle|p2a: Kyurem\n|-immune|p2a: Kyurem\n|move|p2a: Kyurem|Dragon Dance|p2a: Kyurem\n|-boost|p2a: Kyurem|atk|1\n|-boost|p2a: Kyurem|spe|1\n|\n|upkeep\n|turn|9\n|inactive|thefakefildrong has 120 seconds left.\n|\n|t:|1782818020\n|switch|p1a: Hoopa|Hoopa-Unbound, L80|259/259\n|move|p2a: Kyurem|Dragon Dance|p2a: Kyurem\n|-boost|p2a: Kyurem|atk|1\n|-boost|p2a: Kyurem|spe|1\n|\n|upkeep\n|turn|10\n|inactive|thefakefildrong has 120 seconds left.\n|inactive|renzo6534 has 90 seconds left.\n|\n|t:|1782818034\n|move|p2a: Kyurem|Icicle Spear|p1a: Hoopa\n|-damage|p1a: Hoopa|174/259\n|-damage|p1a: Hoopa|90/259\n|-damage|p1a: Hoopa|8/259\n|-damage|p1a: Hoopa|0 fnt\n|faint|p1a: Hoopa\n|-hitcount|p1: Hoopa|4\n|\n|upkeep\n|\n|t:|1782818036\n|switch|p1a: Gastrodon|Gastrodon, L86, M|331/331\n|turn|11\n|\n|t:|1782818046\n|move|p2a: Kyurem|Icicle Spear|p1a: Gastrodon\n|-damage|p1a: Gastrodon|261/331\n|-damage|p1a: Gastrodon|189/331\n|-damage|p1a: Gastrodon|122/331\n|-damage|p1a: Gastrodon|47/331\n|-hitcount|p1a: Gastrodon|4\n|move|p1a: Gastrodon|Surf|p2a: Kyurem\n|-supereffective|p2a: Kyurem\n|-damage|p2a: Kyurem|83/295\n|\n|-heal|p1a: Gastrodon|67/331|[from] item: Leftovers\n|upkeep\n|turn|12\n|-message|thefakefildrong forfeited.\n|\n|win|renzo6534\n", "inputlog": ">version f8ac14003a5f27e1bdc8d8c59608a773c1cb96e5\n>start {\"formatid\":\"gen9randombattle\",\"seed\":\"sodium,b9ab6880dcadfd89e749ffeeee13fc91\",\"rated\":\"Rated battle\"}\n>player p1 {\"name\":\"thefakefildrong\",\"avatar\":\"1\",\"rating\":1998,\"seed\":\"sodium,7dfb5766d55d9925e683b033a95a582f\"}\n>player p2 {\"name\":\"renzo6534\",\"avatar\":\"iris-gen5bw2\",\"rating\":1948,\"seed\":\"sodium,47430899f2985aa82a5c075873ec79e1\"}\n>p1 move iciclecrash\n>p2 switch 6\n>p1 switch 3\n>p2 move flareblitz\n>p1 move shadowball\n>p2 move flareblitz\n>p1 switch 4\n>p1 move surf\n>p2 switch 5\n>p1 switch 3\n>p2 move dragondance\n>p1 move iciclecrash\n>p2 move outrage\n>p2 switch 5\n>p1 switch 3\n>p2 move wildcharge\n>p1 switch 5\n>p2 switch 4\n>p1 move nuzzle\n>p2 move dragondance terastallize\n>p1 switch 2\n>p2 move dragondance\n>p1 move trick\n>p2 move iciclespear\n>p1 switch 6\n>p1 move surf\n>p2 move iciclespear\n>forcelose p1", "uploadtime": 1782817754, "views": 3, "formatid": "gen9randombattle", "rating": null, "private": 0, "password": null, "player_dets": [{"name": "thefakefildrong", "avatar": "1", "rating": 1998, "seed": "sodium,7dfb5766d55d9925e683b033a95a582f"}, {"name": "renzo6534", "avatar": "iris-gen5bw2", "rating": 1948, "seed": "sodium,47430899f2985aa82a5c075873ec79e1"}], "teams_full": [{"Beartic": {"name": "Beartic", "species": "Beartic", "speciesId": "beartic", "gender": "M", "shiny": false, "level": 91, "moves": ["iciclecrash", "closecombat", "earthquake", "swordsdance"], "ability": "Swift Swim", "evs": {"hp": 85, "atk": 85, "def": 85, "spa": 85, "spd": 85, "spe": 85}, "ivs": {"hp": 31, "atk": 31, "def": 31, "spa": 31, "spd": 31, "spe": 31}, "item": "Heavy-Duty Boots", "teraType": "Ground", "role": "Wallbreaker", "bvs": {"hp": 95, "atk": 130, "def": 80, "spa": 70, "spd": 80, "spe": 50}, "stats": {"hp": 321, "atk": 288, "def": 197, "spa": 179, "spd": 197, "spe": 143}, "types": ["Ice"]}, "Hoopa": {"name": "Hoopa", "species": "Hoopa-Unbound", "speciesId": "hoopaunbound", "gender": "N", "shiny": false, "level": 80, "moves": ["psychic", "hyperspacefury", "trick", "gunkshot"], "ability": "Magician", "evs": {"hp": 85, "atk": 85, "def": 85, "spa": 85, "spd": 85, "spe": 85}, "ivs": {"hp": 31, "atk": 31, "def": 31, "spa": 31, "spd": 31, "spe": 31}, "item": "Choice Scarf", "teraType": "Poison", "role": "Bulky Attacker", "bvs": {"hp": 80, "atk": 160, "def": 60, "spa": 170, "spd": 130, "spe": 80}, "stats": {"hp": 259, "atk": 302, "def": 142, "spa": 318, "spd": 254, "spe": 174}, "types": ["Psychic", "Dark"]}, "Chandelure": {"name": "Chandelure", "species": "Chandelure", "speciesId": "chandelure", "gender": "M", "shiny": false, "level": 83, "moves": ["fireblast", "substitute", "shadowball", "calmmind"], "ability": "Flame Body", "evs": {"hp": 85, "atk": 0, "def": 85, "spa": 85, "spd": 85, "spe": 85}, "ivs": {"hp": 31, "atk": 0, "def": 31, "spa": 31, "spd": 31, "spe": 31}, "item": "Leftovers", "teraType": "Ghost", "role": "Fast Bulky Setup", "bvs": {"hp": 60, "atk": 55, "def": 90, "spa": 145, "spd": 90, "spe": 80}, "stats": {"hp": 235, "atk": 96, "def": 197, "spa": 288, "spd": 197, "spe": 180}, "types": ["Ghost", "Fire"]}, "Cramorant": {"name": "Cramorant", "species": "Cramorant", "speciesId": "cramorant", "gender": "F", "shiny": false, "level": 86, "moves": ["roost", "bravebird", "surf", "defog"], "ability": "Gulp Missile", "evs": {"hp": 85, "atk": 85, "def": 85, "spa": 85, "spd": 85, "spe": 85}, "ivs": {"hp": 31, "atk": 31, "def": 31, "spa": 31, "spd": 31, "spe": 31}, "item": "Heavy-Duty Boots", "teraType": "Ground", "role": "Bulky Support", "bvs": {"hp": 70, "atk": 85, "def": 55, "spa": 85, "spd": 95, "spe": 85}, "stats": {"hp": 261, "atk": 195, "def": 144, "spa": 195, "spd": 213, "spe": 195}, "types": ["Flying", "Water"]}, "Pachirisu": {"name": "Pachirisu", "species": "Pachirisu", "speciesId": "pachirisu", "gender": "M", "shiny": false, "level": 96, "moves": ["superfang", "thunderbolt", "nuzzle", "uturn"], "ability": "Volt Absorb", "evs": {"hp": 85, "atk": 85, "def": 85, "spa": 85, "spd": 85, "spe": 85}, "ivs": {"hp": 31, "atk": 31, "def": 31, "spa": 31, "spd": 31, "spe": 31}, "item": "Assault Vest", "teraType": "Flying", "role": "AV Pivot", "bvs": {"hp": 60, "atk": 45, "def": 70, "spa": 45, "spd": 90, "spe": 95}, "stats": {"hp": 271, "atk": 141, "def": 189, "spa": 141, "spd": 227, "spe": 237}, "types": ["Electric"]}, "Gastrodon": {"name": "Gastrodon", "species": "Gastrodon", "speciesId": "gastrodon", "gender": "M", "shiny": false, "level": 86, "moves": ["recover", "surf", "stealthrock", "earthquake"], "ability": "Storm Drain", "evs": {"hp": 85, "atk": 85, "def": 85, "spa": 85, "spd": 85, "spe": 85}, "ivs": {"hp": 31, "atk": 31, "def": 31, "spa": 31, "spd": 31, "spe": 31}, "item": "Leftovers", "teraType": "Poison", "role": "Bulky Support", "bvs": {"hp": 111, "atk": 83, "def": 68, "spa": 92, "spd": 82, "spe": 39}, "stats": {"hp": 331, "atk": 192, "def": 166, "spa": 207, "spd": 190, "spe": 116}, "types": ["Water", "Ground"]}}, {"Victreebel": {"name": "Victreebel", "species": "Victreebel", "speciesId": "victreebel", "gender": "F", "shiny": false, "level": 90, "moves": ["powerwhip", "weatherball", "sludgewave", "sunnyday"], "ability": "Chlorophyll", "evs": {"hp": 85, "atk": 85, "def": 85, "spa": 85, "spd": 85, "spe": 85}, "ivs": {"hp": 31, "atk": 31, "def": 31, "spa": 31, "spd": 31, "spe": 31}, "item": "Life Orb", "teraType": "Fire", "role": "Fast Attacker", "bvs": {"hp": 80, "atk": 105, "def": 65, "spa": 100, "spd": 70, "spe": 70}, "stats": {"hp": 290, "atk": 240, "def": 168, "spa": 231, "spd": 177, "spe": 177}, "types": ["Grass", "Poison"]}, "Squawkabilly": {"name": "Squawkabilly", "species": "Squawkabilly-Blue", "speciesId": "squawkabillyblue", "gender": "M", "shiny": false, "level": 85, "moves": ["facade", "uturn", "bravebird", "quickattack"], "ability": "Guts", "evs": {"hp": 85, "atk": 85, "def": 85, "spa": 85, "spd": 85, "spe": 85}, "ivs": {"hp": 31, "atk": 31, "def": 31, "spa": 31, "spd": 31, "spe": 31}, "item": "Flame Orb", "teraType": "Normal", "role": "Wallbreaker", "bvs": {"hp": 82, "atk": 96, "def": 51, "spa": 45, "spd": 51, "spe": 92}, "stats": {"hp": 278, "atk": 212, "def": 135, "spa": 125, "spd": 135, "spe": 205}, "types": ["Normal", "Flying"]}, "Grumpig": {"name": "Grumpig", "species": "Grumpig", "speciesId": "grumpig", "gender": "F", "shiny": false, "level": 92, "moves": ["focusblast", "psychic", "shadowball", "nastyplot"], "ability": "Thick Fat", "evs": {"hp": 85, "atk": 0, "def": 85, "spa": 85, "spd": 85, "spe": 85}, "ivs": {"hp": 31, "atk": 0, "def": 31, "spa": 31, "spd": 31, "spe": 31}, "item": "Leftovers", "teraType": "Fighting", "role": "Bulky Setup", "bvs": {"hp": 80, "atk": 45, "def": 65, "spa": 90, "spd": 110, "spe": 80}, "stats": {"hp": 297, "atk": 87, "def": 172, "spa": 218, "spd": 255, "spe": 200}, "types": ["Psychic"]}, "Kyurem": {"name": "Kyurem", "species": "Kyurem-Black", "speciesId": "kyuremblack", "gender": "N", "shiny": false, "level": 71, "moves": ["scaleshot", "dragondance", "iciclespear", "terablast"], "ability": "Teravolt", "evs": {"hp": 85, "atk": 85, "def": 85, "spa": 85, "spd": 85, "spe": 85}, "ivs": {"hp": 31, "atk": 31, "def": 31, "spa": 31, "spd": 31, "spe": 31}, "item": "Loaded Dice", "teraType": "Ground", "role": "Tera Blast user", "bvs": {"hp": 125, "atk": 170, "def": 100, "spa": 120, "spd": 90, "spe": 95}, "stats": {"hp": 295, "atk": 283, "def": 183, "spa": 212, "spd": 169, "spe": 176}, "types": ["Dragon", "Ice"]}, "Salamence": {"name": "Salamence", "species": "Salamence", "speciesId": "salamence", "gender": "F", "shiny": false, "level": 77, "moves": ["earthquake", "dualwingbeat", "dragondance", "outrage"], "ability": "Intimidate", "evs": {"hp": 85, "atk": 85, "def": 85, "spa": 85, "spd": 85, "spe": 85}, "ivs": {"hp": 31, "atk": 31, "def": 31, "spa": 31, "spd": 31, "spe": 31}, "item": "Heavy-Duty Boots", "teraType": "Dragon", "role": "Setup Sweeper", "bvs": {"hp": 95, "atk": 135, "def": 80, "spa": 110, "spd": 80, "spe": 100}, "stats": {"hp": 273, "atk": 252, "def": 168, "spa": 214, "spd": 168, "spe": 199}, "types": ["Dragon", "Flying"]}, "Emboar": {"name": "Emboar", "species": "Emboar", "speciesId": "emboar", "gender": "F", "shiny": false, "level": 84, "moves": ["knockoff", "flareblitz", "closecombat", "wildcharge"], "ability": "Reckless", "evs": {"hp": 85, "atk": 85, "def": 85, "spa": 85, "spd": 85, "spe": 85}, "ivs": {"hp": 31, "atk": 31, "def": 31, "spa": 31, "spd": 31, "spe": 31}, "item": "Choice Band", "teraType": "Fire", "role": "Fast Attacker", "bvs": {"hp": 110, "atk": 123, "def": 65, "spa": 100, "spd": 65, "spe": 65}, "stats": {"hp": 322, "atk": 255, "def": 157, "spa": 216, "spd": 157, "spe": 157}, "types": ["Fire", "Fighting"]}}]}