{"id": "gen9randombattle-2641470284", "format": "[Gen 9] Random Battle", "players": ["My Life is Dance \u2764", "Chakraisgae"], "log": "|badge|p1|bronze|gen9randombattle|100-9\n|html|<div class=\"broadcast-red\"><strong>This battle is required to be public due to one or more player having a season medal.</strong><br />During the public phase, you can discuss the state of the ladder <a href=\"/seasondiscussion\">in a special chatroom.</a></div>\n|uhtml|medal-msg|<div class=\"broadcast-blue\">Curious what those medals under the avatar are? PS now has Ladder Seasons! For more information, check out the <a href=\"https://www.smogon.com/forums/threads/3740067/\">thread on Smogon.</a></div>\n|badge|p2|bronze|gen9randombattle|100-9\n|uhtml|medal-msg|<div class=\"broadcast-blue\">Curious what those medals under the avatar are? PS now has Ladder Seasons! For more information, check out the <a href=\"https://www.smogon.com/forums/threads/3740067/\">thread on Smogon.</a></div>\n|j|\u2606My Life is Dance \u2764\n|j|\u2606Chakraisgae\n|t:|1782789790\n|gametype|singles\n|player|p1|My Life is Dance \u2764|tierno|2253\n|player|p2|Chakraisgae|102|2315\n|gen|9\n|tier|[Gen 9] Random Battle\n|rated|\n|rule|Species Clause: Limit one of each Pok\u00e9mon\n|rule|HP Percentage Mod: HP is shown in percentages\n|rule|Sleep Clause Mod: Limit one foe put to sleep\n|rule|Illusion Level Mod: Illusion disguises the Pok\u00e9mon's true level\n|\n|t:|1782789790\n|teamsize|p1|6\n|teamsize|p2|6\n|start\n|switch|p1a: Mismagius|Mismagius, L86, M|243/243\n|switch|p2a: Chimecho|Chimecho, L93, M|290/290\n|turn|1\n|inactive|Battle timer is ON: inactive players will automatically lose when time's up. (requested by My Life is Dance \u2764)\n|\n|t:|1782789802\n|switch|p2a: Chi-Yu|Chi-Yu, L77|211/211\n|-ability|p2a: Chi-Yu|Beads of Ruin\n|move|p1a: Mismagius|Shadow Ball|p2a: Chi-Yu\n|-resisted|p2a: Chi-Yu\n|-damage|p2a: Chi-Yu|155/211\n|\n|upkeep\n|turn|2\n|\n|t:|1782789824\n|switch|p1a: Vaporeon|Vaporeon, L86, M|364/364\n|move|p2a: Chi-Yu|Dark Pulse|p1a: Vaporeon\n|-damage|p1a: Vaporeon|256/364\n|\n|-heal|p1a: Vaporeon|278/364|[from] item: Leftovers\n|upkeep\n|turn|3\n|\n|t:|1782789853\n|move|p2a: Chi-Yu|Dark Pulse|p1a: Vaporeon\n|-damage|p1a: Vaporeon|155/364\n|move|p1a: Vaporeon|Wish|p1a: Vaporeon\n|\n|-heal|p1a: Vaporeon|177/364|[from] item: Leftovers\n|upkeep\n|turn|4\n|\n|t:|1782789861\n|switch|p2a: Chimecho|Chimecho, L93, M|290/290\n|move|p1a: Vaporeon|Scald|p2a: Chimecho\n|-damage|p2a: Chimecho|200/290\n|-status|p2a: Chimecho|brn\n|\n|-heal|p1a: Vaporeon|359/364|[from] move: Wish|[wisher] Vaporeon\n|-heal|p2a: Chimecho|218/290 brn|[from] item: Leftovers\n|-heal|p1a: Vaporeon|364/364|[from] item: Leftovers\n|-damage|p2a: Chimecho|200/290 brn|[from] brn\n|upkeep\n|turn|5\n|inactive|My Life is Dance \u2764 has 120 seconds left.\n|\n|t:|1782789895\n|move|p2a: Chimecho|Psyshock|p1a: Vaporeon\n|-damage|p1a: Vaporeon|231/364\n|move|p1a: Vaporeon|Wish|p1a: Vaporeon\n|\n|-heal|p2a: Chimecho|218/290 brn|[from] item: Leftovers\n|-heal|p1a: Vaporeon|253/364|[from] item: Leftovers\n|-damage|p2a: Chimecho|200/290 brn|[from] brn\n|upkeep\n|turn|6\n|\n|t:|1782789903\n|switch|p1a: Mew|Mew, L82|298/298\n|move|p2a: Chimecho|Calm Mind|p2a: Chimecho\n|-boost|p2a: Chimecho|spa|1\n|-boost|p2a: Chimecho|spd|1\n|\n|-heal|p2a: Chimecho|218/290 brn|[from] item: Leftovers\n|-damage|p2a: Chimecho|200/290 brn|[from] brn\n|upkeep\n|turn|7\n|inactive|My Life is Dance \u2764 has 120 seconds left.\n|\n|t:|1782789914\n|switch|p2a: Zacian|Zacian, L69|241/241\n|-ability|p2a: Zacian|Intrepid Sword|boost\n|-boost|p2a: Zacian|atk|1\n|move|p1a: Mew|Knock Off|p2a: Zacian\n|-resisted|p2a: Zacian\n|-damage|p2a: Zacian|210/241\n|-enditem|p2a: Zacian|Choice Band|[from] move: Knock Off|[of] p1a: Mew\n|\n|upkeep\n|turn|8\n|inactive|My Life is Dance \u2764 has 120 seconds left.\n|\n|t:|1782789952\n|move|p2a: Zacian|Play Rough|p1a: Mew\n|-damage|p1a: Mew|190/298\n|move|p1a: Mew|Stealth Rock|p2a: Zacian\n|-sidestart|p2: Chakraisgae|move: Stealth Rock\n|\n|-heal|p1a: Mew|208/298|[from] item: Leftovers\n|upkeep\n|turn|9\n|\n|t:|1782789959\n|move|p2a: Zacian|Play Rough|p1a: Mew\n|-crit|p1a: Mew\n|-damage|p1a: Mew|60/298\n|move|p1a: Mew|Toxic Spikes|p2a: Zacian\n|-sidestart|p2: Chakraisgae|move: Toxic Spikes\n|\n|-heal|p1a: Mew|78/298|[from] item: Leftovers\n|upkeep\n|turn|10\n|\n|t:|1782789966\n|switch|p1a: Seviper|Seviper, L93, F|287/287\n|move|p2a: Zacian|Play Rough|p1a: Seviper\n|-resisted|p1a: Seviper\n|-damage|p1a: Seviper|218/287\n|\n|-heal|p1a: Seviper|235/287|[from] item: Leftovers\n|upkeep\n|turn|11\n|\n|t:|1782789970\n|move|p2a: Zacian|Psychic Fangs|p1a: Seviper\n|-supereffective|p1a: Seviper\n|-damage|p1a: Seviper|75/287\n|move|p1a: Seviper|Trailblaze|p2a: Zacian\n|-damage|p2a: Zacian|162/241\n|-boost|p1a: Seviper|spe|1\n|\n|-heal|p1a: Seviper|92/287|[from] item: Leftovers\n|upkeep\n|turn|12\n|\n|t:|1782789981\n|switch|p2a: Revavroom|Revavroom, L79, M|256/256\n|-damage|p2a: Revavroom|240/256|[from] Stealth Rock\n|-sideend|p2: Chakraisgae|move: Toxic Spikes|[of] p2a: Revavroom\n|move|p1a: Seviper|Gunk Shot|p2a: Revavroom\n|-immune|p2a: Revavroom\n|\n|-heal|p1a: Seviper|109/287|[from] item: Leftovers\n|upkeep\n|turn|13\n|inactive|My Life is Dance \u2764 has 120 seconds left.\n|inactive|Chakraisgae has 120 seconds left.\n|\n|t:|1782790021\n|-terastallize|p2a: Revavroom|Ground\n|move|p1a: Seviper|Swords Dance|p1a: Seviper\n|-boost|p1a: Seviper|atk|2\n|move|p2a: Revavroom|Shift Gear|p2a: Revavroom\n|-boost|p2a: Revavroom|spe|2\n|-boost|p2a: Revavroom|atk|1\n|\n|-heal|p1a: Seviper|126/287|[from] item: Leftovers\n|upkeep\n|turn|14\n|inactive|Chakraisgae has 120 seconds left.\n|\n|t:|1782790032\n|switch|p1a: Mew|Mew, L82|78/298\n|move|p2a: Revavroom|Iron Head|p1a: Mew\n|-damage|p1a: Mew|0 fnt\n|faint|p1a: Mew\n|-damage|p2a: Revavroom|215/256|[from] item: Life Orb\n|\n|upkeep\n|\n|t:|1782790047\n|switch|p1a: Lumineon|Lumineon, L93, F|279/279\n|turn|15\n|\n|t:|1782790051\n|move|p2a: Revavroom|Gunk Shot|p1a: Lumineon\n|-damage|p1a: Lumineon|28/279\n|-status|p1a: Lumineon|psn\n|-damage|p2a: Revavroom|190/256|[from] item: Life Orb\n|move|p1a: Lumineon|Hydro Pump|p2a: Revavroom\n|-supereffective|p2a: Revavroom\n|-damage|p2a: Revavroom|0 fnt\n|faint|p2a: Revavroom\n|\n|-damage|p1a: Lumineon|0 fnt|[from] psn\n|faint|p1a: Lumineon\n|upkeep\n|\n|t:|1782790070\n|switch|p1a: Vaporeon|Vaporeon, L86, M|253/364\n|switch|p2a: Virizion|Virizion, L82|283/283\n|-damage|p2a: Virizion|266/283|[from] Stealth Rock\n|turn|16\n|inactive|My Life is Dance \u2764 has 90 seconds left.\n|\n|t:|1782790128\n|switch|p1a: Seviper|Seviper, L93, F|126/287\n|move|p2a: Virizion|Leaf Blade|p1a: Seviper\n|-resisted|p1a: Seviper\n|-damage|p1a: Seviper|66/287\n|-damage|p2a: Virizion|238/283|[from] item: Life Orb\n|\n|-heal|p1a: Seviper|83/287|[from] item: Leftovers\n|upkeep\n|turn|17\n|\n|t:|1782790138\n|move|p2a: Virizion|Stone Edge|p1a: Seviper\n|-damage|p1a: Seviper|0 fnt\n|faint|p1a: Seviper\n|-damage|p2a: Virizion|210/283|[from] item: Life Orb\n|\n|upkeep\n|\n|t:|1782790141\n|switch|p1a: Tropius|Tropius, L91, F|328/328\n|turn|18\n|\n|t:|1782790168\n|switch|p2a: Chi-Yu|Chi-Yu, L77|155/211\n|-damage|p2a: Chi-Yu|103/211|[from] Stealth Rock\n|-ability|p2a: Chi-Yu|Beads of Ruin\n|move|p1a: Tropius|Dragon Dance|p1a: Tropius\n|-boost|p1a: Tropius|atk|1\n|-boost|p1a: Tropius|spe|1\n|\n|upkeep\n|turn|19\n|inactive|My Life is Dance \u2764 has 90 seconds left.\n|inactive|Chakraisgae has 120 seconds left.\n|inactive|My Life is Dance \u2764 has 60 seconds left.\n|\n|t:|1782790222\n|-terastallize|p1a: Tropius|Ground\n|move|p2a: Chi-Yu|Flamethrower|p1a: Tropius\n|-crit|p1a: Tropius\n|-damage|p1a: Tropius|124/328\n|-enditem|p1a: Tropius|Sitrus Berry|[eat]\n|-heal|p1a: Tropius|206/328|[from] item: Sitrus Berry\n|move|p1a: Tropius|Dragon Dance|p1a: Tropius\n|-boost|p1a: Tropius|atk|1\n|-boost|p1a: Tropius|spe|1\n|\n|upkeep\n|turn|20\n|inactive|Chakraisgae has 120 seconds left.\n|c|\u2606Chakraisgae|these boys claiming that they got water i said ima lake em\n|inactive|My Life is Dance \u2764 has 30 seconds left.\n|inactive|My Life is Dance \u2764 has 20 seconds left.\n|inactive|My Life is Dance \u2764 has 15 seconds left.\n|\n|t:|1782790271\n|switch|p2a: Virizion|Virizion, L82|210/283\n|-damage|p2a: Virizion|193/283|[from] Stealth Rock\n|move|p1a: Tropius|Earthquake|p2a: Virizion\n|-resisted|p2a: Virizion\n|-damage|p2a: Virizion|74/283\n|\n|-item|p1a: Tropius|Sitrus Berry|[from] ability: Harvest\n|upkeep\n|turn|21\n|inactive|My Life is Dance \u2764 has 25 seconds left this turn.\n|\n|t:|1782790274\n|move|p1a: Tropius|Earthquake|p2a: Virizion\n|-resisted|p2a: Virizion\n|-damage|p2a: Virizion|0 fnt\n|faint|p2a: Virizion\n|\n|upkeep\n|\n|t:|1782790277\n|switch|p2a: Chi-Yu|Chi-Yu, L77|103/211\n|-damage|p2a: Chi-Yu|51/211|[from] Stealth Rock\n|-ability|p2a: Chi-Yu|Beads of Ruin\n|turn|22\n|\n|t:|1782790284\n|move|p2a: Chi-Yu|Overheat|p1a: Tropius\n|-damage|p1a: Tropius|23/328\n|-unboost|p2a: Chi-Yu|spa|2\n|-enditem|p1a: Tropius|Sitrus Berry|[eat]\n|-heal|p1a: Tropius|105/328|[from] item: Sitrus Berry\n|move|p1a: Tropius|Earthquake|p2a: Chi-Yu\n|-supereffective|p2a: Chi-Yu\n|-damage|p2a: Chi-Yu|0 fnt\n|faint|p2a: Chi-Yu\n|\n|-item|p1a: Tropius|Sitrus Berry|[from] ability: Harvest\n|upkeep\n|-enditem|p1a: Tropius|Sitrus Berry|[eat]\n|-heal|p1a: Tropius|187/328|[from] item: Sitrus Berry\n|\n|t:|1782790293\n|switch|p2a: Chimecho|Chimecho, L93, M|200/290 brn\n|-damage|p2a: Chimecho|164/290 brn|[from] Stealth Rock\n|turn|23\n|-message|Chakraisgae forfeited.\n|\n|win|My Life is Dance \u2764\n", "inputlog": ">version f8ac14003a5f27e1bdc8d8c59608a773c1cb96e5\n>start {\"formatid\":\"gen9randombattle\",\"seed\":\"sodium,d3df6213bb0048388217c7cdf8e8914a\",\"rated\":\"Rated battle\"}\n>player p1 {\"name\":\"My Life is Dance \u2764\",\"avatar\":\"tierno\",\"rating\":2253,\"seed\":\"sodium,8ed9007df05681c98f041f211bd2a206\"}\n>player p2 {\"name\":\"Chakraisgae\",\"avatar\":\"102\",\"rating\":2315,\"seed\":\"sodium,fb3642eb1310ef58cffd429a996ba247\"}\n>p1 move shadowball\n>p2 switch 4\n>p1 switch 4\n>p2 move darkpulse\n>p1 move wish\n>p2 move darkpulse\n>p1 move scald\n>p2 switch 4\n>p1 move wish\n>p2 move psyshock\n>p1 switch 2\n>p2 move calmmind\n>p1 move knockoff\n>p2 switch 6\n>p1 move stealthrock\n>p2 move playrough\n>p1 move toxicspikes\n>p2 move playrough\n>p1 switch 5\n>p2 move playrough\n>p1 move trailblaze\n>p2 move psychicfangs\n>p1 move gunkshot\n>p2 switch 2\n>p1 move swordsdance\n>p2 move shiftgear terastallize\n>p1 switch 5\n>p2 move ironhead\n>p1 switch 3\n>p1 move hydropump\n>p2 move gunkshot\n>p1 switch 2\n>p2 switch 3\n>p1 switch 5\n>p2 move leafblade\n>p1 move trailblaze\n>p2 move stoneedge\n>p1 switch 6\n>p1 move dragondance\n>p2 switch 4\n>p1 move dragondance terastallize\n>p2 move flamethrower\n>chat \u2606Chakraisgae|these boys claiming that they got water i said ima lake em\n>p1 move earthquake\n>p2 switch 4\n>p1 move earthquake\n>p2 move leafblade\n>p2 switch 4\n>p1 move earthquake\n>p2 move overheat\n>p2 switch 6\n>forcelose p2", "uploadtime": 1782789792, "views": 3, "formatid": "gen9randombattle", "rating": null, "private": 0, "password": null, "player_dets": [{"name": "My Life is Dance \u2764", "avatar": "tierno", "rating": 2253, "seed": "sodium,8ed9007df05681c98f041f211bd2a206"}, {"name": "Chakraisgae", "avatar": "102", "rating": 2315, "seed": "sodium,fb3642eb1310ef58cffd429a996ba247"}], "teams_full": [{"Mismagius": {"name": "Mismagius", "species": "Mismagius", "speciesId": "mismagius", "gender": "M", "shiny": false, "level": 86, "moves": ["mysticalfire", "energyball", "shadowball", "thunderbolt"], "ability": "Levitate", "evs": {"hp": 85, "atk": 0, "def": 85, "spa": 85, "spd": 85, "spe": 85}, "ivs": {"hp": 31, "atk": 0, "def": 31, "spa": 31, "spd": 31, "spe": 31}, "item": "Choice Specs", "teraType": "Electric", "role": "Wallbreaker", "bvs": {"hp": 60, "atk": 60, "def": 60, "spa": 105, "spd": 105, "spe": 105}, "stats": {"hp": 243, "atk": 108, "def": 152, "spa": 230, "spd": 230, "spe": 230}, "types": ["Ghost"]}, "Mew": {"name": "Mew", "species": "Mew", "speciesId": "mew", "gender": "N", "shiny": false, "level": 82, "moves": ["psychic", "stealthrock", "knockoff", "toxicspikes"], "ability": "Synchronize", "evs": {"hp": 85, "atk": 85, "def": 85, "spa": 85, "spd": 85, "spe": 85}, "ivs": {"hp": 31, "atk": 31, "def": 31, "spa": 31, "spd": 31, "spe": 31}, "item": "Leftovers", "teraType": "Fairy", "role": "Bulky Support", "bvs": {"hp": 100, "atk": 100, "def": 100, "spa": 100, "spd": 100, "spe": 100}, "stats": {"hp": 298, "atk": 211, "def": 211, "spa": 211, "spd": 211, "spe": 211}, "types": ["Psychic"]}, "Lumineon": {"name": "Lumineon", "species": "Lumineon", "speciesId": "lumineon", "gender": "F", "shiny": false, "level": 93, "moves": ["uturn", "icebeam", "hydropump", "encore"], "ability": "Storm Drain", "evs": {"hp": 85, "atk": 85, "def": 85, "spa": 85, "spd": 85, "spe": 85}, "ivs": {"hp": 31, "atk": 31, "def": 31, "spa": 31, "spd": 31, "spe": 31}, "item": "Heavy-Duty Boots", "teraType": "Dragon", "role": "Fast Support", "bvs": {"hp": 69, "atk": 69, "def": 76, "spa": 69, "spd": 86, "spe": 91}, "stats": {"hp": 279, "atk": 181, "def": 194, "spa": 181, "spd": 213, "spe": 222}, "types": ["Water"]}, "Vaporeon": {"name": "Vaporeon", "species": "Vaporeon", "speciesId": "vaporeon", "gender": "M", "shiny": false, "level": 86, "moves": ["wish", "roar", "scald", "protect"], "ability": "Water Absorb", "evs": {"hp": 85, "atk": 0, "def": 85, "spa": 85, "spd": 85, "spe": 85}, "ivs": {"hp": 31, "atk": 0, "def": 31, "spa": 31, "spd": 31, "spe": 31}, "item": "Leftovers", "teraType": "Ghost", "role": "Bulky Attacker", "bvs": {"hp": 130, "atk": 65, "def": 60, "spa": 110, "spd": 95, "spe": 65}, "stats": {"hp": 364, "atk": 116, "def": 152, "spa": 238, "spd": 213, "spe": 161}, "types": ["Water"]}, "Seviper": {"name": "Seviper", "species": "Seviper", "speciesId": "seviper", "gender": "F", "shiny": false, "level": 93, "moves": ["gunkshot", "earthquake", "swordsdance", "trailblaze"], "ability": "Infiltrator", "evs": {"hp": 85, "atk": 85, "def": 85, "spa": 85, "spd": 85, "spe": 85}, "ivs": {"hp": 31, "atk": 31, "def": 31, "spa": 31, "spd": 31, "spe": 31}, "item": "Leftovers", "teraType": "Grass", "role": "Bulky Setup", "bvs": {"hp": 73, "atk": 100, "def": 60, "spa": 100, "spd": 60, "spe": 65}, "stats": {"hp": 287, "atk": 239, "def": 164, "spa": 239, "spd": 164, "spe": 174}, "types": ["Poison"]}, "Tropius": {"name": "Tropius", "species": "Tropius", "speciesId": "tropius", "gender": "F", "shiny": false, "level": 91, "moves": ["dragondance", "leafblade", "dualwingbeat", "earthquake"], "ability": "Harvest", "evs": {"hp": 85, "atk": 85, "def": 85, "spa": 85, "spd": 85, "spe": 85}, "ivs": {"hp": 31, "atk": 31, "def": 31, "spa": 31, "spd": 31, "spe": 31}, "item": "Sitrus Berry", "teraType": "Ground", "role": "Setup Sweeper", "bvs": {"hp": 99, "atk": 68, "def": 83, "spa": 72, "spd": 87, "spe": 51}, "stats": {"hp": 328, "atk": 176, "def": 203, "spa": 183, "spd": 210, "spe": 145}, "types": ["Grass", "Flying"]}}, {"Chimecho": {"name": "Chimecho", "species": "Chimecho", "speciesId": "chimecho", "gender": "M", "shiny": false, "level": 93, "moves": ["recover", "calmmind", "psyshock", "dazzlinggleam"], "ability": "Levitate", "evs": {"hp": 85, "atk": 0, "def": 85, "spa": 85, "spd": 85, "spe": 85}, "ivs": {"hp": 31, "atk": 0, "def": 31, "spa": 31, "spd": 31, "spe": 31}, "item": "Leftovers", "teraType": "Fairy", "role": "Bulky Setup", "bvs": {"hp": 75, "atk": 50, "def": 80, "spa": 95, "spd": 90, "spe": 65}, "stats": {"hp": 290, "atk": 98, "def": 202, "spa": 230, "spd": 220, "spe": 174}, "types": ["Psychic"]}, "Revavroom": {"name": "Revavroom", "species": "Revavroom", "speciesId": "revavroom", "gender": "M", "shiny": false, "level": 79, "moves": ["shiftgear", "gunkshot", "highhorsepower", "ironhead"], "ability": "Filter", "evs": {"hp": 85, "atk": 85, "def": 85, "spa": 85, "spd": 85, "spe": 85}, "ivs": {"hp": 31, "atk": 31, "def": 31, "spa": 31, "spd": 31, "spe": 31}, "item": "Life Orb", "teraType": "Ground", "role": "Fast Attacker", "bvs": {"hp": 80, "atk": 119, "def": 90, "spa": 54, "spd": 67, "spe": 90}, "stats": {"hp": 256, "atk": 234, "def": 188, "spa": 131, "spd": 151, "spe": 188}, "types": ["Steel", "Poison"]}, "Virizion": {"name": "Virizion", "species": "Virizion", "speciesId": "virizion", "gender": "N", "shiny": false, "level": 82, "moves": ["stoneedge", "swordsdance", "leafblade", "closecombat"], "ability": "Justified", "evs": {"hp": 85, "atk": 85, "def": 85, "spa": 85, "spd": 85, "spe": 85}, "ivs": {"hp": 31, "atk": 31, "def": 31, "spa": 31, "spd": 31, "spe": 31}, "item": "Life Orb", "teraType": "Rock", "role": "Setup Sweeper", "bvs": {"hp": 91, "atk": 90, "def": 72, "spa": 90, "spd": 129, "spe": 108}, "stats": {"hp": 283, "atk": 195, "def": 165, "spa": 195, "spd": 259, "spe": 224}, "types": ["Grass", "Fighting"]}, "Chi-Yu": {"name": "Chi-Yu", "species": "Chi-Yu", "speciesId": "chiyu", "gender": "N", "shiny": false, "level": 77, "moves": ["flamethrower", "darkpulse", "psychic", "overheat"], "ability": "Beads of Ruin", "evs": {"hp": 85, "atk": 0, "def": 85, "spa": 85, "spd": 85, "spe": 85}, "ivs": {"hp": 31, "atk": 0, "def": 31, "spa": 31, "spd": 31, "spe": 31}, "item": "Choice Scarf", "teraType": "Fire", "role": "Fast Attacker", "bvs": {"hp": 55, "atk": 80, "def": 80, "spa": 135, "spd": 120, "spe": 100}, "stats": {"hp": 211, "atk": 128, "def": 168, "spa": 252, "spd": 229, "spe": 199}, "types": ["Dark", "Fire"]}, "Arceus": {"name": "Arceus", "species": "Arceus-Poison", "speciesId": "arceuspoison", "gender": "N", "shiny": false, "level": 70, "moves": ["earthquake", "flareblitz", "gunkshot", "dragondance"], "ability": "Multitype", "evs": {"hp": 85, "atk": 85, "def": 85, "spa": 85, "spd": 85, "spe": 85}, "ivs": {"hp": 31, "atk": 31, "def": 31, "spa": 31, "spd": 31, "spe": 31}, "item": "Toxic Plate", "teraType": "Ground", "role": "Setup Sweeper", "bvs": {"hp": 120, "atk": 120, "def": 120, "spa": 120, "spd": 120, "spe": 120}, "stats": {"hp": 284, "atk": 209, "def": 209, "spa": 209, "spd": 209, "spe": 209}, "types": ["Poison"]}, "Zacian": {"name": "Zacian", "species": "Zacian", "speciesId": "zacian", "gender": "N", "shiny": false, "level": 69, "moves": ["closecombat", "playrough", "psychicfangs", "wildcharge"], "ability": "Intrepid Sword", "evs": {"hp": 85, "atk": 85, "def": 85, "spa": 85, "spd": 85, "spe": 85}, "ivs": {"hp": 31, "atk": 31, "def": 31, "spa": 31, "spd": 31, "spe": 31}, "item": "Choice Band", "teraType": "Fighting", "role": "Fast Attacker", "bvs": {"hp": 92, "atk": 120, "def": 115, "spa": 80, "spd": 115, "spe": 138}, "stats": {"hp": 241, "atk": 206, "def": 199, "spa": 151, "spd": 199, "spe": 231}, "types": ["Fairy"]}}]}