{"id": "gen9randombattle-2641721723", "format": "[Gen 9] Random Battle", "players": ["Jesse1807", "Pranith98"], "log": "|j|\u2606Jesse1807\n|j|\u2606Pranith98\n|t:|1782834059\n|gametype|singles\n|player|p1|Jesse1807|169|2032\n|player|p2|Pranith98|102|2084\n|gen|9\n|tier|[Gen 9] Random Battle\n|rated|\n|rule|Species Clause: Limit one of each Pok\u00e9mon\n|rule|HP Percentage Mod: HP is shown in percentages\n|rule|Sleep Clause Mod: Limit one foe put to sleep\n|rule|Illusion Level Mod: Illusion disguises the Pok\u00e9mon's true level\n|\n|t:|1782834059\n|teamsize|p1|6\n|teamsize|p2|6\n|start\n|switch|p1a: Gholdengo|Gholdengo, L77|261/261\n|switch|p2a: Kricketune|Kricketune, L99, F|311/311\n|turn|1\n|\n|t:|1782834076\n|move|p2a: Kricketune|Knock Off|p1a: Gholdengo\n|-supereffective|p1a: Gholdengo\n|-damage|p1a: Gholdengo|83/261\n|-enditem|p1a: Gholdengo|Leftovers|[from] move: Knock Off|[of] p2a: Kricketune\n|move|p1a: Gholdengo|Thunder Wave|p2a: Kricketune\n|-status|p2a: Kricketune|par\n|\n|upkeep\n|turn|2\n|\n|t:|1782834082\n|move|p1a: Gholdengo|Recover|p1a: Gholdengo\n|-heal|p1a: Gholdengo|214/261\n|move|p2a: Kricketune|Sticky Web|p1a: Gholdengo\n|-sidestart|p1: Jesse1807|move: Sticky Web\n|\n|upkeep\n|turn|3\n|\n|t:|1782834086\n|move|p1a: Gholdengo|Shadow Ball|p2a: Kricketune\n|-damage|p2a: Kricketune|193/311 par\n|move|p2a: Kricketune|Pounce|p1a: Gholdengo\n|-resisted|p1a: Gholdengo\n|-damage|p1a: Gholdengo|191/261\n|-unboost|p1a: Gholdengo|spe|1\n|\n|upkeep\n|turn|4\n|\n|t:|1782834094\n|move|p1a: Gholdengo|Shadow Ball|p2a: Kricketune\n|-damage|p2a: Kricketune|69/311 par\n|cant|p2a: Kricketune|par\n|\n|upkeep\n|turn|5\n|\n|t:|1782834098\n|move|p1a: Gholdengo|Shadow Ball|p2a: Kricketune\n|-damage|p2a: Kricketune|0 fnt\n|faint|p2a: Kricketune\n|\n|upkeep\n|\n|t:|1782834105\n|switch|p2a: Gastrodon|Gastrodon-East, L86, M|331/331\n|turn|6\n|\n|t:|1782834116\n|move|p2a: Gastrodon|Earthquake|p1a: Gholdengo\n|-supereffective|p1a: Gholdengo\n|-damage|p1a: Gholdengo|0 fnt\n|faint|p1a: Gholdengo\n|\n|upkeep\n|inactive|Battle timer is ON: inactive players will automatically lose when time's up. (requested by Pranith98)\n|\n|t:|1782834125\n|switch|p1a: Regice|Regice, L88|284/284\n|turn|7\n|\n|t:|1782834132\n|switch|p2a: Lucario|Lucario, L84, M|255/255\n|move|p1a: Regice|Ice Beam|p2a: Lucario\n|-resisted|p2a: Lucario\n|-damage|p2a: Lucario|196/255\n|\n|upkeep\n|turn|8\n|\n|t:|1782834136\n|switch|p1a: Ho-Oh|Ho-Oh, L71|268/268\n|move|p2a: Lucario|Meteor Mash|p1a: Ho-Oh\n|-resisted|p1a: Ho-Oh\n|-damage|p1a: Ho-Oh|178/268\n|\n|upkeep\n|turn|9\n|\n|t:|1782834142\n|switch|p2a: Porygon2|Porygon2, L81|270/270\n|-ability|p2a: Porygon2|Download|boost\n|-boost|p2a: Porygon2|atk|1\n|move|p1a: Ho-Oh|Sacred Fire|p2a: Porygon2\n|-damage|p2a: Porygon2|201/270\n|\n|upkeep\n|turn|10\n|\n|t:|1782834161\n|move|p1a: Ho-Oh|Brave Bird|p2a: Porygon2\n|-damage|p2a: Porygon2|117/270\n|-damage|p1a: Ho-Oh|150/268|[from] Recoil\n|move|p2a: Porygon2|Thunder Wave|p1a: Ho-Oh\n|-status|p1a: Ho-Oh|par\n|\n|upkeep\n|turn|11\n|\n|t:|1782834170\n|switch|p1a: Zangoose|Zangoose, L85, M|263/263\n|-activate|p1a: Zangoose|move: Sticky Web\n|-unboost|p1a: Zangoose|spe|1\n|move|p2a: Porygon2|Recover|p2a: Porygon2\n|-heal|p2a: Porygon2|252/270\n|\n|-status|p1a: Zangoose|tox|[from] item: Toxic Orb\n|upkeep\n|turn|12\n|\n|t:|1782834185\n|switch|p2a: Hydrapple|Hydrapple, L83, F|312/312\n|move|p1a: Zangoose|Knock Off|p2a: Hydrapple\n|-damage|p2a: Hydrapple|206/312\n|-enditem|p2a: Hydrapple|Assault Vest|[from] move: Knock Off|[of] p1a: Zangoose\n|\n|-damage|p1a: Zangoose|247/263 tox|[from] psn\n|upkeep\n|turn|13\n|\n|t:|1782834190\n|move|p1a: Zangoose|Facade|p2a: Hydrapple\n|-damage|p2a: Hydrapple|0 fnt\n|faint|p2a: Hydrapple\n|\n|-damage|p1a: Zangoose|215/263 tox|[from] psn\n|upkeep\n|\n|t:|1782834193\n|switch|p2a: Lucario|Lucario, L84, M|196/255\n|turn|14\n|\n|t:|1782834198\n|switch|p1a: Ho-Oh|Ho-Oh, L71|239/268 par\n|move|p2a: Lucario|Close Combat|p1a: Ho-Oh\n|-resisted|p1a: Ho-Oh\n|-damage|p1a: Ho-Oh|119/268 par\n|-unboost|p2a: Lucario|def|1\n|-unboost|p2a: Lucario|spd|1\n|\n|upkeep\n|turn|15\n|\n|t:|1782834203\n|move|p2a: Lucario|Close Combat|p1a: Ho-Oh\n|-resisted|p1a: Ho-Oh\n|-damage|p1a: Ho-Oh|0 fnt\n|-unboost|p2a: Lucario|def|1\n|-unboost|p2a: Lucario|spd|1\n|faint|p1a: Ho-Oh\n|\n|upkeep\n|\n|t:|1782834208\n|switch|p1a: Dragonite|Dragonite, L74, F|257/257\n|turn|16\n|\n|t:|1782834214\n|switch|p2a: Porygon2|Porygon2, L81|252/270\n|-ability|p2a: Porygon2|Download|boost\n|-boost|p2a: Porygon2|atk|1\n|move|p1a: Dragonite|Dragon Dance|p1a: Dragonite\n|-boost|p1a: Dragonite|atk|1\n|-boost|p1a: Dragonite|spe|1\n|\n|upkeep\n|turn|17\n|\n|t:|1782834219\n|switch|p1a: Zangoose|Zangoose, L85, M|215/263 tox\n|-activate|p1a: Zangoose|move: Sticky Web\n|-unboost|p1a: Zangoose|spe|1\n|move|p2a: Porygon2|Thunder Wave|p1a: Zangoose|[miss]\n|-miss|p2a: Porygon2|p1a: Zangoose\n|\n|-damage|p1a: Zangoose|199/263 tox|[from] psn\n|upkeep\n|turn|18\n|\n|t:|1782834226\n|move|p2a: Porygon2|Tera Blast|p1a: Zangoose\n|-damage|p1a: Zangoose|88/263 tox\n|move|p1a: Zangoose|Facade|p2a: Porygon2\n|-damage|p2a: Porygon2|72/270\n|\n|-damage|p1a: Zangoose|56/263 tox|[from] psn\n|upkeep\n|turn|19\n|\n|t:|1782834236\n|move|p2a: Porygon2|Recover|p2a: Porygon2\n|-heal|p2a: Porygon2|207/270\n|move|p1a: Zangoose|Knock Off|p2a: Porygon2\n|-damage|p2a: Porygon2|117/270\n|-enditem|p2a: Porygon2|Eviolite|[from] move: Knock Off|[of] p1a: Zangoose\n|\n|-damage|p1a: Zangoose|8/263 tox|[from] psn\n|upkeep\n|turn|20\n|\n|t:|1782834242\n|move|p2a: Porygon2|Tera Blast|p1a: Zangoose\n|-damage|p1a: Zangoose|0 fnt\n|faint|p1a: Zangoose\n|\n|upkeep\n|\n|t:|1782834245\n|switch|p1a: Regice|Regice, L88|284/284\n|turn|21\n|\n|t:|1782834248\n|move|p2a: Porygon2|Thunder Wave|p1a: Regice\n|-status|p1a: Regice|par\n|move|p1a: Regice|Ice Beam|p2a: Porygon2\n|-damage|p2a: Porygon2|20/270\n|\n|upkeep\n|turn|22\n|\n|t:|1782834254\n|move|p2a: Porygon2|Recover|p2a: Porygon2\n|-heal|p2a: Porygon2|155/270\n|move|p1a: Regice|Ice Beam|p2a: Porygon2\n|-damage|p2a: Porygon2|52/270\n|\n|upkeep\n|turn|23\n|\n|t:|1782834259\n|move|p2a: Porygon2|Recover|p2a: Porygon2\n|-heal|p2a: Porygon2|187/270\n|move|p1a: Regice|Ice Beam|p2a: Porygon2\n|-damage|p2a: Porygon2|87/270\n|\n|upkeep\n|turn|24\n|\n|t:|1782834264\n|move|p2a: Porygon2|Recover|p2a: Porygon2\n|-heal|p2a: Porygon2|222/270\n|cant|p1a: Regice|par\n|\n|upkeep\n|turn|25\n|\n|t:|1782834269\n|switch|p2a: Bronzong|Bronzong, L88|261/261\n|move|p1a: Regice|Ice Beam|p2a: Bronzong\n|-resisted|p2a: Bronzong\n|-damage|p2a: Bronzong|216/261\n|\n|-heal|p2a: Bronzong|232/261|[from] item: Leftovers\n|upkeep\n|turn|26\n|\n|t:|1782834273\n|switch|p1a: Pawmot|Pawmot, L80, F|243/243\n|-activate|p1a: Pawmot|move: Sticky Web\n|-unboost|p1a: Pawmot|spe|1\n|move|p2a: Bronzong|Iron Head|p1a: Pawmot\n|-resisted|p1a: Pawmot\n|-damage|p1a: Pawmot|193/243\n|\n|-heal|p2a: Bronzong|248/261|[from] item: Leftovers\n|upkeep\n|turn|27\n|\n|t:|1782834290\n|move|p1a: Pawmot|Revival Blessing|p1a: Pawmot\n|-enditem|p1a: Pawmot|Leppa Berry|[eat]\n|-activate|p1a: Pawmot|item: Leppa Berry|Revival Blessing|[consumed]\n|\n|t:|1782834293\n|-heal|p1: Gholdengo|130/261|[from] move: Revival Blessing\n|move|p2a: Bronzong|Psychic|p1a: Pawmot\n|-supereffective|p1a: Pawmot\n|-damage|p1a: Pawmot|0 fnt\n|faint|p1a: Pawmot\n|\n|-heal|p2a: Bronzong|261/261|[from] item: Leftovers\n|upkeep\n|\n|t:|1782834306\n|switch|p1a: Gholdengo|Gholdengo, L77|130/261\n|-activate|p1a: Gholdengo|move: Sticky Web\n|-unboost|p1a: Gholdengo|spe|1\n|turn|28\n|\n|t:|1782834309\n|move|p1a: Gholdengo|Recover|p1a: Gholdengo\n|-heal|p1a: Gholdengo|261/261\n|move|p2a: Bronzong|Earthquake|p1a: Gholdengo\n|-supereffective|p1a: Gholdengo\n|-damage|p1a: Gholdengo|115/261\n|\n|upkeep\n|turn|29\n|\n|t:|1782834321\n|move|p1a: Gholdengo|Shadow Ball|p2a: Bronzong\n|-supereffective|p2a: Bronzong\n|-crit|p2a: Bronzong\n|-damage|p2a: Bronzong|55/261\n|move|p2a: Bronzong|Earthquake|p1a: Gholdengo\n|-supereffective|p1a: Gholdengo\n|-damage|p1a: Gholdengo|0 fnt\n|faint|p1a: Gholdengo\n|\n|-heal|p2a: Bronzong|71/261|[from] item: Leftovers\n|upkeep\n|\n|t:|1782834331\n|switch|p1a: Dragonite|Dragonite, L74, F|257/257\n|turn|30\n|\n|t:|1782834333\n|switch|p2a: Porygon2|Porygon2, L81|222/270\n|-ability|p2a: Porygon2|Download|boost\n|-boost|p2a: Porygon2|atk|1\n|move|p1a: Dragonite|Dragon Dance|p1a: Dragonite\n|-boost|p1a: Dragonite|atk|1\n|-boost|p1a: Dragonite|spe|1\n|\n|upkeep\n|turn|31\n|\n|t:|1782834341\n|move|p1a: Dragonite|Dragon Dance|p1a: Dragonite\n|-boost|p1a: Dragonite|atk|1\n|-boost|p1a: Dragonite|spe|1\n|move|p2a: Porygon2|Thunder Wave|p1a: Dragonite\n|-status|p1a: Dragonite|par\n|\n|upkeep\n|turn|32\n|\n|t:|1782834354\n|cant|p1a: Dragonite|par\n|move|p2a: Porygon2|Tera Blast|p1a: Dragonite\n|-damage|p1a: Dragonite|210/257 par\n|\n|upkeep\n|turn|33\n|\n|t:|1782834359\n|cant|p1a: Dragonite|par\n|move|p2a: Porygon2|Tera Blast|p1a: Dragonite\n|-damage|p1a: Dragonite|125/257 par\n|\n|upkeep\n|turn|34\n|\n|t:|1782834362\n|move|p1a: Dragonite|Outrage|p2a: Porygon2\n|-damage|p2a: Porygon2|0 fnt\n|faint|p2a: Porygon2\n|\n|upkeep\n|\n|t:|1782834367\n|switch|p2a: Lucario|Lucario, L84, M|196/255\n|turn|35\n|\n|t:|1782834370\n|move|p2a: Lucario|Meteor Mash|p1a: Dragonite\n|-damage|p1a: Dragonite|0 fnt\n|-boost|p2a: Lucario|atk|1\n|faint|p1a: Dragonite\n|\n|upkeep\n|-message|Jesse1807 forfeited.\n|\n|win|Pranith98\n", "inputlog": ">version f8ac14003a5f27e1bdc8d8c59608a773c1cb96e5\n>start {\"formatid\":\"gen9randombattle\",\"seed\":\"sodium,d637712f22d1178de10c32d46030337f\",\"rated\":\"Rated battle\"}\n>player p1 {\"name\":\"Jesse1807\",\"avatar\":\"169\",\"rating\":2032,\"seed\":\"sodium,125fcf3f40d61fe1cfd60d95e06ca83b\"}\n>player p2 {\"name\":\"Pranith98\",\"avatar\":\"102\",\"rating\":2084,\"seed\":\"sodium,c74df45272195285bb2edf40c5bcb083\"}\n>p1 move thunderwave\n>p2 move knockoff\n>p1 move recover\n>p2 move stickyweb\n>p1 move shadowball\n>p2 move pounce\n>p1 move shadowball\n>p2 move taunt\n>p1 move shadowball\n>p2 move pounce\n>p2 switch 2\n>p1 move shadowball\n>p2 move earthquake\n>p1 switch 5\n>p1 move icebeam\n>p2 switch 5\n>p1 switch 6\n>p2 move meteormash\n>p1 move sacredfire\n>p2 switch 4\n>p1 move bravebird\n>p2 move thunderwave\n>p1 switch 3\n>p2 move recover\n>p1 move knockoff\n>p2 switch 6\n>p1 move facade\n>p2 move ficklebeam\n>p2 switch 4\n>p1 switch 3\n>p2 move closecombat\n>p1 move bravebird\n>p2 move closecombat\n>p1 switch 4\n>p1 move dragondance\n>p2 switch 6\n>p1 switch 3\n>p2 move thunderwave\n>p1 move facade\n>p2 move terablast\n>p1 move knockoff\n>p2 move recover\n>p1 move facade\n>p2 move terablast\n>p1 switch 6\n>p1 move icebeam\n>p2 move thunderwave\n>p1 move icebeam\n>p2 move recover\n>p1 move icebeam\n>p2 move recover\n>p1 move icebeam\n>p2 move recover\n>p1 move icebeam\n>p2 switch 3\n>p1 switch 2\n>p2 move ironhead\n>p1 move revivalblessing\n>p2 move psychic\n>p1 switch 5\n>p1 switch 5\n>p1 move recover\n>p2 move earthquake\n>p1 move shadowball\n>p2 move earthquake\n>p1 switch 3\n>p1 move dragondance\n>p2 switch 3\n>p1 move dragondance\n>p2 move thunderwave\n>p1 move outrage\n>p2 move terablast\n>p1 move outrage\n>p2 move terablast\n>p1 move outrage\n>p2 move terablast\n>p2 switch 6\n>p1 move outrage\n>p2 move meteormash\n>forcelose p1", "uploadtime": 1782834063, "views": 8, "formatid": "gen9randombattle", "rating": null, "private": 0, "password": null, "player_dets": [{"name": "Jesse1807", "avatar": "169", "rating": 2032, "seed": "sodium,125fcf3f40d61fe1cfd60d95e06ca83b"}, {"name": "Pranith98", "avatar": "102", "rating": 2084, "seed": "sodium,c74df45272195285bb2edf40c5bcb083"}], "teams_full": [{"Gholdengo": {"name": "Gholdengo", "species": "Gholdengo", "speciesId": "gholdengo", "gender": "N", "shiny": false, "level": 77, "moves": ["makeitrain", "thunderwave", "shadowball", "recover"], "ability": "Good as Gold", "evs": {"hp": 85, "atk": 0, "def": 85, "spa": 85, "spd": 85, "spe": 85}, "ivs": {"hp": 31, "atk": 0, "def": 31, "spa": 31, "spd": 31, "spe": 31}, "item": "Leftovers", "teraType": "Dark", "role": "Bulky Support", "bvs": {"hp": 87, "atk": 60, "def": 95, "spa": 133, "spd": 91, "spe": 84}, "stats": {"hp": 261, "atk": 97, "def": 191, "spa": 249, "spd": 185, "spe": 174}, "types": ["Steel", "Ghost"]}, "Pawmot": {"name": "Pawmot", "species": "Pawmot", "speciesId": "pawmot", "gender": "F", "shiny": false, "level": 80, "moves": ["nuzzle", "closecombat", "revivalblessing", "doubleshock"], "ability": "Volt Absorb", "evs": {"hp": 85, "atk": 85, "def": 85, "spa": 85, "spd": 85, "spe": 85}, "ivs": {"hp": 31, "atk": 31, "def": 31, "spa": 31, "spd": 31, "spe": 31}, "item": "Leppa Berry", "teraType": "Electric", "role": "Fast Attacker", "bvs": {"hp": 70, "atk": 115, "def": 70, "spa": 70, "spd": 60, "spe": 105}, "stats": {"hp": 243, "atk": 230, "def": 158, "spa": 158, "spd": 142, "spe": 214}, "types": ["Electric", "Fighting"]}, "Zangoose": {"name": "Zangoose", "species": "Zangoose", "speciesId": "zangoose", "gender": "M", "shiny": false, "level": 85, "moves": ["knockoff", "closecombat", "swordsdance", "facade"], "ability": "Toxic Boost", "evs": {"hp": 85, "atk": 85, "def": 85, "spa": 85, "spd": 85, "spe": 85}, "ivs": {"hp": 31, "atk": 31, "def": 31, "spa": 31, "spd": 31, "spe": 31}, "item": "Toxic Orb", "teraType": "Normal", "role": "Fast Attacker", "bvs": {"hp": 73, "atk": 115, "def": 60, "spa": 60, "spd": 60, "spe": 90}, "stats": {"hp": 263, "atk": 244, "def": 151, "spa": 151, "spd": 151, "spe": 202}, "types": ["Normal"]}, "Dragonite": {"name": "Dragonite", "species": "Dragonite", "speciesId": "dragonite", "gender": "F", "shiny": false, "level": 74, "moves": ["ironhead", "earthquake", "dragondance", "outrage"], "ability": "Multiscale", "evs": {"hp": 85, "atk": 85, "def": 85, "spa": 85, "spd": 85, "spe": 85}, "ivs": {"hp": 31, "atk": 31, "def": 31, "spa": 31, "spd": 31, "spe": 31}, "item": "Heavy-Duty Boots", "teraType": "Steel", "role": "Setup Sweeper", "bvs": {"hp": 91, "atk": 134, "def": 95, "spa": 100, "spd": 100, "spe": 80}, "stats": {"hp": 257, "atk": 241, "def": 184, "spa": 191, "spd": 191, "spe": 161}, "types": ["Dragon", "Flying"]}, "Regice": {"name": "Regice", "species": "Regice", "speciesId": "regice", "gender": "N", "shiny": false, "level": 88, "moves": ["thunderbolt", "icebeam", "sleeptalk", "rest"], "ability": "Clear Body", "evs": {"hp": 85, "atk": 0, "def": 85, "spa": 85, "spd": 85, "spe": 85}, "ivs": {"hp": 31, "atk": 0, "def": 31, "spa": 31, "spd": 31, "spe": 31}, "item": "Heavy-Duty Boots", "teraType": "Electric", "role": "Bulky Attacker", "bvs": {"hp": 80, "atk": 50, "def": 100, "spa": 100, "spd": 200, "spe": 50}, "stats": {"hp": 284, "atk": 93, "def": 226, "spa": 226, "spd": 402, "spe": 138}, "types": ["Ice"]}, "Ho-Oh": {"name": "Ho-Oh", "species": "Ho-Oh", "speciesId": "hooh", "gender": "N", "shiny": false, "level": 71, "moves": ["recover", "bravebird", "earthquake", "sacredfire"], "ability": "Regenerator", "evs": {"hp": 85, "atk": 85, "def": 85, "spa": 85, "spd": 85, "spe": 85}, "ivs": {"hp": 31, "atk": 31, "def": 31, "spa": 31, "spd": 31, "spe": 31}, "item": "Heavy-Duty Boots", "teraType": "Ground", "role": "Bulky Attacker", "bvs": {"hp": 106, "atk": 130, "def": 90, "spa": 110, "spd": 154, "spe": 90}, "stats": {"hp": 268, "atk": 226, "def": 169, "spa": 198, "spd": 260, "spe": 169}, "types": ["Fire", "Flying"]}}, {"Kricketune": {"name": "Kricketune", "species": "Kricketune", "speciesId": "kricketune", "gender": "F", "shiny": false, "level": 99, "moves": ["stickyweb", "knockoff", "pounce", "taunt"], "ability": "Technician", "evs": {"hp": 81, "atk": 85, "def": 85, "spa": 85, "spd": 85, "spe": 85}, "ivs": {"hp": 31, "atk": 31, "def": 31, "spa": 31, "spd": 31, "spe": 31}, "item": "Focus Sash", "teraType": "Ghost", "role": "Fast Support", "bvs": {"hp": 77, "atk": 85, "def": 51, "spa": 55, "spd": 51, "spe": 65}, "stats": {"hp": 311, "atk": 224, "def": 157, "spa": 165, "spd": 157, "spe": 185}, "types": ["Bug"]}, "Gastrodon": {"name": "Gastrodon", "species": "Gastrodon-East", "speciesId": "gastrodon", "gender": "M", "shiny": false, "level": 86, "moves": ["recover", "sludgebomb", "earthquake", "surf"], "ability": "Storm Drain", "evs": {"hp": 85, "atk": 85, "def": 85, "spa": 85, "spd": 85, "spe": 85}, "ivs": {"hp": 31, "atk": 31, "def": 31, "spa": 31, "spd": 31, "spe": 31}, "item": "Leftovers", "teraType": "Poison", "role": "Bulky Support", "bvs": {"hp": 111, "atk": 83, "def": 68, "spa": 92, "spd": 82, "spe": 39}, "stats": {"hp": 331, "atk": 192, "def": 166, "spa": 207, "spd": 190, "spe": 116}, "types": ["Water", "Ground"]}, "Bronzong": {"name": "Bronzong", "species": "Bronzong", "speciesId": "bronzong", "gender": "N", "shiny": false, "level": 88, "moves": ["ironhead", "psychic", "earthquake", "hypnosis"], "ability": "Levitate", "evs": {"hp": 85, "atk": 85, "def": 85, "spa": 85, "spd": 85, "spe": 85}, "ivs": {"hp": 31, "atk": 31, "def": 31, "spa": 31, "spd": 31, "spe": 31}, "item": "Leftovers", "teraType": "Electric", "role": "Bulky Support", "bvs": {"hp": 67, "atk": 89, "def": 116, "spa": 79, "spd": 116, "spe": 33}, "stats": {"hp": 261, "atk": 207, "def": 254, "spa": 189, "spd": 254, "spe": 108}, "types": ["Steel", "Psychic"]}, "Porygon2": {"name": "Porygon2", "species": "Porygon2", "speciesId": "porygon2", "gender": "N", "shiny": false, "level": 81, "moves": ["recover", "thunderwave", "shadowball", "terablast"], "ability": "Download", "evs": {"hp": 85, "atk": 85, "def": 85, "spa": 85, "spd": 85, "spe": 85}, "ivs": {"hp": 31, "atk": 31, "def": 31, "spa": 31, "spd": 31, "spe": 31}, "item": "Eviolite", "teraType": "Fighting", "role": "Tera Blast user", "bvs": {"hp": 85, "atk": 80, "def": 90, "spa": 105, "spd": 95, "spe": 60}, "stats": {"hp": 270, "atk": 176, "def": 192, "spa": 217, "spd": 201, "spe": 144}, "types": ["Normal"]}, "Lucario": {"name": "Lucario", "species": "Lucario", "speciesId": "lucario", "gender": "M", "shiny": false, "level": 84, "moves": ["closecombat", "extremespeed", "stoneedge", "meteormash"], "ability": "Justified", "evs": {"hp": 85, "atk": 85, "def": 85, "spa": 85, "spd": 85, "spe": 85}, "ivs": {"hp": 31, "atk": 31, "def": 31, "spa": 31, "spd": 31, "spe": 31}, "item": "Choice Band", "teraType": "Normal", "role": "Fast Attacker", "bvs": {"hp": 70, "atk": 110, "def": 70, "spa": 115, "spd": 70, "spe": 90}, "stats": {"hp": 255, "atk": 233, "def": 166, "spa": 241, "spd": 166, "spe": 199}, "types": ["Fighting", "Steel"]}, "Hydrapple": {"name": "Hydrapple", "species": "Hydrapple", "speciesId": "hydrapple", "gender": "F", "shiny": false, "level": 83, "moves": ["ficklebeam", "earthpower", "dragontail", "gigadrain"], "ability": "Regenerator", "evs": {"hp": 85, "atk": 85, "def": 85, "spa": 85, "spd": 85, "spe": 85}, "ivs": {"hp": 31, "atk": 31, "def": 31, "spa": 31, "spd": 31, "spe": 31}, "item": "Assault Vest", "teraType": "Steel", "role": "AV Pivot", "bvs": {"hp": 106, "atk": 80, "def": 110, "spa": 120, "spd": 80, "spe": 44}, "stats": {"hp": 312, "atk": 180, "def": 230, "spa": 247, "spd": 180, "spe": 121}, "types": ["Grass", "Dragon"]}}]}