{"id": "gen9randombattle-2641350885", "format": "[Gen 9] Random Battle", "players": ["laundry bias", "Red Skies"], "log": "|j|\u2606laundry bias\n|j|\u2606Red Skies\n|t:|1782771502\n|gametype|singles\n|player|p1|laundry bias|265|2084\n|player|p2|Red Skies|n|2129\n|gen|9\n|tier|[Gen 9] Random Battle\n|rated|\n|rule|Species Clause: Limit one of each Pok\u00e9mon\n|rule|HP Percentage Mod: HP is shown in percentages\n|rule|Sleep Clause Mod: Limit one foe put to sleep\n|rule|Illusion Level Mod: Illusion disguises the Pok\u00e9mon's true level\n|\n|t:|1782771502\n|teamsize|p1|6\n|teamsize|p2|6\n|start\n|switch|p1a: Kilowattrel|Kilowattrel, L83, F|252/252\n|switch|p2a: Frosmoth|Frosmoth, L82, F|249/249\n|turn|1\n|inactive|Battle timer is ON: inactive players will automatically lose when time's up. (requested by laundry bias)\n|\n|t:|1782771521\n|move|p1a: Kilowattrel|U-turn|p2a: Frosmoth\n|-damage|p2a: Frosmoth|194/249\n|\n|t:|1782771526\n|switch|p1a: Probopass|Probopass, L91, F|257/257|[from] U-turn\n|move|p2a: Frosmoth|Quiver Dance|p2a: Frosmoth\n|-boost|p2a: Frosmoth|spa|1\n|-boost|p2a: Frosmoth|spd|1\n|-boost|p2a: Frosmoth|spe|1\n|\n|upkeep\n|turn|2\n|\n|t:|1782771550\n|switch|p2a: Mienshao|Mienshao, L83, M|244/244\n|switch|p1a: Kilowattrel|Kilowattrel, L83, F|252/252\n|\n|upkeep\n|turn|3\n|\n|t:|1782771556\n|switch|p2a: Probopass|Probopass, L91, M|257/257\n|move|p1a: Kilowattrel|Hurricane|p2a: Probopass\n|-resisted|p2a: Probopass\n|-damage|p2a: Probopass|240/257\n|\n|upkeep\n|turn|4\n|inactive|Red Skies has 120 seconds left.\n|\n|t:|1782771582\n|move|p1a: Kilowattrel|U-turn|p2a: Probopass\n|-resisted|p2a: Probopass\n|-damage|p2a: Probopass|229/257\n|\n|t:|1782771585\n|switch|p1a: Heracross|Heracross, L80, M|259/259|[from] U-turn\n|move|p2a: Probopass|Iron Defense|p2a: Probopass\n|-boost|p2a: Probopass|def|2\n|\n|upkeep\n|turn|5\n|inactive|Red Skies has 120 seconds left.\n|\n|t:|1782771613\n|-terastallize|p2a: Probopass|Fighting\n|move|p1a: Heracross|Close Combat|p2a: Probopass\n|-damage|p2a: Probopass|160/257\n|-unboost|p1a: Heracross|def|1\n|-unboost|p1a: Heracross|spd|1\n|move|p2a: Probopass|Iron Defense|p2a: Probopass\n|-boost|p2a: Probopass|def|2\n|\n|upkeep\n|turn|6\n|\n|t:|1782771626\n|move|p1a: Heracross|Close Combat|p2a: Probopass\n|-damage|p2a: Probopass|111/257\n|-unboost|p1a: Heracross|def|1\n|-unboost|p1a: Heracross|spd|1\n|move|p2a: Probopass|Body Press|p1a: Heracross\n|-resisted|p1a: Heracross\n|-damage|p1a: Heracross|0 fnt\n|faint|p1a: Heracross\n|\n|upkeep\n|\n|t:|1782771629\n|switch|p1a: Kilowattrel|Kilowattrel, L83, F|252/252\n|turn|7\n|inactive|Red Skies has 120 seconds left.\n|\n|t:|1782771658\n|move|p1a: Kilowattrel|Hurricane|p2a: Probopass\n|-supereffective|p2a: Probopass\n|-damage|p2a: Probopass|0 fnt\n|faint|p2a: Probopass\n|\n|upkeep\n|\n|t:|1782771663\n|switch|p2a: Skeledirge|Skeledirge, L79, M|294/294\n|turn|8\n|\n|t:|1782771667\n|move|p1a: Kilowattrel|Discharge|p2a: Skeledirge\n|-damage|p2a: Skeledirge|183/294\n|move|p2a: Skeledirge|Will-O-Wisp|p1a: Kilowattrel\n|-status|p1a: Kilowattrel|brn\n|\n|-damage|p1a: Kilowattrel|237/252 brn|[from] brn\n|upkeep\n|turn|9\n|inactive|Red Skies has 120 seconds left.\n|inactive|Red Skies has 90 seconds left.\n|\n|t:|1782771735\n|move|p1a: Kilowattrel|U-turn|p2a: Skeledirge\n|-resisted|p2a: Skeledirge\n|-damage|p2a: Skeledirge|179/294\n|\n|t:|1782771752\n|switch|p1a: Azumarill|Azumarill, L82, M|298/298|[from] U-turn\n|move|p2a: Skeledirge|Slack Off|p2a: Skeledirge\n|-heal|p2a: Skeledirge|294/294\n|\n|upkeep\n|turn|10\n|\n|t:|1782771769\n|switch|p1a: Kilowattrel|Kilowattrel, L83, F|237/252 brn\n|move|p2a: Skeledirge|Will-O-Wisp|p1a: Kilowattrel\n|-fail|p1a: Kilowattrel|brn\n|\n|-damage|p1a: Kilowattrel|222/252 brn|[from] brn\n|upkeep\n|turn|11\n|\n|t:|1782771771\n|move|p1a: Kilowattrel|Discharge|p2a: Skeledirge\n|-damage|p2a: Skeledirge|183/294\n|-status|p2a: Skeledirge|par\n|move|p2a: Skeledirge|Torch Song|p1a: Kilowattrel\n|-damage|p1a: Kilowattrel|120/252 brn\n|-boost|p2a: Skeledirge|spa|1\n|\n|-damage|p1a: Kilowattrel|105/252 brn|[from] brn\n|upkeep\n|turn|12\n|\n|t:|1782771778\n|move|p1a: Kilowattrel|Hurricane|p2a: Skeledirge\n|-damage|p2a: Skeledirge|29/294 par\n|-start|p2a: Skeledirge|confusion\n|-activate|p2a: Skeledirge|confusion\n|-damage|p2a: Skeledirge|15/294 par|[from] confusion\n|\n|-damage|p1a: Kilowattrel|90/252 brn|[from] brn\n|upkeep\n|turn|13\n|inactive|Red Skies has 90 seconds left.\n|\n|t:|1782771783\n|move|p1a: Kilowattrel|Discharge|p2a: Skeledirge\n|-damage|p2a: Skeledirge|0 fnt\n|faint|p2a: Skeledirge\n|\n|-damage|p1a: Kilowattrel|75/252 brn|[from] brn\n|upkeep\n|\n|t:|1782771786\n|switch|p2a: Arcanine|Arcanine, L84, F|288/288\n|-ability|p2a: Arcanine|Intimidate|boost\n|-unboost|p1a: Kilowattrel|atk|1\n|turn|14\n|\n|t:|1782771797\n|switch|p1a: Probopass|Probopass, L91, F|257/257\n|move|p2a: Arcanine|Extreme Speed|p1a: Probopass\n|-resisted|p1a: Probopass\n|-damage|p1a: Probopass|247/257\n|\n|-heal|p1a: Probopass|257/257|[from] item: Leftovers\n|upkeep\n|turn|15\n|inactive|Red Skies has 90 seconds left.\n|\n|t:|1782771827\n|switch|p1a: Azumarill|Azumarill, L82, M|298/298\n|move|p2a: Arcanine|Will-O-Wisp|p1a: Azumarill\n|-status|p1a: Azumarill|brn\n|\n|-damage|p1a: Azumarill|280/298 brn|[from] brn\n|upkeep\n|turn|16\n|\n|t:|1782771834\n|switch|p2a: Suicune|Suicune, L82|298/298\n|-ability|p2a: Suicune|Pressure\n|move|p1a: Azumarill|Liquidation|p2a: Suicune\n|-resisted|p2a: Suicune\n|-damage|p2a: Suicune|265/298\n|\n|-heal|p2a: Suicune|283/298|[from] item: Leftovers\n|-damage|p1a: Azumarill|262/298 brn|[from] brn\n|upkeep\n|turn|17\n|inactive|Red Skies has 90 seconds left.\n|\n|t:|1782771854\n|switch|p1a: Kilowattrel|Kilowattrel, L83, F|75/252 brn\n|move|p2a: Suicune|Calm Mind|p2a: Suicune\n|-boost|p2a: Suicune|spa|1\n|-boost|p2a: Suicune|spd|1\n|\n|-heal|p2a: Suicune|298/298|[from] item: Leftovers\n|-damage|p1a: Kilowattrel|60/252 brn|[from] brn\n|upkeep\n|turn|18\n|\n|t:|1782771858\n|move|p1a: Kilowattrel|Discharge|p2a: Suicune\n|-supereffective|p2a: Suicune\n|-damage|p2a: Suicune|202/298\n|-status|p2a: Suicune|par\n|move|p2a: Suicune|Calm Mind|p2a: Suicune\n|-boost|p2a: Suicune|spa|1\n|-boost|p2a: Suicune|spd|1\n|\n|-heal|p2a: Suicune|220/298 par|[from] item: Leftovers\n|-damage|p1a: Kilowattrel|45/252 brn|[from] brn\n|upkeep\n|turn|19\n|\n|t:|1782771866\n|move|p1a: Kilowattrel|Discharge|p2a: Suicune\n|-supereffective|p2a: Suicune\n|-damage|p2a: Suicune|140/298 par\n|move|p2a: Suicune|Scald|p1a: Kilowattrel\n|-damage|p1a: Kilowattrel|0 fnt\n|faint|p1a: Kilowattrel\n|\n|-heal|p2a: Suicune|158/298 par|[from] item: Leftovers\n|upkeep\n|\n|t:|1782771882\n|switch|p1a: Scrafty|Scrafty, L83, M|244/244\n|-ability|p1a: Scrafty|Intimidate|boost\n|-unboost|p2a: Suicune|atk|1\n|turn|20\n|\n|t:|1782771888\n|move|p1a: Scrafty|Dragon Dance|p1a: Scrafty\n|-boost|p1a: Scrafty|atk|1\n|-boost|p1a: Scrafty|spe|1\n|move|p2a: Suicune|Scald|p1a: Scrafty\n|-damage|p1a: Scrafty|124/244\n|\n|-heal|p1a: Scrafty|139/244|[from] item: Leftovers\n|-heal|p2a: Suicune|176/298 par|[from] item: Leftovers\n|upkeep\n|turn|21\n|inactive|Red Skies has 120 seconds left.\n|\n|t:|1782771894\n|move|p1a: Scrafty|Drain Punch|p2a: Suicune\n|-damage|p2a: Suicune|79/298 par\n|-heal|p1a: Scrafty|188/244|[from] drain|[of] p2a: Suicune\n|cant|p2a: Suicune|par\n|\n|-heal|p1a: Scrafty|203/244|[from] item: Leftovers\n|-heal|p2a: Suicune|97/298 par|[from] item: Leftovers\n|upkeep\n|turn|22\n|\n|t:|1782771900\n|switch|p2a: Arcanine|Arcanine, L84, F|288/288\n|-ability|p2a: Arcanine|Intimidate|boost\n|-unboost|p1a: Scrafty|atk|1\n|move|p1a: Scrafty|Drain Punch|p2a: Arcanine\n|-damage|p2a: Arcanine|206/288\n|-heal|p1a: Scrafty|244/244|[from] drain|[of] p2a: Arcanine\n|\n|upkeep\n|turn|23\n|\n|t:|1782771908\n|switch|p1a: Azumarill|Azumarill, L82, M|262/298 brn\n|move|p2a: Arcanine|Flare Blitz|p1a: Azumarill\n|-resisted|p1a: Azumarill\n|-damage|p1a: Azumarill|184/298 brn\n|-damage|p2a: Arcanine|180/288|[from] Recoil\n|\n|-damage|p1a: Azumarill|166/298 brn|[from] brn\n|upkeep\n|turn|24\n|\n|t:|1782771919\n|switch|p2a: Suicune|Suicune, L82|97/298 par\n|-ability|p2a: Suicune|Pressure\n|move|p1a: Azumarill|Play Rough|p2a: Suicune|[miss]\n|-miss|p1a: Azumarill|p2a: Suicune\n|\n|-heal|p2a: Suicune|115/298 par|[from] item: Leftovers\n|-damage|p1a: Azumarill|148/298 brn|[from] brn\n|upkeep\n|turn|25\n|\n|t:|1782771930\n|switch|p1a: Scrafty|Scrafty, L83, M|244/244\n|-ability|p1a: Scrafty|Intimidate|boost\n|-unboost|p2a: Suicune|atk|1\n|move|p2a: Suicune|Substitute|p2a: Suicune\n|-start|p2a: Suicune|Substitute\n|-damage|p2a: Suicune|41/298 par\n|\n|-heal|p2a: Suicune|59/298 par|[from] item: Leftovers\n|upkeep\n|turn|26\n|\n|t:|1782771938\n|move|p1a: Scrafty|Knock Off|p2a: Suicune\n|-end|p2a: Suicune|Substitute\n|move|p2a: Suicune|Scald|p1a: Scrafty\n|-damage|p1a: Scrafty|180/244\n|\n|-heal|p1a: Scrafty|195/244|[from] item: Leftovers\n|-heal|p2a: Suicune|77/298 par|[from] item: Leftovers\n|upkeep\n|turn|27\n|\n|t:|1782771943\n|move|p1a: Scrafty|Knock Off|p2a: Suicune\n|-damage|p2a: Suicune|0 fnt\n|-enditem|p2a: Suicune|Leftovers|[from] move: Knock Off|[of] p1a: Scrafty\n|faint|p2a: Suicune\n|\n|-heal|p1a: Scrafty|210/244|[from] item: Leftovers\n|upkeep\n|\n|t:|1782771946\n|switch|p2a: Mienshao|Mienshao, L83, M|244/244\n|turn|28\n|l|\u2606Red Skies\n|inactive|Red Skies disconnected and has a minute to reconnect!\n|player|p2|\n|inactive|laundry bias has 120 seconds left.\n|j|\u2606Red Skies\n|inactive|Red Skies reconnected.\n|player|p2|Red Skies|n|\n|\n|t:|1782771981\n|move|p2a: Mienshao|Swords Dance|p2a: Mienshao\n|-boost|p2a: Mienshao|atk|2\n|move|p1a: Scrafty|Dragon Dance|p1a: Scrafty\n|-boost|p1a: Scrafty|atk|1\n|-boost|p1a: Scrafty|spe|1\n|\n|-heal|p1a: Scrafty|225/244|[from] item: Leftovers\n|upkeep\n|turn|29\n|\n|t:|1782771991\n|-terastallize|p1a: Scrafty|Poison\n|move|p2a: Mienshao|Close Combat|p1a: Scrafty\n|-resisted|p1a: Scrafty\n|-damage|p1a: Scrafty|65/244\n|-unboost|p2a: Mienshao|def|1\n|-unboost|p2a: Mienshao|spd|1\n|-damage|p2a: Mienshao|220/244|[from] item: Life Orb\n|move|p1a: Scrafty|Dragon Dance|p1a: Scrafty\n|-boost|p1a: Scrafty|atk|1\n|-boost|p1a: Scrafty|spe|1\n|\n|-heal|p1a: Scrafty|80/244|[from] item: Leftovers\n|upkeep\n|turn|30\n|\n|t:|1782771994\n|switch|p2a: Arcanine|Arcanine, L84, F|180/288\n|-ability|p2a: Arcanine|Intimidate|boost\n|-unboost|p1a: Scrafty|atk|1\n|move|p1a: Scrafty|Drain Punch|p2a: Arcanine\n|-damage|p2a: Arcanine|71/288\n|-heal|p1a: Scrafty|135/244|[from] drain|[of] p2a: Arcanine\n|\n|-heal|p1a: Scrafty|150/244|[from] item: Leftovers\n|upkeep\n|turn|31\n|\n|t:|1782772003\n|switch|p2a: Frosmoth|Frosmoth, L82, F|194/249\n|move|p1a: Scrafty|Drain Punch|p2a: Frosmoth\n|-damage|p2a: Frosmoth|37/249\n|-heal|p1a: Scrafty|229/244|[from] drain|[of] p2a: Frosmoth\n|\n|-heal|p1a: Scrafty|244/244|[from] item: Leftovers\n|upkeep\n|turn|32\n|\n|t:|1782772009\n|switch|p2a: Arcanine|Arcanine, L84, F|71/288\n|-ability|p2a: Arcanine|Intimidate|boost\n|-unboost|p1a: Scrafty|atk|1\n|move|p1a: Scrafty|Dragon Dance|p1a: Scrafty\n|-boost|p1a: Scrafty|atk|1\n|-boost|p1a: Scrafty|spe|1\n|\n|upkeep\n|turn|33\n|\n|t:|1782772018\n|move|p1a: Scrafty|Drain Punch|p2a: Arcanine\n|-damage|p2a: Arcanine|0 fnt\n|faint|p2a: Arcanine\n|\n|upkeep\n|\n|t:|1782772020\n|switch|p2a: Mienshao|Mienshao, L83, M|244/244\n|turn|34\n|-message|Red Skies forfeited.\n|\n|win|laundry bias\n|raw|laundry bias's rating: 2084 &rarr; <strong>2105</strong><br />(+21 for winning)\n|raw|Red Skies's rating: 2107 &rarr; <strong>2086</strong><br />(-21 for losing)\n", "inputlog": ">version f8ac14003a5f27e1bdc8d8c59608a773c1cb96e5\n>start {\"formatid\":\"gen9randombattle\",\"seed\":\"sodium,169c9d52f43005d7235f51ee4a154240\",\"rated\":\"Rated battle\"}\n>player p1 {\"name\":\"laundry bias\",\"avatar\":\"265\",\"rating\":2084,\"seed\":\"sodium,c4bd28d1a1d9d12cbeae1e96248710fc\"}\n>player p2 {\"name\":\"Red Skies\",\"avatar\":\"n\",\"rating\":2129,\"seed\":\"sodium,bca57e9c316c601f98be480e92b099a5\"}\n>p1 move uturn\n>p2 move quiverdance\n>p1 switch 2\n>p1 switch 2\n>p2 switch 6\n>p1 move hurricane\n>p2 switch 4\n>p1 move uturn\n>p2 move irondefense\n>p1 switch 6\n>p1 move closecombat\n>p2 move irondefense terastallize\n>p1 move closecombat\n>p2 move bodypress\n>p1 switch 6\n>p1 move hurricane\n>p2 move powergem\n>p2 switch 2\n>p1 move discharge\n>p2 move willowisp\n>p1 move uturn\n>p2 move slackoff\n>p1 switch 5\n>p1 switch 5\n>p2 move willowisp\n>p1 move discharge\n>p2 move torchsong\n>p1 move hurricane\n>p2 move torchsong\n>p1 move discharge\n>p2 move torchsong\n>p2 switch 3\n>p1 switch 2\n>p2 move extremespeed\n>p1 switch 5\n>p2 move willowisp\n>p1 move liquidation\n>p2 switch 5\n>p1 switch 2\n>p2 move calmmind\n>p1 move discharge\n>p2 move calmmind\n>p1 move discharge\n>p2 move scald\n>p1 switch 3\n>p1 move dragondance\n>p2 move scald\n>p1 move drainpunch\n>p2 move scald\n>p1 move drainpunch\n>p2 switch 5\n>p1 switch 2\n>p2 move flareblitz\n>p1 move playrough\n>p2 switch 5\n>p1 switch 2\n>p2 move substitute\n>p1 move knockoff\n>p2 move scald\n>p1 move knockoff\n>p2 move scald\n>p2 switch 4\n>p1 move dragondance\n>p2 move swordsdance\n>p1 move dragondance terastallize\n>p2 move closecombat\n>p1 move drainpunch\n>p2 switch 5\n>p1 move drainpunch\n>p2 switch 6\n>p1 move dragondance\n>p2 switch 6\n>p1 move drainpunch\n>p2 move willowisp\n>p2 switch 5\n>forcelose p2", "uploadtime": 1782772022, "views": 7, "formatid": "gen9randombattle", "rating": 2086, "private": 0, "password": null, "player_dets": [{"name": "laundry bias", "avatar": "265", "rating": 2084, "seed": "sodium,c4bd28d1a1d9d12cbeae1e96248710fc"}, {"name": "Red Skies", "avatar": "n", "rating": 2129, "seed": "sodium,bca57e9c316c601f98be480e92b099a5"}], "teams_full": [{"Kilowattrel": {"name": "Kilowattrel", "species": "Kilowattrel", "speciesId": "kilowattrel", "gender": "F", "shiny": false, "level": 83, "moves": ["uturn", "discharge", "roost", "hurricane"], "ability": "Volt Absorb", "evs": {"hp": 85, "atk": 85, "def": 85, "spa": 85, "spd": 85, "spe": 85}, "ivs": {"hp": 31, "atk": 31, "def": 31, "spa": 31, "spd": 31, "spe": 31}, "item": "Heavy-Duty Boots", "teraType": "Steel", "role": "Bulky Attacker", "bvs": {"hp": 70, "atk": 70, "def": 60, "spa": 105, "spd": 60, "spe": 125}, "stats": {"hp": 252, "atk": 164, "def": 147, "spa": 222, "spd": 147, "spe": 255}, "types": ["Electric", "Flying"]}, "Probopass": {"name": "Probopass", "species": "Probopass", "speciesId": "probopass", "gender": "F", "shiny": false, "level": 91, "moves": ["thunderwave", "flashcannon", "bodypress", "irondefense"], "ability": "Magnet Pull", "evs": {"hp": 85, "atk": 0, "def": 85, "spa": 85, "spd": 85, "spe": 85}, "ivs": {"hp": 31, "atk": 0, "def": 31, "spa": 31, "spd": 31, "spe": 31}, "item": "Leftovers", "teraType": "Fighting", "role": "Bulky Setup", "bvs": {"hp": 60, "atk": 55, "def": 145, "spa": 75, "spd": 150, "spe": 40}, "stats": {"hp": 257, "atk": 105, "def": 316, "spa": 188, "spd": 325, "spe": 125}, "types": ["Rock", "Steel"]}, "Scrafty": {"name": "Scrafty", "species": "Scrafty", "speciesId": "scrafty", "gender": "M", "shiny": false, "level": 83, "moves": ["poisonjab", "dragondance", "knockoff", "drainpunch"], "ability": "Intimidate", "evs": {"hp": 85, "atk": 85, "def": 85, "spa": 85, "spd": 85, "spe": 85}, "ivs": {"hp": 31, "atk": 31, "def": 31, "spa": 31, "spd": 31, "spe": 31}, "item": "Leftovers", "teraType": "Poison", "role": "Bulky Attacker", "bvs": {"hp": 65, "atk": 90, "def": 115, "spa": 45, "spd": 115, "spe": 58}, "stats": {"hp": 244, "atk": 197, "def": 239, "spa": 122, "spd": 239, "spe": 144}, "types": ["Dark", "Fighting"]}, "Zacian": {"name": "Zacian", "species": "Zacian", "speciesId": "zacian", "gender": "N", "shiny": false, "level": 69, "moves": ["playrough", "crunch", "psychicfangs", "closecombat"], "ability": "Intrepid Sword", "evs": {"hp": 85, "atk": 85, "def": 85, "spa": 85, "spd": 85, "spe": 85}, "ivs": {"hp": 31, "atk": 31, "def": 31, "spa": 31, "spd": 31, "spe": 31}, "item": "Choice Band", "teraType": "Fighting", "role": "Fast Attacker", "bvs": {"hp": 92, "atk": 120, "def": 115, "spa": 80, "spd": 115, "spe": 138}, "stats": {"hp": 241, "atk": 206, "def": 199, "spa": 151, "spd": 199, "spe": 231}, "types": ["Fairy"]}, "Azumarill": {"name": "Azumarill", "species": "Azumarill", "speciesId": "azumarill", "gender": "M", "shiny": false, "level": 82, "moves": ["playrough", "knockoff", "liquidation", "aquajet"], "ability": "Huge Power", "evs": {"hp": 85, "atk": 85, "def": 85, "spa": 85, "spd": 85, "spe": 85}, "ivs": {"hp": 31, "atk": 31, "def": 31, "spa": 31, "spd": 31, "spe": 31}, "item": "Choice Band", "teraType": "Water", "role": "Bulky Attacker", "bvs": {"hp": 100, "atk": 50, "def": 80, "spa": 60, "spd": 80, "spe": 50}, "stats": {"hp": 298, "atk": 129, "def": 178, "spa": 146, "spd": 178, "spe": 129}, "types": ["Water", "Fairy"]}, "Heracross": {"name": "Heracross", "species": "Heracross", "speciesId": "heracross", "gender": "M", "shiny": false, "level": 80, "moves": ["knockoff", "earthquake", "megahorn", "closecombat"], "ability": "Moxie", "evs": {"hp": 85, "atk": 85, "def": 85, "spa": 85, "spd": 85, "spe": 85}, "ivs": {"hp": 31, "atk": 31, "def": 31, "spa": 31, "spd": 31, "spe": 31}, "item": "Choice Band", "teraType": "Bug", "role": "Fast Attacker", "bvs": {"hp": 80, "atk": 125, "def": 75, "spa": 40, "spd": 95, "spe": 85}, "stats": {"hp": 259, "atk": 246, "def": 166, "spa": 110, "spd": 198, "spe": 182}, "types": ["Bug", "Fighting"]}}, {"Frosmoth": {"name": "Frosmoth", "species": "Frosmoth", "speciesId": "frosmoth", "gender": "F", "shiny": false, "level": 82, "moves": ["icebeam", "hurricane", "quiverdance", "gigadrain"], "ability": "Ice Scales", "evs": {"hp": 85, "atk": 0, "def": 85, "spa": 85, "spd": 85, "spe": 85}, "ivs": {"hp": 31, "atk": 0, "def": 31, "spa": 31, "spd": 31, "spe": 31}, "item": "Heavy-Duty Boots", "teraType": "Water", "role": "Setup Sweeper", "bvs": {"hp": 70, "atk": 65, "def": 60, "spa": 125, "spd": 90, "spe": 65}, "stats": {"hp": 249, "atk": 111, "def": 146, "spa": 252, "spd": 195, "spe": 154}, "types": ["Ice", "Bug"]}, "Skeledirge": {"name": "Skeledirge", "species": "Skeledirge", "speciesId": "skeledirge", "gender": "M", "shiny": false, "level": 79, "moves": ["willowisp", "hex", "torchsong", "slackoff"], "ability": "Unaware", "evs": {"hp": 85, "atk": 0, "def": 85, "spa": 85, "spd": 85, "spe": 85}, "ivs": {"hp": 31, "atk": 0, "def": 31, "spa": 31, "spd": 31, "spe": 31}, "item": "Heavy-Duty Boots", "teraType": "Fairy", "role": "Bulky Support", "bvs": {"hp": 104, "atk": 75, "def": 100, "spa": 110, "spd": 75, "spe": 66}, "stats": {"hp": 294, "atk": 123, "def": 204, "spa": 219, "spd": 164, "spe": 150}, "types": ["Fire", "Ghost"]}, "Arcanine": {"name": "Arcanine", "species": "Arcanine", "speciesId": "arcanine", "gender": "F", "shiny": false, "level": 84, "moves": ["extremespeed", "flareblitz", "morningsun", "willowisp"], "ability": "Intimidate", "evs": {"hp": 85, "atk": 85, "def": 85, "spa": 85, "spd": 85, "spe": 85}, "ivs": {"hp": 31, "atk": 31, "def": 31, "spa": 31, "spd": 31, "spe": 31}, "item": "Heavy-Duty Boots", "teraType": "Normal", "role": "Bulky Attacker", "bvs": {"hp": 90, "atk": 110, "def": 80, "spa": 100, "spd": 80, "spe": 95}, "stats": {"hp": 288, "atk": 233, "def": 183, "spa": 216, "spd": 183, "spe": 208}, "types": ["Fire"]}, "Probopass": {"name": "Probopass", "species": "Probopass", "speciesId": "probopass", "gender": "M", "shiny": false, "level": 91, "moves": ["irondefense", "bodypress", "powergem", "rest"], "ability": "Magnet Pull", "evs": {"hp": 85, "atk": 0, "def": 85, "spa": 85, "spd": 85, "spe": 85}, "ivs": {"hp": 31, "atk": 0, "def": 31, "spa": 31, "spd": 31, "spe": 31}, "item": "Chesto Berry", "teraType": "Fighting", "role": "Bulky Setup", "bvs": {"hp": 60, "atk": 55, "def": 145, "spa": 75, "spd": 150, "spe": 40}, "stats": {"hp": 257, "atk": 105, "def": 316, "spa": 188, "spd": 325, "spe": 125}, "types": ["Rock", "Steel"]}, "Suicune": {"name": "Suicune", "species": "Suicune", "speciesId": "suicune", "gender": "N", "shiny": false, "level": 82, "moves": ["scald", "calmmind", "substitute", "icebeam"], "ability": "Pressure", "evs": {"hp": 85, "atk": 0, "def": 85, "spa": 85, "spd": 85, "spe": 85}, "ivs": {"hp": 31, "atk": 0, "def": 31, "spa": 31, "spd": 31, "spe": 31}, "item": "Leftovers", "teraType": "Steel", "role": "Bulky Setup", "bvs": {"hp": 100, "atk": 75, "def": 115, "spa": 90, "spd": 115, "spe": 85}, "stats": {"hp": 298, "atk": 127, "def": 236, "spa": 195, "spd": 236, "spe": 187}, "types": ["Water"]}, "Mienshao": {"name": "Mienshao", "species": "Mienshao", "speciesId": "mienshao", "gender": "M", "shiny": false, "level": 83, "moves": ["swordsdance", "poisonjab", "closecombat", "knockoff"], "ability": "Regenerator", "evs": {"hp": 85, "atk": 85, "def": 85, "spa": 85, "spd": 85, "spe": 85}, "ivs": {"hp": 31, "atk": 31, "def": 31, "spa": 31, "spd": 31, "spe": 31}, "item": "Life Orb", "teraType": "Poison", "role": "Setup Sweeper", "bvs": {"hp": 65, "atk": 125, "def": 60, "spa": 95, "spd": 60, "spe": 105}, "stats": {"hp": 244, "atk": 255, "def": 147, "spa": 205, "spd": 147, "spe": 222}, "types": ["Fighting"]}}]}