{"id": "gen9randombattle-2641508614", "format": "[Gen 9] Random Battle", "players": ["vr96", "WinAtWork"], "log": "|j|\u2606vr96\n|j|\u2606WinAtWork\n|t:|1782797095\n|gametype|singles\n|player|p1|vr96|2|1000\n|player|p2|WinAtWork|waiter-gen4|1046\n|gen|9\n|tier|[Gen 9] Random Battle\n|rated|\n|rule|Species Clause: Limit one of each Pok\u00e9mon\n|rule|HP Percentage Mod: HP is shown in percentages\n|rule|Sleep Clause Mod: Limit one foe put to sleep\n|rule|Illusion Level Mod: Illusion disguises the Pok\u00e9mon's true level\n|\n|t:|1782797095\n|teamsize|p1|6\n|teamsize|p2|6\n|start\n|switch|p1a: Magnezone|Magnezone, L85|258/258\n|switch|p2a: Iron Treads|Iron Treads, L77|265/265\n|turn|1\n|\n|t:|1782797107\n|-terastallize|p1a: Magnezone|Fighting\n|move|p1a: Magnezone|Body Press|p2a: Iron Treads\n|-supereffective|p2a: Iron Treads\n|-damage|p2a: Iron Treads|95/265\n|move|p2a: Iron Treads|Earthquake|p1a: Magnezone\n|-damage|p1a: Magnezone|171/258\n|\n|upkeep\n|turn|2\n|\n|t:|1782797117\n|move|p1a: Magnezone|Body Press|p2a: Iron Treads\n|-supereffective|p2a: Iron Treads\n|-crit|p2a: Iron Treads\n|-damage|p2a: Iron Treads|0 fnt\n|faint|p2a: Iron Treads\n|-end|p2a: Iron Treads|Quark Drive|[silent]\n|\n|upkeep\n|\n|t:|1782797124\n|switch|p2a: Rotom|Rotom, L88|231/231\n|turn|3\n|\n|t:|1782797138\n|switch|p1a: Mewtwo|Mewtwo, L72|272/272\n|-ability|p1a: Mewtwo|Unnerve\n|move|p2a: Rotom|Volt Switch|p1a: Mewtwo\n|-damage|p1a: Mewtwo|176/272\n|\n|t:|1782797153\n|switch|p2a: Swanna|Swanna, L89, F|278/278|[from] Volt Switch\n|\n|upkeep\n|turn|4\n|\n|t:|1782797172\n|switch|p1a: Koraidon|Koraidon, L64|235/235\n|-weather|SunnyDay|[from] ability: Orichalcum Pulse|[of] p1a: Koraidon\n|-activate|p1a: Koraidon|Orichalcum Pulse|[source]\n|move|p2a: Swanna|Knock Off|p1a: Koraidon\n|-resisted|p1a: Koraidon\n|-damage|p1a: Koraidon|197/235\n|-enditem|p1a: Koraidon|Loaded Dice|[from] move: Knock Off|[of] p2a: Swanna\n|\n|-weather|SunnyDay|[upkeep]\n|upkeep\n|turn|5\n|\n|t:|1782797184\n|move|p2a: Swanna|Brave Bird|p1a: Koraidon\n|-supereffective|p1a: Koraidon\n|-damage|p1a: Koraidon|0 fnt\n|faint|p1a: Koraidon\n|-damage|p2a: Swanna|213/278|[from] Recoil\n|\n|-weather|SunnyDay|[upkeep]\n|upkeep\n|\n|t:|1782797199\n|switch|p1a: Torkoal|Torkoal, L88, M|266/266\n|turn|6\n|\n|t:|1782797209\n|move|p2a: Swanna|Knock Off|p1a: Torkoal\n|-damage|p1a: Torkoal|221/266\n|-enditem|p1a: Torkoal|Heavy-Duty Boots|[from] move: Knock Off|[of] p2a: Swanna\n|move|p1a: Torkoal|Solar Beam||[still]\n|-prepare|p1a: Torkoal|Solar Beam\n|-anim|p1a: Torkoal|Solar Beam|p2a: Swanna\n|-damage|p2a: Swanna|118/278\n|\n|-weather|SunnyDay|[upkeep]\n|upkeep\n|turn|7\n|\n|t:|1782797222\n|move|p2a: Swanna|Hydro Pump|p1a: Torkoal\n|-supereffective|p1a: Torkoal\n|-damage|p1a: Torkoal|83/266\n|move|p1a: Torkoal|Solar Beam||[still]\n|-prepare|p1a: Torkoal|Solar Beam\n|-anim|p1a: Torkoal|Solar Beam|p2a: Swanna\n|-damage|p2a: Swanna|12/278\n|\n|-weather|SunnyDay|[upkeep]\n|upkeep\n|turn|8\n|\n|t:|1782797233\n|move|p2a: Swanna|Brave Bird|p1a: Torkoal\n|-damage|p1a: Torkoal|0 fnt\n|faint|p1a: Torkoal\n|-damage|p2a: Swanna|0 fnt|[from] Recoil\n|faint|p2a: Swanna\n|\n|-weather|none\n|upkeep\n|\n|t:|1782797249\n|switch|p2a: Rotom|Rotom, L88|231/231\n|switch|p1a: Chien-Pao|Chien-Pao, L72|234/234\n|-ability|p1a: Chien-Pao|Sword of Ruin\n|turn|9\n|\n|t:|1782797258\n|move|p1a: Chien-Pao|Sucker Punch|p2a: Rotom\n|-supereffective|p2a: Rotom\n|-damage|p2a: Rotom|51/231\n|move|p2a: Rotom|Thunderbolt|p1a: Chien-Pao\n|-damage|p1a: Chien-Pao|87/234\n|-status|p1a: Chien-Pao|par\n|\n|upkeep\n|turn|10\n|\n|t:|1782797277\n|move|p2a: Rotom|Thunderbolt|p1a: Chien-Pao\n|-damage|p1a: Chien-Pao|0 fnt\n|faint|p1a: Chien-Pao\n|\n|upkeep\n|\n|t:|1782797290\n|switch|p1a: Mewtwo|Mewtwo, L72|176/272\n|-ability|p1a: Mewtwo|Unnerve\n|turn|11\n|\n|t:|1782797297\n|move|p2a: Rotom|Thunderbolt|p1a: Mewtwo\n|-damage|p1a: Mewtwo|47/272\n|-status|p1a: Mewtwo|par\n|move|p1a: Mewtwo|Dark Pulse|p2a: Rotom\n|-supereffective|p2a: Rotom\n|-damage|p2a: Rotom|0 fnt\n|faint|p2a: Rotom\n|-damage|p1a: Mewtwo|20/272 par|[from] item: Life Orb\n|\n|upkeep\n|\n|t:|1782797308\n|switch|p2a: Iron Leaves|Iron Leaves, L80|275/275\n|turn|12\n|\n|t:|1782797312\n|-terastallize|p2a: Iron Leaves|Fighting\n|move|p2a: Iron Leaves|Swords Dance|p2a: Iron Leaves\n|-boost|p2a: Iron Leaves|atk|2\n|move|p1a: Mewtwo|Dark Pulse|p2a: Iron Leaves\n|-resisted|p2a: Iron Leaves\n|-damage|p2a: Iron Leaves|240/275\n|-damage|p1a: Mewtwo|0 fnt|[from] item: Life Orb\n|faint|p1a: Mewtwo\n|\n|upkeep\n|\n|t:|1782797323\n|switch|p1a: Magnezone|Magnezone, L85, tera:Fighting|171/258\n|turn|13\n|\n|t:|1782797333\n|move|p1a: Magnezone|Body Press|p2a: Iron Leaves\n|-crit|p2a: Iron Leaves\n|-damage|p2a: Iron Leaves|72/275\n|move|p2a: Iron Leaves|Leaf Blade|p1a: Magnezone\n|-damage|p1a: Magnezone|0 fnt\n|faint|p1a: Magnezone\n|-damage|p2a: Iron Leaves|45/275|[from] item: Life Orb\n|\n|upkeep\n|\n|t:|1782797342\n|switch|p1a: Glalie|Glalie, L96, M|309/309\n|turn|14\n|\n|t:|1782797347\n|move|p2a: Iron Leaves|Close Combat|p1a: Glalie\n|-supereffective|p1a: Glalie\n|-damage|p1a: Glalie|0 fnt\n|-unboost|p2a: Iron Leaves|def|1\n|-unboost|p2a: Iron Leaves|spd|1\n|faint|p1a: Glalie\n|-damage|p2a: Iron Leaves|18/275|[from] item: Life Orb\n|\n|win|WinAtWork\n|raw|vr96's rating: 1000 &rarr; <strong>1000</strong><br />(+0 for losing)\n|raw|WinAtWork's rating: 1046 &rarr; <strong>1075</strong><br />(+29 for winning)\n", "inputlog": ">version f8ac14003a5f27e1bdc8d8c59608a773c1cb96e5\n>start {\"formatid\":\"gen9randombattle\",\"seed\":\"sodium,a1f15340bc6326e5d1d7206b52634f44\",\"rated\":\"Rated battle\"}\n>player p1 {\"name\":\"vr96\",\"avatar\":\"2\",\"rating\":1000,\"seed\":\"sodium,f5219861dba18eeb964bcd8c1c310461\"}\n>player p2 {\"name\":\"WinAtWork\",\"avatar\":\"waiter-gen4\",\"rating\":1046,\"seed\":\"sodium,c20e7f2ecb97757fe790c91027c9c649\"}\n>p1 move bodypress terastallize\n>p2 move earthquake\n>p1 move bodypress\n>p2 move knockoff\n>p2 switch 2\n>p1 switch 6\n>p2 move voltswitch\n>p2 switch 3\n>p1 switch 5\n>p2 move knockoff\n>p1 move scaleshot\n>p2 move bravebird\n>p1 switch 2\n>p1 move solarbeam\n>p2 move knockoff\n>p1 move solarbeam\n>p2 move hydropump\n>p1 move yawn\n>p2 move bravebird\n>p1 switch 3\n>p2 switch 3\n>p1 move suckerpunch\n>p2 move thunderbolt\n>p1 move throatchop\n>p2 move thunderbolt\n>p1 switch 5\n>p1 move darkpulse\n>p2 move thunderbolt\n>p2 switch 5\n>p1 move darkpulse\n>p2 move swordsdance terastallize\n>p1 switch 6\n>p1 move bodypress\n>p2 move leafblade\n>p1 switch 4\n>p1 move earthquake\n>p2 move closecombat", "uploadtime": 1782797360, "views": 4, "formatid": "gen9randombattle", "rating": 1000, "private": 0, "password": null, "player_dets": [{"name": "vr96", "avatar": "2", "rating": 1000, "seed": "sodium,f5219861dba18eeb964bcd8c1c310461"}, {"name": "WinAtWork", "avatar": "waiter-gen4", "rating": 1046, "seed": "sodium,c20e7f2ecb97757fe790c91027c9c649"}], "teams_full": [{"Magnezone": {"name": "Magnezone", "species": "Magnezone", "speciesId": "magnezone", "gender": "N", "shiny": false, "level": 85, "moves": ["bodypress", "thunderbolt", "flashcannon", "voltswitch"], "ability": "Analytic", "evs": {"hp": 85, "atk": 0, "def": 85, "spa": 85, "spd": 85, "spe": 85}, "ivs": {"hp": 31, "atk": 0, "def": 31, "spa": 31, "spd": 31, "spe": 31}, "item": "Choice Scarf", "teraType": "Fighting", "role": "Fast Attacker", "bvs": {"hp": 70, "atk": 70, "def": 115, "spa": 130, "spd": 90, "spe": 60}, "stats": {"hp": 258, "atk": 124, "def": 244, "spa": 270, "spd": 202, "spe": 151}, "types": ["Electric", "Steel"]}, "Torkoal": {"name": "Torkoal", "species": "Torkoal", "speciesId": "torkoal", "gender": "M", "shiny": false, "level": 88, "moves": ["solarbeam", "lavaplume", "rapidspin", "yawn"], "ability": "Drought", "evs": {"hp": 85, "atk": 85, "def": 85, "spa": 85, "spd": 85, "spe": 85}, "ivs": {"hp": 31, "atk": 31, "def": 31, "spa": 31, "spd": 31, "spe": 31}, "item": "Heavy-Duty Boots", "teraType": "Grass", "role": "Bulky Support", "bvs": {"hp": 70, "atk": 85, "def": 140, "spa": 85, "spd": 70, "spe": 20}, "stats": {"hp": 266, "atk": 200, "def": 297, "spa": 200, "spd": 173, "spe": 85}, "types": ["Fire"]}, "Chien-Pao": {"name": "Chien-Pao", "species": "Chien-Pao", "speciesId": "chienpao", "gender": "N", "shiny": false, "level": 72, "moves": ["throatchop", "suckerpunch", "swordsdance", "iciclecrash"], "ability": "Sword of Ruin", "evs": {"hp": 85, "atk": 85, "def": 85, "spa": 85, "spd": 85, "spe": 85}, "ivs": {"hp": 31, "atk": 31, "def": 31, "spa": 31, "spd": 31, "spe": 31}, "item": "Heavy-Duty Boots", "teraType": "Dark", "role": "Setup Sweeper", "bvs": {"hp": 80, "atk": 120, "def": 80, "spa": 90, "spd": 65, "spe": 135}, "stats": {"hp": 234, "atk": 215, "def": 157, "spa": 172, "spd": 136, "spe": 236}, "types": ["Dark", "Ice"]}, "Glalie": {"name": "Glalie", "species": "Glalie", "speciesId": "glalie", "gender": "M", "shiny": false, "level": 96, "moves": ["freezedry", "spikes", "taunt", "earthquake"], "ability": "Inner Focus", "evs": {"hp": 85, "atk": 85, "def": 85, "spa": 85, "spd": 85, "spe": 85}, "ivs": {"hp": 31, "atk": 31, "def": 31, "spa": 31, "spd": 31, "spe": 31}, "item": "Heavy-Duty Boots", "teraType": "Water", "role": "Fast Support", "bvs": {"hp": 80, "atk": 80, "def": 80, "spa": 80, "spd": 80, "spe": 80}, "stats": {"hp": 309, "atk": 208, "def": 208, "spa": 208, "spd": 208, "spe": 208}, "types": ["Ice"]}, "Koraidon": {"name": "Koraidon", "species": "Koraidon", "speciesId": "koraidon", "gender": "N", "shiny": false, "level": 64, "moves": ["swordsdance", "flareblitz", "scaleshot", "collisioncourse"], "ability": "Orichalcum Pulse", "evs": {"hp": 85, "atk": 85, "def": 85, "spa": 85, "spd": 85, "spe": 85}, "ivs": {"hp": 31, "atk": 31, "def": 31, "spa": 31, "spd": 31, "spe": 31}, "item": "Loaded Dice", "teraType": "Fire", "role": "Setup Sweeper", "bvs": {"hp": 100, "atk": 135, "def": 115, "spa": 85, "spd": 100, "spe": 135}, "stats": {"hp": 235, "atk": 211, "def": 185, "spa": 147, "spd": 166, "spe": 211}, "types": ["Fighting", "Dragon"]}, "Mewtwo": {"name": "Mewtwo", "species": "Mewtwo", "speciesId": "mewtwo", "gender": "N", "shiny": false, "level": 72, "moves": ["psystrike", "nastyplot", "aurasphere", "darkpulse"], "ability": "Unnerve", "evs": {"hp": 85, "atk": 0, "def": 85, "spa": 85, "spd": 85, "spe": 85}, "ivs": {"hp": 31, "atk": 0, "def": 31, "spa": 31, "spd": 31, "spe": 31}, "item": "Life Orb", "teraType": "Dark", "role": "Setup Sweeper", "bvs": {"hp": 106, "atk": 110, "def": 90, "spa": 154, "spd": 90, "spe": 130}, "stats": {"hp": 272, "atk": 163, "def": 172, "spa": 264, "spd": 172, "spe": 229}, "types": ["Psychic"]}}, {"Iron Treads": {"name": "Iron Treads", "species": "Iron Treads", "speciesId": "irontreads", "gender": "N", "shiny": false, "level": 77, "moves": ["ironhead", "earthquake", "knockoff", "rapidspin"], "ability": "Quark Drive", "evs": {"hp": 85, "atk": 85, "def": 85, "spa": 85, "spd": 85, "spe": 85}, "ivs": {"hp": 31, "atk": 31, "def": 31, "spa": 31, "spd": 31, "spe": 31}, "item": "Assault Vest", "teraType": "Ghost", "role": "Bulky Support", "bvs": {"hp": 90, "atk": 112, "def": 120, "spa": 72, "spd": 70, "spe": 106}, "stats": {"hp": 265, "atk": 217, "def": 229, "spa": 155, "spd": 152, "spe": 208}, "types": ["Ground", "Steel"]}, "Rotom": {"name": "Rotom", "species": "Rotom", "speciesId": "rotom", "gender": "N", "shiny": false, "level": 88, "moves": ["trick", "voltswitch", "thunderbolt", "shadowball"], "ability": "Levitate", "evs": {"hp": 85, "atk": 0, "def": 85, "spa": 85, "spd": 85, "spe": 85}, "ivs": {"hp": 31, "atk": 0, "def": 31, "spa": 31, "spd": 31, "spe": 31}, "item": "Choice Scarf", "teraType": "Ghost", "role": "Fast Attacker", "bvs": {"hp": 50, "atk": 50, "def": 77, "spa": 95, "spd": 77, "spe": 91}, "stats": {"hp": 231, "atk": 93, "def": 186, "spa": 217, "spd": 186, "spe": 210}, "types": ["Electric", "Ghost"]}, "Swanna": {"name": "Swanna", "species": "Swanna", "speciesId": "swanna", "gender": "F", "shiny": false, "level": 89, "moves": ["knockoff", "hydropump", "roost", "bravebird"], "ability": "Hydration", "evs": {"hp": 85, "atk": 85, "def": 85, "spa": 85, "spd": 85, "spe": 85}, "ivs": {"hp": 31, "atk": 31, "def": 31, "spa": 31, "spd": 31, "spe": 31}, "item": "Heavy-Duty Boots", "teraType": "Ground", "role": "Bulky Support", "bvs": {"hp": 75, "atk": 87, "def": 63, "spa": 87, "spd": 63, "spe": 98}, "stats": {"hp": 278, "atk": 206, "def": 163, "spa": 206, "spd": 163, "spe": 225}, "types": ["Water", "Flying"]}, "Jirachi": {"name": "Jirachi", "species": "Jirachi", "speciesId": "jirachi", "gender": "N", "shiny": false, "level": 80, "moves": ["ironhead", "stealthrock", "drainpunch", "bodyslam"], "ability": "Serene Grace", "evs": {"hp": 85, "atk": 85, "def": 85, "spa": 85, "spd": 85, "spe": 85}, "ivs": {"hp": 31, "atk": 31, "def": 31, "spa": 31, "spd": 31, "spe": 31}, "item": "Leftovers", "teraType": "Water", "role": "Bulky Attacker", "bvs": {"hp": 100, "atk": 100, "def": 100, "spa": 100, "spd": 100, "spe": 100}, "stats": {"hp": 291, "atk": 206, "def": 206, "spa": 206, "spd": 206, "spe": 206}, "types": ["Steel", "Psychic"]}, "Iron Leaves": {"name": "Iron Leaves", "species": "Iron Leaves", "speciesId": "ironleaves", "gender": "N", "shiny": false, "level": 80, "moves": ["swordsdance", "leafblade", "psyblade", "closecombat"], "ability": "Quark Drive", "evs": {"hp": 85, "atk": 85, "def": 85, "spa": 85, "spd": 85, "spe": 85}, "ivs": {"hp": 31, "atk": 31, "def": 31, "spa": 31, "spd": 31, "spe": 31}, "item": "Life Orb", "teraType": "Fighting", "role": "Wallbreaker", "bvs": {"hp": 90, "atk": 130, "def": 88, "spa": 70, "spd": 108, "spe": 104}, "stats": {"hp": 275, "atk": 254, "def": 187, "spa": 158, "spd": 219, "spe": 213}, "types": ["Grass", "Psychic"]}, "Iron Bundle": {"name": "Iron Bundle", "species": "Iron Bundle", "speciesId": "ironbundle", "gender": "N", "shiny": false, "level": 78, "moves": ["icebeam", "hydropump", "freezedry", "flipturn"], "ability": "Quark Drive", "evs": {"hp": 85, "atk": 85, "def": 85, "spa": 85, "spd": 85, "spe": 85}, "ivs": {"hp": 31, "atk": 31, "def": 31, "spa": 31, "spd": 31, "spe": 31}, "item": "Choice Specs", "teraType": "Ice", "role": "Fast Attacker", "bvs": {"hp": 56, "atk": 80, "def": 114, "spa": 124, "spd": 60, "spe": 136}, "stats": {"hp": 215, "atk": 170, "def": 223, "spa": 239, "spd": 139, "spe": 257}, "types": ["Ice", "Water"]}}]}