{"id": "gen9randombattle-2641193110", "format": "[Gen 9] Random Battle", "players": ["Hau_Alola", "floating passage"], "log": "|j|\u203dHau_Alola\n|j|\u2606floating passage\n|t:|1782751901\n|gametype|singles\n|player|p1|Hau_Alola|hau-masters|1918\n|player|p2|floating passage|n-masters|1900\n|gen|9\n|tier|[Gen 9] Random Battle\n|rated|\n|rule|Species Clause: Limit one of each Pok\u00e9mon\n|rule|HP Percentage Mod: HP is shown in percentages\n|rule|Sleep Clause Mod: Limit one foe put to sleep\n|rule|Illusion Level Mod: Illusion disguises the Pok\u00e9mon's true level\n|\n|t:|1782751901\n|teamsize|p1|6\n|teamsize|p2|6\n|start\n|switch|p1a: Ambipom|Ambipom, L84, F|263/263\n|switch|p2a: Dachsbun|Dachsbun, L92, F|254/254\n|turn|1\n|inactive|Battle timer is ON: inactive players will automatically lose when time's up. (requested by Hau_Alola)\n|\n|t:|1782751912\n|move|p2a: Dachsbun|Protect|p2a: Dachsbun\n|-singleturn|p2a: Dachsbun|Protect\n|move|p1a: Ambipom|Fake Out|p2a: Dachsbun\n|-activate|p2a: Dachsbun|move: Protect\n|\n|upkeep\n|turn|2\n|\n|t:|1782751920\n|move|p1a: Ambipom|Double-Edge|p2a: Dachsbun\n|-damage|p2a: Dachsbun|146/254\n|-damage|p1a: Ambipom|227/263|[from] Recoil\n|move|p2a: Dachsbun|Yawn|p1a: Ambipom\n|-start|p1a: Ambipom|move: Yawn|[of] p2a: Dachsbun\n|\n|-heal|p2a: Dachsbun|161/254|[from] item: Leftovers\n|upkeep\n|turn|3\n|\n|t:|1782751927\n|move|p1a: Ambipom|U-turn|p2a: Dachsbun\n|-resisted|p2a: Dachsbun\n|-damage|p2a: Dachsbun|142/254\n|\n|t:|1782751938\n|switch|p1a: Magnezone|Magnezone, L85|258/258|[from] U-turn\n|move|p2a: Dachsbun|Yawn|p1a: Magnezone\n|-start|p1a: Magnezone|move: Yawn|[of] p2a: Dachsbun\n|\n|-heal|p2a: Dachsbun|157/254|[from] item: Leftovers\n|upkeep\n|turn|4\n|\n|t:|1782751947\n|move|p2a: Dachsbun|Protect|p2a: Dachsbun\n|-singleturn|p2a: Dachsbun|Protect\n|move|p1a: Magnezone|Flash Cannon|p2a: Dachsbun\n|-activate|p2a: Dachsbun|move: Protect\n|\n|-heal|p2a: Dachsbun|172/254|[from] item: Leftovers\n|-end|p1a: Magnezone|move: Yawn|[silent]\n|-status|p1a: Magnezone|slp\n|upkeep\n|turn|5\n|\n|t:|1782751970\n|switch|p2a: Armarouge|Armarouge, L80, M|267/267\n|cant|p1a: Magnezone|slp\n|\n|upkeep\n|turn|6\n|\n|t:|1782751978\n|switch|p1a: Mandibuzz|Mandibuzz, L85, F|326/326\n|move|p2a: Armarouge|Armor Cannon|p1a: Mandibuzz\n|-damage|p1a: Mandibuzz|116/326\n|-unboost|p2a: Armarouge|def|1\n|-unboost|p2a: Armarouge|spd|1\n|\n|upkeep\n|turn|7\n|\n|t:|1782752002\n|switch|p2a: Dachsbun|Dachsbun, L92, F|172/254\n|move|p1a: Mandibuzz|Foul Play|p2a: Dachsbun\n|-resisted|p2a: Dachsbun\n|-damage|p2a: Dachsbun|137/254\n|\n|-heal|p2a: Dachsbun|152/254|[from] item: Leftovers\n|upkeep\n|turn|8\n|\n|t:|1782752009\n|move|p2a: Dachsbun|Wish|p2a: Dachsbun\n|move|p1a: Mandibuzz|Brave Bird|p2a: Dachsbun\n|-damage|p2a: Dachsbun|74/254\n|-damage|p1a: Mandibuzz|90/326|[from] Recoil\n|\n|-heal|p2a: Dachsbun|89/254|[from] item: Leftovers\n|upkeep\n|turn|9\n|\n|t:|1782752017\n|switch|p1a: Magnezone|Magnezone, L85|258/258 slp\n|move|p2a: Dachsbun|Play Rough|p1a: Magnezone\n|-resisted|p1a: Magnezone\n|-damage|p1a: Magnezone|221/258 slp\n|\n|-heal|p2a: Dachsbun|216/254|[from] move: Wish|[wisher] Dachsbun\n|-heal|p2a: Dachsbun|231/254|[from] item: Leftovers\n|upkeep\n|turn|10\n|\n|t:|1782752028\n|move|p2a: Dachsbun|Play Rough|p1a: Magnezone\n|-resisted|p1a: Magnezone\n|-damage|p1a: Magnezone|185/258 slp\n|-curestatus|p1a: Magnezone|slp|[msg]\n|move|p1a: Magnezone|Thunderbolt|p2a: Dachsbun\n|-damage|p2a: Dachsbun|63/254\n|\n|-heal|p2a: Dachsbun|78/254|[from] item: Leftovers\n|upkeep\n|turn|11\n|\n|t:|1782752034\n|switch|p2a: Armarouge|Armarouge, L80, M|267/267\n|move|p1a: Magnezone|Thunderbolt|p2a: Armarouge\n|-damage|p2a: Armarouge|87/267\n|\n|upkeep\n|turn|12\n|\n|t:|1782752041\n|move|p1a: Magnezone|Thunderbolt|p2a: Armarouge\n|-damage|p2a: Armarouge|0 fnt\n|faint|p2a: Armarouge\n|\n|upkeep\n|\n|t:|1782752053\n|switch|p2a: Quagsire|Quagsire, L84, M|297/297\n|turn|13\n|\n|t:|1782752059\n|switch|p1a: Mandibuzz|Mandibuzz, L85, F|90/326\n|move|p2a: Quagsire|Spikes|p1a: Mandibuzz\n|-sidestart|p1: Hau_Alola|Spikes\n|\n|upkeep\n|turn|14\n|\n|t:|1782752066\n|move|p1a: Mandibuzz|Roost|p1a: Mandibuzz\n|-heal|p1a: Mandibuzz|253/326\n|-singleturn|p1a: Mandibuzz|move: Roost\n|move|p2a: Quagsire|Toxic|p1a: Mandibuzz\n|-status|p1a: Mandibuzz|tox\n|\n|-damage|p1a: Mandibuzz|233/326 tox|[from] psn\n|upkeep\n|turn|15\n|\n|t:|1782752072\n|move|p1a: Mandibuzz|Brave Bird|p2a: Quagsire\n|-damage|p2a: Quagsire|195/297\n|-damage|p1a: Mandibuzz|199/326 tox|[from] Recoil\n|move|p2a: Quagsire|Spikes|p1a: Mandibuzz\n|-sidestart|p1: Hau_Alola|Spikes\n|\n|-heal|p2a: Quagsire|213/297|[from] item: Leftovers\n|-damage|p1a: Mandibuzz|159/326 tox|[from] psn\n|upkeep\n|turn|16\n|\n|t:|1782752076\n|switch|p2a: Bellibolt|Bellibolt, L84, F|320/320\n|move|p1a: Mandibuzz|Roost|p1a: Mandibuzz\n|-heal|p1a: Mandibuzz|322/326 tox\n|-singleturn|p1a: Mandibuzz|move: Roost\n|\n|-damage|p1a: Mandibuzz|262/326 tox|[from] psn\n|upkeep\n|turn|17\n|\n|t:|1782752083\n|switch|p2a: Quagsire|Quagsire, L84, M|213/297\n|move|p1a: Mandibuzz|Defog|p2a: Quagsire\n|-unboost|p2a: Quagsire|evasion|1\n|-sideend|p1: Hau_Alola|Spikes|[from] move: Defog|[of] p1a: Mandibuzz\n|\n|-heal|p2a: Quagsire|231/297|[from] item: Leftovers\n|-damage|p1a: Mandibuzz|182/326 tox|[from] psn\n|upkeep\n|turn|18\n|\n|t:|1782752093\n|switch|p2a: Bellibolt|Bellibolt, L84, F|320/320\n|move|p1a: Mandibuzz|Foul Play|p2a: Bellibolt\n|-damage|p2a: Bellibolt|269/320\n|-start|p2a: Bellibolt|Charge|Foul Play|[from] ability: Electromorphosis\n|\n|-heal|p2a: Bellibolt|289/320|[from] item: Leftovers\n|-damage|p1a: Mandibuzz|82/326 tox|[from] psn\n|upkeep\n|turn|19\n|\n|t:|1782752103\n|switch|p2a: Quagsire|Quagsire, L84, M|231/297\n|move|p1a: Mandibuzz|Foul Play|p2a: Quagsire\n|-damage|p2a: Quagsire|143/297\n|\n|-heal|p2a: Quagsire|161/297|[from] item: Leftovers\n|-damage|p1a: Mandibuzz|0 fnt|[from] psn\n|faint|p1a: Mandibuzz\n|upkeep\n|\n|t:|1782752121\n|switch|p1a: Ambipom|Ambipom, L84, F|227/263\n|turn|20\n|\n|t:|1782752130\n|switch|p2a: Bellibolt|Bellibolt, L84, F|289/320\n|move|p1a: Ambipom|Fake Out|p2a: Bellibolt\n|-damage|p2a: Bellibolt|217/320\n|-start|p2a: Bellibolt|Charge|Fake Out|[from] ability: Electromorphosis\n|\n|-heal|p2a: Bellibolt|237/320|[from] item: Leftovers\n|upkeep\n|turn|21\n|\n|t:|1782752136\n|move|p1a: Ambipom|U-turn|p2a: Bellibolt\n|-damage|p2a: Bellibolt|191/320\n|-start|p2a: Bellibolt|Charge|U-turn|[from] ability: Electromorphosis\n|\n|t:|1782752138\n|switch|p1a: Magnezone|Magnezone, L85|185/258|[from] U-turn\n|move|p2a: Bellibolt|Thunderbolt|p1a: Magnezone\n|-resisted|p1a: Magnezone\n|-crit|p1a: Magnezone\n|-damage|p1a: Magnezone|53/258\n|-end|p2a: Bellibolt|Charge|[silent]\n|\n|-heal|p2a: Bellibolt|211/320|[from] item: Leftovers\n|upkeep\n|turn|22\n|\n|t:|1782752152\n|move|p1a: Magnezone|Body Press|p2a: Bellibolt\n|-damage|p2a: Bellibolt|150/320\n|-start|p2a: Bellibolt|Charge|Body Press|[from] ability: Electromorphosis\n|move|p2a: Bellibolt|Slack Off|p2a: Bellibolt\n|-heal|p2a: Bellibolt|310/320\n|\n|-heal|p2a: Bellibolt|320/320|[from] item: Leftovers\n|upkeep\n|turn|23\n|\n|t:|1782752157\n|move|p1a: Magnezone|Body Press|p2a: Bellibolt\n|-damage|p2a: Bellibolt|259/320\n|-start|p2a: Bellibolt|Charge|Body Press|[from] ability: Electromorphosis\n|move|p2a: Bellibolt|Thunderbolt|p1a: Magnezone\n|-resisted|p1a: Magnezone\n|-damage|p1a: Magnezone|0 fnt\n|faint|p1a: Magnezone\n|-end|p2a: Bellibolt|Charge|[silent]\n|\n|-heal|p2a: Bellibolt|279/320|[from] item: Leftovers\n|upkeep\n|\n|t:|1782752174\n|switch|p1a: Seviper|Seviper, L93, M|287/287\n|turn|24\n|\n|t:|1782752192\n|move|p1a: Seviper|Swords Dance|p1a: Seviper\n|-boost|p1a: Seviper|atk|2\n|move|p2a: Bellibolt|Thunderbolt|p1a: Seviper\n|-damage|p1a: Seviper|178/287\n|\n|-heal|p1a: Seviper|195/287|[from] item: Leftovers\n|-heal|p2a: Bellibolt|299/320|[from] item: Leftovers\n|upkeep\n|turn|25\n|\n|t:|1782752211\n|switch|p2a: Dachsbun|Dachsbun, L92, F|78/254\n|-terastallize|p1a: Seviper|Grass\n|move|p1a: Seviper|Trailblaze|p2a: Dachsbun\n|-damage|p2a: Dachsbun|0 fnt\n|-boost|p1a: Seviper|spe|1\n|faint|p2a: Dachsbun\n|\n|-heal|p1a: Seviper|212/287|[from] item: Leftovers\n|upkeep\n|inactive|floating passage has 120 seconds left.\n|\n|t:|1782752242\n|switch|p2a: Vigoroth|Vigoroth, L85, F|275/275\n|turn|26\n|\n|t:|1782752248\n|move|p1a: Seviper|Gunk Shot|p2a: Vigoroth\n|-damage|p2a: Vigoroth|49/275\n|move|p2a: Vigoroth|Body Slam|p1a: Seviper\n|-damage|p1a: Seviper|110/287\n|\n|-heal|p1a: Seviper|127/287|[from] item: Leftovers\n|upkeep\n|turn|27\n|inactive|floating passage has 120 seconds left.\n|\n|t:|1782752258\n|move|p1a: Seviper|Trailblaze|p2a: Vigoroth\n|-damage|p2a: Vigoroth|0 fnt\n|-boost|p1a: Seviper|spe|1\n|faint|p2a: Vigoroth\n|\n|-heal|p1a: Seviper|144/287|[from] item: Leftovers\n|upkeep\n|inactive|floating passage has 120 seconds left.\n|inactive|floating passage has 90 seconds left.\n|\n|t:|1782752300\n|switch|p2a: Gothitelle|Gothitelle, L90, F|272/272\n|turn|28\n|\n|t:|1782752314\n|move|p1a: Seviper|Gunk Shot|p2a: Gothitelle\n|-damage|p2a: Gothitelle|0 fnt\n|faint|p2a: Gothitelle\n|\n|-heal|p1a: Seviper|161/287|[from] item: Leftovers\n|upkeep\n|inactive|floating passage has 90 seconds left.\n|-message|floating passage forfeited.\n|\n|win|Hau_Alola\n|raw|Hau_Alola's rating: 1918 &rarr; <strong>1937</strong><br />(+19 for winning)\n|raw|floating passage's rating: 1900 &rarr; <strong>1881</strong><br />(-19 for losing)\n", "inputlog": ">version f8ac14003a5f27e1bdc8d8c59608a773c1cb96e5\n>start {\"formatid\":\"gen9randombattle\",\"seed\":\"sodium,092c879c34e8baf9b0f4805d43c2b8aa\",\"rated\":\"Rated battle\"}\n>player p1 {\"name\":\"Hau_Alola\",\"avatar\":\"hau-masters\",\"rating\":1918,\"seed\":\"sodium,f0c20f79076d14fc7fb22f0a45869782\"}\n>player p2 {\"name\":\"floating passage\",\"avatar\":\"n-masters\",\"rating\":1900,\"seed\":\"sodium,ca8a3586a1c2d944861bfce71d2fa19f\"}\n>p1 move fakeout\n>p2 move protect\n>p1 move doubleedge\n>p2 move yawn\n>p1 move uturn\n>p2 move yawn\n>p1 switch 3\n>p1 move flashcannon\n>p2 move protect\n>p1 move flashcannon\n>p2 switch 2\n>p1 switch 6\n>p2 move armorcannon\n>p1 move foulplay\n>p2 switch 2\n>p1 move bravebird\n>p2 move wish\n>p1 switch 6\n>p2 move playrough\n>p1 move thunderbolt\n>p2 move playrough\n>p1 move thunderbolt\n>p2 switch 2\n>p1 move thunderbolt\n>p2 move armorcannon\n>p2 switch 5\n>p1 switch 6\n>p2 move spikes\n>p1 move roost\n>p2 move toxic\n>p1 move bravebird\n>p2 move spikes\n>p1 move roost\n>p2 switch 3\n>p1 move defog\n>p2 switch 3\n>p1 move foulplay\n>p2 switch 3\n>p1 move foulplay\n>p2 switch 3\n>p1 switch 3\n>p1 move fakeout\n>p2 switch 3\n>p1 move uturn\n>p2 move thunderbolt\n>p1 switch 6\n>p1 move bodypress\n>p2 move slackoff\n>p1 move bodypress\n>p2 move thunderbolt\n>p1 switch 2\n>p1 move swordsdance\n>p2 move thunderbolt\n>p1 move trailblaze terastallize\n>p2 switch 2\n>p2 switch 4\n>p1 move gunkshot\n>p2 move bodyslam\n>p1 move trailblaze\n>p2 move bodyslam\n>p2 switch 6\n>p1 move gunkshot\n>p2 move psychicnoise\n>forcelose p2", "uploadtime": 1782752326, "views": 6, "formatid": "gen9randombattle", "rating": 1881, "private": 0, "password": null, "player_dets": [{"name": "Hau_Alola", "avatar": "hau-masters", "rating": 1918, "seed": "sodium,f0c20f79076d14fc7fb22f0a45869782"}, {"name": "floating passage", "avatar": "n-masters", "rating": 1900, "seed": "sodium,ca8a3586a1c2d944861bfce71d2fa19f"}], "teams_full": [{"Ambipom": {"name": "Ambipom", "species": "Ambipom", "speciesId": "ambipom", "gender": "F", "shiny": false, "level": 84, "moves": ["doubleedge", "uturn", "fakeout", "knockoff"], "ability": "Technician", "evs": {"hp": 85, "atk": 85, "def": 85, "spa": 85, "spd": 85, "spe": 85}, "ivs": {"hp": 31, "atk": 31, "def": 31, "spa": 31, "spd": 31, "spe": 31}, "item": "Silk Scarf", "teraType": "Normal", "role": "Wallbreaker", "bvs": {"hp": 75, "atk": 100, "def": 66, "spa": 60, "spd": 66, "spe": 115}, "stats": {"hp": 263, "atk": 216, "def": 159, "spa": 149, "spd": 159, "spe": 241}, "types": ["Normal"]}, "Seviper": {"name": "Seviper", "species": "Seviper", "speciesId": "seviper", "gender": "M", "shiny": false, "level": 93, "moves": ["earthquake", "trailblaze", "gunkshot", "swordsdance"], "ability": "Shed Skin", "evs": {"hp": 85, "atk": 85, "def": 85, "spa": 85, "spd": 85, "spe": 85}, "ivs": {"hp": 31, "atk": 31, "def": 31, "spa": 31, "spd": 31, "spe": 31}, "item": "Leftovers", "teraType": "Grass", "role": "Bulky Setup", "bvs": {"hp": 73, "atk": 100, "def": 60, "spa": 100, "spd": 60, "spe": 65}, "stats": {"hp": 287, "atk": 239, "def": 164, "spa": 239, "spd": 164, "spe": 174}, "types": ["Poison"]}, "Magnezone": {"name": "Magnezone", "species": "Magnezone", "speciesId": "magnezone", "gender": "N", "shiny": false, "level": 85, "moves": ["bodypress", "voltswitch", "flashcannon", "thunderbolt"], "ability": "Analytic", "evs": {"hp": 85, "atk": 0, "def": 85, "spa": 85, "spd": 85, "spe": 85}, "ivs": {"hp": 31, "atk": 0, "def": 31, "spa": 31, "spd": 31, "spe": 31}, "item": "Choice Scarf", "teraType": "Flying", "role": "Fast Attacker", "bvs": {"hp": 70, "atk": 70, "def": 115, "spa": 130, "spd": 90, "spe": 60}, "stats": {"hp": 258, "atk": 124, "def": 244, "spa": 270, "spd": 202, "spe": 151}, "types": ["Electric", "Steel"]}, "Zarude": {"name": "Zarude", "species": "Zarude-Dada", "speciesId": "zarude", "gender": "N", "shiny": false, "level": 77, "moves": ["powerwhip", "knockoff", "uturn", "closecombat"], "ability": "Leaf Guard", "evs": {"hp": 85, "atk": 85, "def": 85, "spa": 85, "spd": 85, "spe": 85}, "ivs": {"hp": 31, "atk": 31, "def": 31, "spa": 31, "spd": 31, "spe": 31}, "item": "Choice Scarf", "teraType": "Dark", "role": "Fast Attacker", "bvs": {"hp": 105, "atk": 120, "def": 105, "spa": 70, "spd": 95, "spe": 105}, "stats": {"hp": 288, "atk": 229, "def": 206, "spa": 152, "spd": 191, "spe": 206}, "types": ["Dark", "Grass"]}, "Passimian": {"name": "Passimian", "species": "Passimian", "speciesId": "passimian", "gender": "M", "shiny": false, "level": 83, "moves": ["drainpunch", "gunkshot", "bulkup", "knockoff"], "ability": "Defiant", "evs": {"hp": 85, "atk": 85, "def": 85, "spa": 85, "spd": 85, "spe": 85}, "ivs": {"hp": 31, "atk": 31, "def": 31, "spa": 31, "spd": 31, "spe": 31}, "item": "Leftovers", "teraType": "Dark", "role": "Bulky Setup", "bvs": {"hp": 100, "atk": 120, "def": 90, "spa": 40, "spd": 60, "spe": 80}, "stats": {"hp": 302, "atk": 247, "def": 197, "spa": 114, "spd": 147, "spe": 180}, "types": ["Fighting"]}, "Mandibuzz": {"name": "Mandibuzz", "species": "Mandibuzz", "speciesId": "mandibuzz", "gender": "F", "shiny": false, "level": 85, "moves": ["foulplay", "roost", "defog", "bravebird"], "ability": "Overcoat", "evs": {"hp": 85, "atk": 85, "def": 85, "spa": 85, "spd": 85, "spe": 85}, "ivs": {"hp": 31, "atk": 31, "def": 31, "spa": 31, "spd": 31, "spe": 31}, "item": "Heavy-Duty Boots", "teraType": "Steel", "role": "Bulky Attacker", "bvs": {"hp": 110, "atk": 65, "def": 105, "spa": 55, "spd": 95, "spe": 80}, "stats": {"hp": 326, "atk": 159, "def": 227, "spa": 142, "spd": 210, "spe": 185}, "types": ["Dark", "Flying"]}}, {"Dachsbun": {"name": "Dachsbun", "species": "Dachsbun", "speciesId": "dachsbun", "gender": "F", "shiny": false, "level": 92, "moves": ["yawn", "protect", "wish", "playrough"], "ability": "Well-Baked Body", "evs": {"hp": 85, "atk": 85, "def": 85, "spa": 85, "spd": 85, "spe": 85}, "ivs": {"hp": 31, "atk": 31, "def": 31, "spa": 31, "spd": 31, "spe": 31}, "item": "Leftovers", "teraType": "Steel", "role": "Bulky Support", "bvs": {"hp": 57, "atk": 80, "def": 115, "spa": 50, "spd": 80, "spe": 95}, "stats": {"hp": 254, "atk": 200, "def": 264, "spa": 144, "spd": 200, "spe": 227}, "types": ["Fairy"]}, "Armarouge": {"name": "Armarouge", "species": "Armarouge", "speciesId": "armarouge", "gender": "M", "shiny": false, "level": 80, "moves": ["psyshock", "energyball", "armorcannon", "focusblast"], "ability": "Weak Armor", "evs": {"hp": 85, "atk": 0, "def": 85, "spa": 85, "spd": 85, "spe": 85}, "ivs": {"hp": 31, "atk": 0, "def": 31, "spa": 31, "spd": 31, "spe": 31}, "item": "Choice Specs", "teraType": "Fighting", "role": "Wallbreaker", "bvs": {"hp": 85, "atk": 60, "def": 100, "spa": 125, "spd": 80, "spe": 75}, "stats": {"hp": 267, "atk": 101, "def": 206, "spa": 246, "spd": 174, "spe": 166}, "types": ["Fire", "Psychic"]}, "Bellibolt": {"name": "Bellibolt", "species": "Bellibolt", "speciesId": "bellibolt", "gender": "F", "shiny": false, "level": 84, "moves": ["thunderbolt", "toxic", "muddywater", "slackoff"], "ability": "Electromorphosis", "evs": {"hp": 85, "atk": 0, "def": 85, "spa": 85, "spd": 85, "spe": 85}, "ivs": {"hp": 31, "atk": 0, "def": 31, "spa": 31, "spd": 31, "spe": 31}, "item": "Leftovers", "teraType": "Water", "role": "Bulky Attacker", "bvs": {"hp": 109, "atk": 64, "def": 91, "spa": 103, "spd": 83, "spe": 45}, "stats": {"hp": 320, "atk": 112, "def": 201, "spa": 221, "spd": 188, "spe": 124}, "types": ["Electric"]}, "Vigoroth": {"name": "Vigoroth", "species": "Vigoroth", "speciesId": "vigoroth", "gender": "F", "shiny": false, "level": 85, "moves": ["bulkup", "slackoff", "earthquake", "bodyslam"], "ability": "Vital Spirit", "evs": {"hp": 85, "atk": 85, "def": 85, "spa": 85, "spd": 85, "spe": 85}, "ivs": {"hp": 31, "atk": 31, "def": 31, "spa": 31, "spd": 31, "spe": 31}, "item": "Eviolite", "teraType": "Ground", "role": "Bulky Attacker", "bvs": {"hp": 80, "atk": 80, "def": 80, "spa": 55, "spd": 55, "spe": 90}, "stats": {"hp": 275, "atk": 185, "def": 185, "spa": 142, "spd": 142, "spe": 202}, "types": ["Normal"]}, "Quagsire": {"name": "Quagsire", "species": "Quagsire", "speciesId": "quagsire", "gender": "M", "shiny": false, "level": 84, "moves": ["toxic", "spikes", "recover", "earthquake"], "ability": "Unaware", "evs": {"hp": 85, "atk": 85, "def": 85, "spa": 85, "spd": 85, "spe": 85}, "ivs": {"hp": 31, "atk": 31, "def": 31, "spa": 31, "spd": 31, "spe": 31}, "item": "Leftovers", "teraType": "Steel", "role": "Bulky Support", "bvs": {"hp": 95, "atk": 85, "def": 85, "spa": 65, "spd": 65, "spe": 35}, "stats": {"hp": 297, "atk": 191, "def": 191, "spa": 157, "spd": 157, "spe": 107}, "types": ["Water", "Ground"]}, "Gothitelle": {"name": "Gothitelle", "species": "Gothitelle", "speciesId": "gothitelle", "gender": "F", "shiny": false, "level": 90, "moves": ["psychicnoise", "darkpulse", "calmmind", "focusblast"], "ability": "Shadow Tag", "evs": {"hp": 85, "atk": 0, "def": 85, "spa": 85, "spd": 85, "spe": 85}, "ivs": {"hp": 31, "atk": 0, "def": 31, "spa": 31, "spd": 31, "spe": 31}, "item": "Leftovers", "teraType": "Fairy", "role": "Bulky Setup", "bvs": {"hp": 70, "atk": 55, "def": 95, "spa": 95, "spd": 110, "spe": 65}, "stats": {"hp": 272, "atk": 104, "def": 222, "spa": 222, "spd": 249, "spe": 168}, "types": ["Psychic"]}}]}