{"id": "gen9randombattle-2641517628", "format": "[Gen 9] Random Battle", "players": ["tjresatujrat", "angrio"], "log": "|j|\u2606tjresatujrat\n|j|\u2606angrio\n|t:|1782798994\n|gametype|singles\n|player|p1|tjresatujrat|2|1054\n|player|p2|angrio|miku-ghost|1082\n|gen|9\n|tier|[Gen 9] Random Battle\n|rated|\n|rule|Species Clause: Limit one of each Pok\u00e9mon\n|rule|HP Percentage Mod: HP is shown in percentages\n|rule|Sleep Clause Mod: Limit one foe put to sleep\n|rule|Illusion Level Mod: Illusion disguises the Pok\u00e9mon's true level\n|\n|t:|1782798994\n|teamsize|p1|6\n|teamsize|p2|6\n|start\n|switch|p1a: Feraligatr|Feraligatr, L79, F|264/264\n|switch|p2a: Metagross|Metagross, L79|256/256\n|turn|1\n|\n|t:|1782799002\n|move|p1a: Feraligatr|Dragon Dance|p1a: Feraligatr\n|-boost|p1a: Feraligatr|atk|1\n|-boost|p1a: Feraligatr|spe|1\n|move|p2a: Metagross|Knock Off|p1a: Feraligatr\n|-damage|p1a: Feraligatr|186/264\n|-enditem|p1a: Feraligatr|Life Orb|[from] move: Knock Off|[of] p2a: Metagross\n|\n|upkeep\n|turn|2\n|\n|t:|1782799010\n|move|p1a: Feraligatr|Crunch|p2a: Metagross\n|-supereffective|p2a: Metagross\n|-damage|p2a: Metagross|86/256\n|move|p2a: Metagross|Psychic Fangs|p1a: Feraligatr\n|-damage|p1a: Feraligatr|89/264\n|\n|-heal|p2a: Metagross|102/256|[from] item: Leftovers\n|upkeep\n|turn|3\n|\n|t:|1782799030\n|switch|p2a: Ditto|Ditto, L87|225/225\n|-transform|p2a: Ditto|p1a: Feraligatr|[from] ability: Imposter\n|move|p1a: Feraligatr|Dragon Dance|p1a: Feraligatr\n|-boost|p1a: Feraligatr|atk|1\n|-boost|p1a: Feraligatr|spe|1\n|\n|upkeep\n|turn|4\n|\n|t:|1782799041\n|move|p2a: Ditto|Crunch|p1a: Feraligatr\n|-damage|p1a: Feraligatr|0 fnt\n|faint|p1a: Feraligatr\n|\n|upkeep\n|\n|t:|1782799064\n|switch|p1a: Zarude|Zarude, L77|288/288\n|turn|5\n|inactive|Battle timer is ON: inactive players will automatically lose when time's up. (requested by tjresatujrat)\n|\n|t:|1782799097\n|switch|p2a: Mabosstiff|Mabosstiff, L86, M|278/278\n|move|p1a: Zarude|Power Whip|p2a: Mabosstiff\n|-crit|p2a: Mabosstiff\n|-damage|p2a: Mabosstiff|27/278\n|-damage|p1a: Zarude|260/288|[from] item: Life Orb\n|\n|upkeep\n|turn|6\n|\n|t:|1782799117\n|switch|p1a: Muk|Muk-Alola, L82, M|306/306\n|move|p2a: Mabosstiff|Play Rough|p1a: Muk\n|-damage|p1a: Muk|42/306\n|\n|upkeep\n|turn|7\n|\n|t:|1782799132\n|move|p1a: Muk|Shadow Sneak|p2a: Mabosstiff\n|-resisted|p2a: Mabosstiff\n|-damage|p2a: Mabosstiff|13/278\n|move|p2a: Mabosstiff|Play Rough|p1a: Muk\n|-damage|p1a: Muk|0 fnt\n|faint|p1a: Muk\n|\n|upkeep\n|c|\u2606angrio|god damn\n|\n|t:|1782799139\n|switch|p1a: Decidueye|Decidueye, L88, F|281/281\n|turn|8\n|\n|t:|1782799148\n|move|p1a: Decidueye|Shadow Sneak|p2a: Mabosstiff\n|-resisted|p2a: Mabosstiff\n|-damage|p2a: Mabosstiff|0 fnt\n|faint|p2a: Mabosstiff\n|-damage|p1a: Decidueye|253/281|[from] item: Life Orb\n|\n|upkeep\n|\n|t:|1782799159\n|switch|p2a: Metagross|Metagross, L79|102/256\n|turn|9\n|\n|t:|1782799164\n|-terastallize|p2a: Metagross|Water\n|move|p1a: Decidueye|Poltergeist|p2a: Metagross\n|-activate|p2a: Metagross|move: Poltergeist|Leftovers\n|-damage|p2a: Metagross|0 fnt\n|faint|p2a: Metagross\n|-damage|p1a: Decidueye|225/281|[from] item: Life Orb\n|\n|upkeep\n|c|\u2606angrio|this was a stupid fuckin tera lmao\n|\n|t:|1782799177\n|switch|p2a: Dudunsparce|Dudunsparce, L83, M|343/343\n|turn|10\n|\n|t:|1782799182\n|move|p1a: Decidueye|Swords Dance|p1a: Decidueye\n|-boost|p1a: Decidueye|atk|2\n|move|p2a: Dudunsparce|Shadow Ball|p1a: Decidueye\n|-supereffective|p1a: Decidueye\n|-damage|p1a: Decidueye|137/281\n|\n|upkeep\n|turn|11\n|\n|t:|1782799192\n|move|p1a: Decidueye|Leaf Blade|p2a: Dudunsparce\n|-damage|p2a: Dudunsparce|0 fnt\n|faint|p2a: Dudunsparce\n|-damage|p1a: Decidueye|109/281|[from] item: Life Orb\n|\n|upkeep\n|\n|t:|1782799196\n|switch|p2a: Iron Valiant|Iron Valiant, L78|244/244\n|turn|12\n|\n|t:|1782799205\n|move|p2a: Iron Valiant|Spirit Break|p1a: Decidueye\n|-damage|p1a: Decidueye|0 fnt\n|faint|p1a: Decidueye\n|-damage|p2a: Iron Valiant|220/244|[from] item: Life Orb\n|\n|upkeep\n|\n|t:|1782799213\n|switch|p1a: Dragalge|Dragalge, L88, F|258/258\n|turn|13\n|\n|t:|1782799223\n|-end|p2a: Iron Valiant|Quark Drive|[silent]\n|switch|p2a: Ditto|Ditto, L87|225/225\n|-transform|p2a: Ditto|p1a: Dragalge|[from] ability: Imposter\n|move|p1a: Dragalge|Sludge Wave|p2a: Ditto\n|-resisted|p2a: Ditto\n|-damage|p2a: Ditto|173/225\n|\n|upkeep\n|turn|14\n|\n|t:|1782799231\n|move|p2a: Ditto|Draco Meteor|p1a: Dragalge\n|-supereffective|p1a: Dragalge\n|-damage|p1a: Dragalge|0 fnt\n|-unboost|p2a: Ditto|spa|2\n|faint|p1a: Dragalge\n|\n|upkeep\n|\n|t:|1782799236\n|switch|p1a: Gholdengo|Gholdengo, L77|261/261\n|turn|15\n|\n|t:|1782799248\n|switch|p2a: Iron Valiant|Iron Valiant, L78|220/244\n|move|p1a: Gholdengo|Nasty Plot|p1a: Gholdengo\n|-boost|p1a: Gholdengo|spa|2\n|\n|upkeep\n|turn|16\n|\n|t:|1782799255\n|move|p2a: Iron Valiant|Knock Off|p1a: Gholdengo\n|-supereffective|p1a: Gholdengo\n|-damage|p1a: Gholdengo|58/261\n|-enditem|p1a: Gholdengo|Leftovers|[from] move: Knock Off|[of] p2a: Iron Valiant\n|-damage|p2a: Iron Valiant|196/244|[from] item: Life Orb\n|move|p1a: Gholdengo|Make It Rain|p2a: Iron Valiant\n|-supereffective|p2a: Iron Valiant\n|-crit|p2a: Iron Valiant\n|-damage|p2a: Iron Valiant|0 fnt\n|-unboost|p1a: Gholdengo|spa|1\n|faint|p2a: Iron Valiant\n|-end|p2a: Iron Valiant|Quark Drive|[silent]\n|\n|upkeep\n|\n|t:|1782799272\n|switch|p2a: Ditto|Ditto, L87|173/225\n|-transform|p2a: Ditto|p1a: Gholdengo|[from] ability: Imposter\n|turn|17\n|\n|t:|1782799283\n|move|p2a: Ditto|Make It Rain|p1a: Gholdengo\n|-resisted|p1a: Gholdengo\n|-damage|p1a: Gholdengo|0 fnt\n|-unboost|p2a: Ditto|spa|1\n|faint|p1a: Gholdengo\n|\n|upkeep\n|\n|t:|1782799285\n|switch|p1a: Zarude|Zarude, L77|260/288\n|turn|18\n|\n|t:|1782799293\n|-terastallize|p1a: Zarude|Dark\n|move|p2a: Ditto|Make It Rain|p1a: Zarude\n|-damage|p1a: Zarude|104/288\n|-unboost|p2a: Ditto|spa|1\n|move|p1a: Zarude|Swords Dance|p1a: Zarude\n|-boost|p1a: Zarude|atk|2\n|\n|upkeep\n|turn|19\n|\n|t:|1782799302\n|move|p2a: Ditto|Make It Rain|p1a: Zarude\n|-damage|p1a: Zarude|0 fnt\n|-unboost|p2a: Ditto|spa|1\n|faint|p1a: Zarude\n|\n|win|angrio\n", "inputlog": ">version f8ac14003a5f27e1bdc8d8c59608a773c1cb96e5\n>start {\"formatid\":\"gen9randombattle\",\"seed\":\"sodium,cfb41101308c594c26ab5efc9aafed57\",\"rated\":\"Rated battle\"}\n>player p1 {\"name\":\"tjresatujrat\",\"avatar\":\"2\",\"rating\":1054,\"seed\":\"sodium,8849a7041da1dea5b56fb531a5ca09fb\"}\n>player p2 {\"name\":\"angrio\",\"avatar\":\"miku-ghost\",\"rating\":1082,\"seed\":\"sodium,b315292c64451d02b3a404b12784909c\"}\n>p1 move dragondance\n>p2 move knockoff\n>p1 move crunch\n>p2 move psychicfangs\n>p1 move dragondance\n>p2 switch 2\n>p1 move crunch\n>p2 move crunch\n>p1 switch 6\n>p1 move powerwhip\n>p2 switch 3\n>p1 switch 2\n>p2 move playrough\n>p1 move shadowsneak\n>p2 move playrough\n>chat \u2606angrio|god damn\n>p1 switch 3\n>p1 move shadowsneak\n>p2 move playrough\n>p2 switch 2\n>p1 move poltergeist\n>p2 move knockoff terastallize\n>chat \u2606angrio|this was a stupid fuckin tera lmao\n>p2 switch 5\n>p1 move swordsdance\n>p2 move shadowball\n>p1 move leafblade\n>p2 move shadowball\n>p2 switch 6\n>p1 move poltergeist\n>p2 move spiritbreak\n>p1 switch 5\n>p1 move sludgewave\n>p2 switch 3\n>p1 move dracometeor\n>p2 move dracometeor\n>p1 switch 4\n>p1 move nastyplot\n>p2 switch 3\n>p1 move makeitrain\n>p2 move knockoff\n>p2 switch 3\n>p1 move shadowball\n>p2 move makeitrain\n>p1 switch 2\n>p1 move swordsdance terastallize\n>p2 move makeitrain\n>p1 move knockoff\n>p2 move makeitrain", "uploadtime": 1782799174, "views": 4, "formatid": "gen9randombattle", "rating": null, "private": 0, "password": null, "player_dets": [{"name": "tjresatujrat", "avatar": "2", "rating": 1054, "seed": "sodium,8849a7041da1dea5b56fb531a5ca09fb"}, {"name": "angrio", "avatar": "miku-ghost", "rating": 1082, "seed": "sodium,b315292c64451d02b3a404b12784909c"}], "teams_full": [{"Feraligatr": {"name": "Feraligatr", "species": "Feraligatr", "speciesId": "feraligatr", "gender": "F", "shiny": false, "level": 79, "moves": ["dragondance", "crunch", "icepunch", "liquidation"], "ability": "Sheer Force", "evs": {"hp": 85, "atk": 85, "def": 85, "spa": 85, "spd": 85, "spe": 85}, "ivs": {"hp": 31, "atk": 31, "def": 31, "spa": 31, "spd": 31, "spe": 31}, "item": "Life Orb", "teraType": "Dark", "role": "Fast Bulky Setup", "bvs": {"hp": 85, "atk": 105, "def": 100, "spa": 79, "spd": 83, "spe": 78}, "stats": {"hp": 264, "atk": 211, "def": 204, "spa": 170, "spd": 177, "spe": 169}, "types": ["Water"]}, "Muk": {"name": "Muk", "species": "Muk-Alola", "speciesId": "mukalola", "gender": "M", "shiny": false, "level": 82, "moves": ["knockoff", "shadowsneak", "gunkshot", "drainpunch"], "ability": "Poison Touch", "evs": {"hp": 85, "atk": 85, "def": 85, "spa": 85, "spd": 85, "spe": 85}, "ivs": {"hp": 31, "atk": 31, "def": 31, "spa": 31, "spd": 31, "spe": 31}, "item": "Assault Vest", "teraType": "Fighting", "role": "AV Pivot", "bvs": {"hp": 105, "atk": 105, "def": 75, "spa": 65, "spd": 100, "spe": 50}, "stats": {"hp": 306, "atk": 219, "def": 170, "spa": 154, "spd": 211, "spe": 129}, "types": ["Poison", "Dark"]}, "Decidueye": {"name": "Decidueye", "species": "Decidueye", "speciesId": "decidueye", "gender": "F", "shiny": false, "level": 88, "moves": ["leafblade", "swordsdance", "shadowsneak", "poltergeist"], "ability": "Overgrow", "evs": {"hp": 85, "atk": 85, "def": 85, "spa": 85, "spd": 85, "spe": 85}, "ivs": {"hp": 31, "atk": 31, "def": 31, "spa": 31, "spd": 31, "spe": 31}, "item": "Life Orb", "teraType": "Ghost", "role": "Setup Sweeper", "bvs": {"hp": 78, "atk": 107, "def": 75, "spa": 100, "spd": 100, "spe": 70}, "stats": {"hp": 281, "atk": 239, "def": 182, "spa": 226, "spd": 226, "spe": 173}, "types": ["Grass", "Ghost"]}, "Gholdengo": {"name": "Gholdengo", "species": "Gholdengo", "speciesId": "gholdengo", "gender": "N", "shiny": false, "level": 77, "moves": ["nastyplot", "makeitrain", "recover", "shadowball"], "ability": "Good as Gold", "evs": {"hp": 85, "atk": 0, "def": 85, "spa": 85, "spd": 85, "spe": 85}, "ivs": {"hp": 31, "atk": 0, "def": 31, "spa": 31, "spd": 31, "spe": 31}, "item": "Leftovers", "teraType": "Dark", "role": "Bulky Support", "bvs": {"hp": 87, "atk": 60, "def": 95, "spa": 133, "spd": 91, "spe": 84}, "stats": {"hp": 261, "atk": 97, "def": 191, "spa": 249, "spd": 185, "spe": 174}, "types": ["Steel", "Ghost"]}, "Dragalge": {"name": "Dragalge", "species": "Dragalge", "speciesId": "dragalge", "gender": "F", "shiny": false, "level": 88, "moves": ["dracometeor", "toxic", "focusblast", "sludgewave"], "ability": "Adaptability", "evs": {"hp": 85, "atk": 0, "def": 85, "spa": 85, "spd": 85, "spe": 85}, "ivs": {"hp": 31, "atk": 0, "def": 31, "spa": 31, "spd": 31, "spe": 31}, "item": "Leftovers", "teraType": "Fighting", "role": "Bulky Attacker", "bvs": {"hp": 65, "atk": 75, "def": 90, "spa": 97, "spd": 123, "spe": 44}, "stats": {"hp": 258, "atk": 137, "def": 209, "spa": 221, "spd": 267, "spe": 128}, "types": ["Poison", "Dragon"]}, "Zarude": {"name": "Zarude", "species": "Zarude", "speciesId": "zarude", "gender": "N", "shiny": false, "level": 77, "moves": ["swordsdance", "powerwhip", "knockoff", "closecombat"], "ability": "Leaf Guard", "evs": {"hp": 85, "atk": 85, "def": 85, "spa": 85, "spd": 85, "spe": 85}, "ivs": {"hp": 31, "atk": 31, "def": 31, "spa": 31, "spd": 31, "spe": 31}, "item": "Life Orb", "teraType": "Dark", "role": "Fast Bulky Setup", "bvs": {"hp": 105, "atk": 120, "def": 105, "spa": 70, "spd": 95, "spe": 105}, "stats": {"hp": 288, "atk": 229, "def": 206, "spa": 152, "spd": 191, "spe": 206}, "types": ["Dark", "Grass"]}}, {"Metagross": {"name": "Metagross", "species": "Metagross", "speciesId": "metagross", "gender": "N", "shiny": false, "level": 79, "moves": ["heavyslam", "stealthrock", "knockoff", "psychicfangs"], "ability": "Clear Body", "evs": {"hp": 85, "atk": 85, "def": 85, "spa": 85, "spd": 85, "spe": 85}, "ivs": {"hp": 31, "atk": 31, "def": 31, "spa": 31, "spd": 31, "spe": 31}, "item": "Leftovers", "teraType": "Water", "role": "Bulky Support", "bvs": {"hp": 80, "atk": 135, "def": 130, "spa": 95, "spd": 90, "spe": 70}, "stats": {"hp": 256, "atk": 259, "def": 251, "spa": 196, "spd": 188, "spe": 156}, "types": ["Steel", "Psychic"]}, "Ditto": {"name": "Ditto", "species": "Ditto", "speciesId": "ditto", "gender": "N", "shiny": false, "level": 87, "moves": ["transform"], "ability": "Imposter", "evs": {"hp": 85, "atk": 85, "def": 85, "spa": 85, "spd": 85, "spe": 85}, "ivs": {"hp": 31, "atk": 31, "def": 31, "spa": 31, "spd": 31, "spe": 31}, "item": "Choice Scarf", "teraType": "Ghost", "role": "Fast Support", "bvs": {"hp": 48, "atk": 48, "def": 48, "spa": 48, "spd": 48, "spe": 48}, "stats": {"hp": 225, "atk": 133, "def": 133, "spa": 133, "spd": 133, "spe": 133}, "types": ["Normal"]}, "Mabosstiff": {"name": "Mabosstiff", "species": "Mabosstiff", "speciesId": "mabosstiff", "gender": "M", "shiny": false, "level": 86, "moves": ["wildcharge", "playrough", "psychicfangs", "crunch"], "ability": "Stakeout", "evs": {"hp": 85, "atk": 85, "def": 85, "spa": 85, "spd": 85, "spe": 85}, "ivs": {"hp": 31, "atk": 31, "def": 31, "spa": 31, "spd": 31, "spe": 31}, "item": "Choice Band", "teraType": "Fairy", "role": "Bulky Attacker", "bvs": {"hp": 80, "atk": 120, "def": 90, "spa": 60, "spd": 70, "spe": 85}, "stats": {"hp": 278, "atk": 256, "def": 204, "spa": 152, "spd": 170, "spe": 195}, "types": ["Dark"]}, "Palkia": {"name": "Palkia", "species": "Palkia-Origin", "speciesId": "palkiaorigin", "gender": "N", "shiny": false, "level": 72, "moves": ["fireblast", "dracometeor", "hydropump", "thunderwave"], "ability": "Pressure", "evs": {"hp": 85, "atk": 0, "def": 85, "spa": 85, "spd": 85, "spe": 85}, "ivs": {"hp": 31, "atk": 0, "def": 31, "spa": 31, "spd": 31, "spe": 31}, "item": "Lustrous Globe", "teraType": "Water", "role": "Bulky Attacker", "bvs": {"hp": 90, "atk": 100, "def": 100, "spa": 150, "spd": 120, "spe": 120}, "stats": {"hp": 249, "atk": 149, "def": 186, "spa": 258, "spd": 215, "spe": 215}, "types": ["Water", "Dragon"]}, "Dudunsparce": {"name": "Dudunsparce", "species": "Dudunsparce", "speciesId": "dudunsparce", "gender": "M", "shiny": false, "level": 83, "moves": ["boomburst", "calmmind", "shadowball", "roost"], "ability": "Rattled", "evs": {"hp": 85, "atk": 0, "def": 85, "spa": 85, "spd": 85, "spe": 85}, "ivs": {"hp": 31, "atk": 0, "def": 31, "spa": 31, "spd": 31, "spe": 31}, "item": "Leftovers", "teraType": "Ghost", "role": "Bulky Setup", "bvs": {"hp": 125, "atk": 100, "def": 80, "spa": 85, "spd": 75, "spe": 55}, "stats": {"hp": 343, "atk": 171, "def": 180, "spa": 189, "spd": 172, "spe": 139}, "types": ["Normal"]}, "Iron Valiant": {"name": "Iron Valiant", "species": "Iron Valiant", "speciesId": "ironvaliant", "gender": "N", "shiny": false, "level": 78, "moves": ["spiritbreak", "knockoff", "swordsdance", "closecombat"], "ability": "Quark Drive", "evs": {"hp": 85, "atk": 85, "def": 85, "spa": 85, "spd": 85, "spe": 85}, "ivs": {"hp": 31, "atk": 31, "def": 31, "spa": 31, "spd": 31, "spe": 31}, "item": "Life Orb", "teraType": "Fighting", "role": "Setup Sweeper", "bvs": {"hp": 74, "atk": 130, "def": 90, "spa": 120, "spd": 60, "spe": 116}, "stats": {"hp": 244, "atk": 248, "def": 185, "spa": 232, "spd": 139, "spe": 226}, "types": ["Fairy", "Fighting"]}}]}