{"id": "gen9randombattle-2641672835", "format": "[Gen 9] Random Battle", "players": ["Alpha Tw", "marrickchill"], "log": "|j|\u2606Alpha Tw\n|j|\u2606marrickchill\n|t:|1782828032\n|gametype|singles\n|player|p1|Alpha Tw|n|2093\n|player|p2|marrickchill|170|2121\n|gen|9\n|tier|[Gen 9] Random Battle\n|rated|\n|rule|Species Clause: Limit one of each Pok\u00e9mon\n|rule|HP Percentage Mod: HP is shown in percentages\n|rule|Sleep Clause Mod: Limit one foe put to sleep\n|rule|Illusion Level Mod: Illusion disguises the Pok\u00e9mon's true level\n|\n|t:|1782828032\n|teamsize|p1|6\n|teamsize|p2|6\n|start\n|switch|p1a: Thundurus|Thundurus-Therian, L80, M|258/258\n|switch|p2a: Meloetta|Meloetta, L82|298/298\n|turn|1\n|\n|t:|1782828083\n|move|p1a: Thundurus|Thunderbolt|p2a: Meloetta\n|-damage|p2a: Meloetta|151/298\n|-status|p2a: Meloetta|par\n|move|p2a: Meloetta|Hyper Voice|p1a: Thundurus\n|-damage|p1a: Thundurus|72/258\n|\n|upkeep\n|turn|2\n|\n|t:|1782828089\n|switch|p2a: Iron Treads|Iron Treads, L77|265/265\n|move|p1a: Thundurus|Thunderbolt|p2a: Iron Treads\n|-immune|p2a: Iron Treads\n|\n|upkeep\n|turn|3\n|\n|t:|1782828112\n|switch|p1a: Braviary|Braviary-Hisui, L85, M|326/326\n|move|p2a: Iron Treads|Volt Switch|p1a: Braviary\n|-supereffective|p1a: Braviary\n|-damage|p1a: Braviary|246/326\n|\n|t:|1782828117\n|-end|p2a: Iron Treads|Quark Drive|[silent]\n|switch|p2a: Dusknoir|Dusknoir, L89, M|225/225|[from] Volt Switch\n|-item|p1a: Braviary|Heavy-Duty Boots|[from] ability: Frisk|[of] p2a: Dusknoir\n|\n|upkeep\n|turn|4\n|\n|t:|1782828132\n|move|p1a: Braviary|Hurricane|p2a: Dusknoir|[miss]\n|-miss|p1a: Braviary|p2a: Dusknoir\n|move|p2a: Dusknoir|Poltergeist|p1a: Braviary|[miss]\n|-miss|p2a: Dusknoir|p1a: Braviary\n|\n|upkeep\n|turn|5\n|\n|t:|1782828135\n|move|p1a: Braviary|Hurricane|p2a: Dusknoir|[miss]\n|-miss|p1a: Braviary|p2a: Dusknoir\n|move|p2a: Dusknoir|Poltergeist|p1a: Braviary\n|-activate|p1a: Braviary|move: Poltergeist|Heavy-Duty Boots\n|-supereffective|p1a: Braviary\n|-damage|p1a: Braviary|0 fnt\n|faint|p1a: Braviary\n|\n|upkeep\n|\n|t:|1782828141\n|switch|p1a: Ambipom|Ambipom, L84, M|263/263\n|turn|6\n|\n|t:|1782828144\n|switch|p2a: Meloetta|Meloetta, L82|151/298 par\n|move|p1a: Ambipom|Knock Off|p2a: Meloetta\n|-supereffective|p2a: Meloetta\n|-damage|p2a: Meloetta|0 fnt\n|-enditem|p2a: Meloetta|Choice Specs|[from] move: Knock Off|[of] p1a: Ambipom\n|faint|p2a: Meloetta\n|\n|upkeep\n|\n|t:|1782828149\n|switch|p2a: Iron Treads|Iron Treads, L77|265/265\n|turn|7\n|\n|t:|1782828168\n|move|p1a: Ambipom|Knock Off|p2a: Iron Treads\n|-damage|p2a: Iron Treads|173/265\n|-enditem|p2a: Iron Treads|Assault Vest|[from] move: Knock Off|[of] p1a: Ambipom\n|move|p2a: Iron Treads|Rapid Spin|p1a: Ambipom\n|-damage|p1a: Ambipom|223/263\n|-boost|p2a: Iron Treads|spe|1\n|\n|upkeep\n|turn|8\n|\n|t:|1782828174\n|switch|p1a: Thundurus|Thundurus-Therian, L80, M|72/258\n|move|p2a: Iron Treads|Iron Head|p1a: Thundurus\n|-resisted|p1a: Thundurus\n|-damage|p1a: Thundurus|27/258\n|\n|upkeep\n|turn|9\n|\n|t:|1782828180\n|move|p2a: Iron Treads|Rapid Spin|p1a: Thundurus\n|-damage|p1a: Thundurus|0 fnt\n|-boost|p2a: Iron Treads|spe|1\n|faint|p1a: Thundurus\n|\n|upkeep\n|\n|t:|1782828186\n|switch|p1a: Ambipom|Ambipom, L84, M|223/263\n|turn|10\n|\n|t:|1782828192\n|move|p2a: Iron Treads|Iron Head|p1a: Ambipom\n|-damage|p1a: Ambipom|130/263\n|move|p1a: Ambipom|Triple Axel|p2a: Iron Treads\n|-damage|p2a: Iron Treads|143/265\n|-damage|p2a: Iron Treads|88/265\n|-damage|p2a: Iron Treads|0 fnt\n|faint|p2a: Iron Treads\n|-end|p2a: Iron Treads|Quark Drive|[silent]\n|-hitcount|p2: Iron Treads|3\n|\n|upkeep\n|\n|t:|1782828197\n|switch|p2a: Beartic|Beartic, L91, F|321/321\n|turn|11\n|\n|t:|1782828202\n|switch|p1a: Spidops|Spidops, L96, M|271/271\n|move|p2a: Beartic|Icicle Crash|p1a: Spidops\n|-damage|p1a: Spidops|115/271\n|\n|upkeep\n|turn|12\n|\n|t:|1782828207\n|move|p2a: Beartic|Icicle Crash|p1a: Spidops\n|-damage|p1a: Spidops|0 fnt\n|faint|p1a: Spidops\n|\n|upkeep\n|\n|t:|1782828214\n|switch|p1a: Iron Crown|Iron Crown, L78|268/268\n|turn|13\n|\n|t:|1782828217\n|switch|p2a: Dusknoir|Dusknoir, L89, M|225/225\n|-item|p1a: Iron Crown|Choice Specs|[from] ability: Frisk|[of] p2a: Dusknoir\n|move|p1a: Iron Crown|Tachyon Cutter|p2a: Dusknoir\n|-damage|p2a: Dusknoir|174/225\n|-damage|p2a: Dusknoir|120/225\n|-hitcount|p2a: Dusknoir|2\n|\n|upkeep\n|turn|14\n|\n|t:|1782828222\n|-terastallize|p1a: Iron Crown|Steel\n|move|p1a: Iron Crown|Tachyon Cutter|p2a: Dusknoir\n|-damage|p2a: Dusknoir|40/225\n|-damage|p2a: Dusknoir|0 fnt\n|faint|p2a: Dusknoir\n|-hitcount|p2: Dusknoir|2\n|\n|upkeep\n|\n|t:|1782828229\n|switch|p2a: Wigglytuff|Wigglytuff, L96, M|424/424\n|turn|15\n|\n|t:|1782828254\n|-end|p1a: Iron Crown|Quark Drive|[silent]\n|switch|p1a: Heatran|Heatran, L79, F|273/273\n|-item|p1a: Heatran|Air Balloon\n|move|p2a: Wigglytuff|Thunder Wave|p1a: Heatran\n|-status|p1a: Heatran|par\n|\n|upkeep\n|turn|16\n|\n|t:|1782828261\n|move|p2a: Wigglytuff|Knock Off|p1a: Heatran\n|-damage|p1a: Heatran|204/273 par\n|-enditem|p1a: Heatran|Air Balloon\n|move|p1a: Heatran|Heavy Slam|p2a: Wigglytuff\n|-supereffective|p2a: Wigglytuff\n|-damage|p2a: Wigglytuff|146/424\n|\n|-heal|p2a: Wigglytuff|172/424|[from] item: Leftovers\n|upkeep\n|turn|17\n|\n|t:|1782828265\n|move|p2a: Wigglytuff|Dazzling Gleam|p1a: Heatran\n|-resisted|p1a: Heatran\n|-damage|p1a: Heatran|181/273 par\n|cant|p1a: Heatran|par\n|\n|-heal|p2a: Wigglytuff|198/424|[from] item: Leftovers\n|upkeep\n|turn|18\n|\n|t:|1782828269\n|move|p2a: Wigglytuff|Dazzling Gleam|p1a: Heatran\n|-resisted|p1a: Heatran\n|-damage|p1a: Heatran|157/273 par\n|move|p1a: Heatran|Stealth Rock|p2a: Wigglytuff\n|-sidestart|p2: marrickchill|move: Stealth Rock\n|\n|-heal|p2a: Wigglytuff|224/424|[from] item: Leftovers\n|upkeep\n|turn|19\n|\n|t:|1782828271\n|move|p2a: Wigglytuff|Dazzling Gleam|p1a: Heatran\n|-resisted|p1a: Heatran\n|-damage|p1a: Heatran|132/273 par\n|move|p1a: Heatran|Heavy Slam|p2a: Wigglytuff\n|-supereffective|p2a: Wigglytuff\n|-damage|p2a: Wigglytuff|0 fnt\n|faint|p2a: Wigglytuff\n|\n|upkeep\n|\n|t:|1782828274\n|switch|p2a: Klawf|Klawf, L90, F|272/272\n|-damage|p2a: Klawf|238/272|[from] Stealth Rock\n|turn|20\n|\n|t:|1782828279\n|move|p2a: Klawf|High Horsepower|p1a: Heatran\n|-supereffective|p1a: Heatran\n|-damage|p1a: Heatran|0 fnt\n|faint|p1a: Heatran\n|\n|upkeep\n|\n|t:|1782828286\n|switch|p1a: Iron Crown|Iron Crown, L78, tera:Steel|268/268\n|turn|21\n|\n|t:|1782828291\n|-terastallize|p2a: Klawf|Dark\n|move|p2a: Klawf|High Horsepower|p1a: Iron Crown\n|-supereffective|p1a: Iron Crown\n|-crit|p1a: Iron Crown\n|-damage|p1a: Iron Crown|16/268\n|move|p1a: Iron Crown|Tachyon Cutter|p2a: Klawf\n|-damage|p2a: Klawf|86/272\n|-damage|p2a: Klawf|0 fnt\n|faint|p2a: Klawf\n|-hitcount|p2: Klawf|2\n|\n|upkeep\n|\n|t:|1782828296\n|switch|p2a: Beartic|Beartic, L91, F|321/321\n|-damage|p2a: Beartic|241/321|[from] Stealth Rock\n|turn|22\n|\n|t:|1782828300\n|move|p2a: Beartic|Aqua Jet|p1a: Iron Crown\n|-damage|p1a: Iron Crown|0 fnt\n|faint|p1a: Iron Crown\n|-end|p1a: Iron Crown|Quark Drive|[silent]\n|\n|upkeep\n|\n|t:|1782828302\n|switch|p1a: Ambipom|Ambipom, L84, M|130/263\n|turn|23\n|\n|t:|1782828305\n|move|p2a: Beartic|Aqua Jet|p1a: Ambipom\n|-damage|p1a: Ambipom|59/263\n|move|p1a: Ambipom|Double-Edge|p2a: Beartic\n|-damage|p2a: Beartic|61/321\n|-damage|p1a: Ambipom|0 fnt|[from] Recoil\n|faint|p1a: Ambipom\n|\n|win|marrickchill\n", "inputlog": ">version f8ac14003a5f27e1bdc8d8c59608a773c1cb96e5\n>start {\"formatid\":\"gen9randombattle\",\"seed\":\"sodium,1c7e6e7894df69a2db11a038ae46a026\",\"rated\":\"Rated battle\"}\n>player p1 {\"name\":\"Alpha Tw\",\"avatar\":\"n\",\"rating\":2093,\"seed\":\"sodium,35968ee8db7ab8a4a87f764ce3d16271\"}\n>player p2 {\"name\":\"marrickchill\",\"avatar\":\"170\",\"rating\":2121,\"seed\":\"sodium,0673b849be24af46d64c8be2c8fd52dc\"}\n>p1 move thunderbolt\n>p2 move hypervoice\n>p1 move thunderbolt\n>p2 switch 2\n>p1 switch 6\n>p2 move voltswitch\n>p2 switch 5\n>p1 move hurricane\n>p2 move poltergeist\n>p1 move hurricane\n>p2 move poltergeist\n>p1 switch 4\n>p1 move knockoff\n>p2 switch 2\n>p2 switch 5\n>p1 move knockoff\n>p2 move rapidspin\n>p1 switch 6\n>p2 move ironhead\n>p1 move grassknot\n>p2 move rapidspin\n>p1 switch 6\n>p1 move tripleaxel\n>p2 move ironhead\n>p2 switch 4\n>p1 switch 5\n>p2 move iciclecrash\n>p1 move stickyweb\n>p2 move iciclecrash\n>p1 switch 3\n>p1 move tachyoncutter\n>p2 switch 2\n>p1 move tachyoncutter terastallize\n>p2 move earthquake\n>p2 switch 3\n>p1 switch 2\n>p2 move thunderwave\n>p1 move heavyslam\n>p2 move knockoff\n>p1 move stealthrock\n>p2 move dazzlinggleam\n>p1 move stealthrock\n>p2 move dazzlinggleam\n>p1 move heavyslam\n>p2 move dazzlinggleam\n>p2 switch 6\n>p1 move earthpower\n>p2 move highhorsepower\n>p1 switch 2\n>p1 move tachyoncutter\n>p2 move highhorsepower terastallize\n>p2 switch 2\n>p1 move tachyoncutter\n>p2 move aquajet\n>p1 switch 5\n>p1 move doubleedge\n>p2 move aquajet", "uploadtime": 1782828034, "views": 5, "formatid": "gen9randombattle", "rating": null, "private": 0, "password": null, "player_dets": [{"name": "Alpha Tw", "avatar": "n", "rating": 2093, "seed": "sodium,35968ee8db7ab8a4a87f764ce3d16271"}, {"name": "marrickchill", "avatar": "170", "rating": 2121, "seed": "sodium,0673b849be24af46d64c8be2c8fd52dc"}], "teams_full": [{"Thundurus": {"name": "Thundurus", "species": "Thundurus-Therian", "speciesId": "thundurustherian", "gender": "M", "shiny": false, "level": 80, "moves": ["grassknot", "sludgewave", "focusblast", "thunderbolt"], "ability": "Volt Absorb", "evs": {"hp": 85, "atk": 0, "def": 85, "spa": 85, "spd": 85, "spe": 85}, "ivs": {"hp": 31, "atk": 0, "def": 31, "spa": 31, "spd": 31, "spe": 31}, "item": "Choice Specs", "teraType": "Poison", "role": "Fast Attacker", "bvs": {"hp": 79, "atk": 105, "def": 70, "spa": 145, "spd": 80, "spe": 101}, "stats": {"hp": 258, "atk": 173, "def": 158, "spa": 278, "spd": 174, "spe": 208}, "types": ["Electric", "Flying"]}, "Heatran": {"name": "Heatran", "species": "Heatran", "speciesId": "heatran", "gender": "F", "shiny": false, "level": 79, "moves": ["stealthrock", "magmastorm", "heavyslam", "earthpower"], "ability": "Flash Fire", "evs": {"hp": 85, "atk": 85, "def": 85, "spa": 85, "spd": 85, "spe": 85}, "ivs": {"hp": 31, "atk": 31, "def": 31, "spa": 31, "spd": 31, "spe": 31}, "item": "Air Balloon", "teraType": "Flying", "role": "Bulky Support", "bvs": {"hp": 91, "atk": 90, "def": 106, "spa": 130, "spd": 106, "spe": 77}, "stats": {"hp": 273, "atk": 188, "def": 213, "spa": 251, "spd": 213, "spe": 167}, "types": ["Fire", "Steel"]}, "Iron Crown": {"name": "Iron Crown", "species": "Iron Crown", "speciesId": "ironcrown", "gender": "N", "shiny": false, "level": 78, "moves": ["tachyoncutter", "focusblast", "voltswitch", "psyshock"], "ability": "Quark Drive", "evs": {"hp": 85, "atk": 0, "def": 85, "spa": 85, "spd": 85, "spe": 85}, "ivs": {"hp": 31, "atk": 0, "def": 31, "spa": 31, "spd": 31, "spe": 31}, "item": "Choice Specs", "teraType": "Steel", "role": "Wallbreaker", "bvs": {"hp": 90, "atk": 72, "def": 100, "spa": 122, "spd": 108, "spe": 98}, "stats": {"hp": 268, "atk": 117, "def": 201, "spa": 235, "spd": 214, "spe": 198}, "types": ["Steel", "Psychic"]}, "Ambipom": {"name": "Ambipom", "species": "Ambipom", "speciesId": "ambipom", "gender": "M", "shiny": false, "level": 84, "moves": ["tripleaxel", "knockoff", "uturn", "doubleedge"], "ability": "Technician", "evs": {"hp": 85, "atk": 85, "def": 85, "spa": 85, "spd": 85, "spe": 85}, "ivs": {"hp": 31, "atk": 31, "def": 31, "spa": 31, "spd": 31, "spe": 31}, "item": "Choice Band", "teraType": "Ice", "role": "Fast Attacker", "bvs": {"hp": 75, "atk": 100, "def": 66, "spa": 60, "spd": 66, "spe": 115}, "stats": {"hp": 263, "atk": 216, "def": 159, "spa": 149, "spd": 159, "spe": 241}, "types": ["Normal"]}, "Spidops": {"name": "Spidops", "species": "Spidops", "speciesId": "spidops", "gender": "M", "shiny": false, "level": 96, "moves": ["knockoff", "stickyweb", "toxicspikes", "circlethrow"], "ability": "Stakeout", "evs": {"hp": 85, "atk": 85, "def": 85, "spa": 85, "spd": 85, "spe": 85}, "ivs": {"hp": 31, "atk": 31, "def": 31, "spa": 31, "spd": 31, "spe": 31}, "item": "Heavy-Duty Boots", "teraType": "Ghost", "role": "Bulky Support", "bvs": {"hp": 60, "atk": 79, "def": 92, "spa": 52, "spd": 86, "spe": 35}, "stats": {"hp": 271, "atk": 206, "def": 231, "spa": 154, "spd": 220, "spe": 122}, "types": ["Bug"]}, "Braviary": {"name": "Braviary", "species": "Braviary-Hisui", "speciesId": "braviaryhisui", "gender": "M", "shiny": false, "level": 85, "moves": ["esperwing", "hurricane", "defog", "roost"], "ability": "Tinted Lens", "evs": {"hp": 85, "atk": 0, "def": 85, "spa": 85, "spd": 85, "spe": 85}, "ivs": {"hp": 31, "atk": 0, "def": 31, "spa": 31, "spd": 31, "spe": 31}, "item": "Heavy-Duty Boots", "teraType": "Steel", "role": "Bulky Attacker", "bvs": {"hp": 110, "atk": 83, "def": 70, "spa": 112, "spd": 70, "spe": 65}, "stats": {"hp": 326, "atk": 146, "def": 168, "spa": 239, "spd": 168, "spe": 159}, "types": ["Psychic", "Flying"]}}, {"Meloetta": {"name": "Meloetta", "species": "Meloetta", "speciesId": "meloetta", "gender": "N", "shiny": false, "level": 82, "moves": ["focusblast", "uturn", "hypervoice", "psyshock"], "ability": "Serene Grace", "evs": {"hp": 85, "atk": 85, "def": 85, "spa": 85, "spd": 85, "spe": 85}, "ivs": {"hp": 31, "atk": 31, "def": 31, "spa": 31, "spd": 31, "spe": 31}, "item": "Choice Specs", "teraType": "Fighting", "role": "Bulky Attacker", "bvs": {"hp": 100, "atk": 77, "def": 77, "spa": 128, "spd": 128, "spe": 90}, "stats": {"hp": 298, "atk": 173, "def": 173, "spa": 257, "spd": 257, "spe": 195}, "types": ["Normal", "Psychic"]}, "Iron Treads": {"name": "Iron Treads", "species": "Iron Treads", "speciesId": "irontreads", "gender": "N", "shiny": false, "level": 77, "moves": ["ironhead", "rapidspin", "earthquake", "voltswitch"], "ability": "Quark Drive", "evs": {"hp": 85, "atk": 85, "def": 85, "spa": 85, "spd": 85, "spe": 85}, "ivs": {"hp": 31, "atk": 31, "def": 31, "spa": 31, "spd": 31, "spe": 31}, "item": "Assault Vest", "teraType": "Dragon", "role": "Bulky Support", "bvs": {"hp": 90, "atk": 112, "def": 120, "spa": 72, "spd": 70, "spe": 106}, "stats": {"hp": 265, "atk": 217, "def": 229, "spa": 155, "spd": 152, "spe": 208}, "types": ["Ground", "Steel"]}, "Wigglytuff": {"name": "Wigglytuff", "species": "Wigglytuff", "speciesId": "wigglytuff", "gender": "M", "shiny": false, "level": 96, "moves": ["thunderwave", "fireblast", "knockoff", "dazzlinggleam"], "ability": "Competitive", "evs": {"hp": 85, "atk": 85, "def": 85, "spa": 85, "spd": 85, "spe": 85}, "ivs": {"hp": 31, "atk": 31, "def": 31, "spa": 31, "spd": 31, "spe": 31}, "item": "Leftovers", "teraType": "Poison", "role": "Bulky Support", "bvs": {"hp": 140, "atk": 70, "def": 45, "spa": 85, "spd": 50, "spe": 45}, "stats": {"hp": 424, "atk": 189, "def": 141, "spa": 218, "spd": 150, "spe": 141}, "types": ["Normal", "Fairy"]}, "Beartic": {"name": "Beartic", "species": "Beartic", "speciesId": "beartic", "gender": "F", "shiny": false, "level": 91, "moves": ["earthquake", "aquajet", "closecombat", "iciclecrash"], "ability": "Swift Swim", "evs": {"hp": 85, "atk": 85, "def": 85, "spa": 85, "spd": 85, "spe": 85}, "ivs": {"hp": 31, "atk": 31, "def": 31, "spa": 31, "spd": 31, "spe": 31}, "item": "Choice Band", "teraType": "Fighting", "role": "Wallbreaker", "bvs": {"hp": 95, "atk": 130, "def": 80, "spa": 70, "spd": 80, "spe": 50}, "stats": {"hp": 321, "atk": 288, "def": 197, "spa": 179, "spd": 197, "spe": 143}, "types": ["Ice"]}, "Dusknoir": {"name": "Dusknoir", "species": "Dusknoir", "speciesId": "dusknoir", "gender": "M", "shiny": false, "level": 89, "moves": ["earthquake", "leechlife", "shadowsneak", "poltergeist"], "ability": "Frisk", "evs": {"hp": 85, "atk": 85, "def": 85, "spa": 85, "spd": 85, "spe": 85}, "ivs": {"hp": 31, "atk": 31, "def": 31, "spa": 31, "spd": 31, "spe": 31}, "item": "Choice Band", "teraType": "Ghost", "role": "Wallbreaker", "bvs": {"hp": 45, "atk": 100, "def": 135, "spa": 65, "spd": 135, "spe": 45}, "stats": {"hp": 225, "atk": 229, "def": 291, "spa": 166, "spd": 291, "spe": 131}, "types": ["Ghost"]}, "Klawf": {"name": "Klawf", "species": "Klawf", "speciesId": "klawf", "gender": "F", "shiny": false, "level": 90, "moves": ["stoneedge", "highhorsepower", "knockoff", "crabhammer"], "ability": "Regenerator", "evs": {"hp": 85, "atk": 85, "def": 85, "spa": 85, "spd": 85, "spe": 85}, "ivs": {"hp": 31, "atk": 31, "def": 31, "spa": 31, "spd": 31, "spe": 31}, "item": "Choice Scarf", "teraType": "Dark", "role": "Fast Attacker", "bvs": {"hp": 70, "atk": 100, "def": 115, "spa": 35, "spd": 55, "spe": 75}, "stats": {"hp": 272, "atk": 231, "def": 258, "spa": 114, "spd": 150, "spe": 186}, "types": ["Rock"]}}]}