{"id": "gen9randombattle-2641430313", "format": "[Gen 9] Random Battle", "players": ["Victory2000", "milkreo"], "log": "|badge|p2|silver|gen9randombattle|30-9\n|html|<div class=\"broadcast-red\"><strong>This battle is required to be public due to one or more player having a season medal.</strong><br />During the public phase, you can discuss the state of the ladder <a href=\"/seasondiscussion\">in a special chatroom.</a></div>\n|uhtml|medal-msg|<div class=\"broadcast-blue\">Curious what those medals under the avatar are? PS now has Ladder Seasons! For more information, check out the <a href=\"https://www.smogon.com/forums/threads/3740067/\">thread on Smogon.</a></div>\n|j|\u2606Victory2000\n|j|\u2606milkreo\n|t:|1782783611\n|gametype|singles\n|player|p1|Victory2000|hiker-gen4|2200\n|player|p2|milkreo|1|2404\n|gen|9\n|tier|[Gen 9] Random Battle\n|rated|\n|rule|Species Clause: Limit one of each Pok\u00e9mon\n|rule|HP Percentage Mod: HP is shown in percentages\n|rule|Sleep Clause Mod: Limit one foe put to sleep\n|rule|Illusion Level Mod: Illusion disguises the Pok\u00e9mon's true level\n|\n|t:|1782783611\n|teamsize|p1|6\n|teamsize|p2|6\n|start\n|switch|p1a: Maushold|Maushold-Four, L76|238/238\n|switch|p2a: Ting-Lu|Ting-Lu, L78|370/370\n|-ability|p2a: Ting-Lu|Vessel of Ruin\n|turn|1\n|\n|t:|1782783626\n|switch|p2a: Necrozma|Necrozma-Dusk-Mane, L69|248/248\n|move|p1a: Maushold|Population Bomb|p2a: Necrozma\n|-resisted|p2a: Necrozma\n|-damage|p2a: Necrozma|238/248\n|-resisted|p2a: Necrozma\n|-damage|p2a: Necrozma|228/248\n|-resisted|p2a: Necrozma\n|-damage|p2a: Necrozma|217/248\n|-resisted|p2a: Necrozma\n|-damage|p2a: Necrozma|206/248\n|-resisted|p2a: Necrozma\n|-damage|p2a: Necrozma|196/248\n|-resisted|p2a: Necrozma\n|-damage|p2a: Necrozma|186/248\n|-resisted|p2a: Necrozma\n|-damage|p2a: Necrozma|177/248\n|-resisted|p2a: Necrozma\n|-damage|p2a: Necrozma|166/248\n|-resisted|p2a: Necrozma\n|-damage|p2a: Necrozma|155/248\n|-resisted|p2a: Necrozma\n|-damage|p2a: Necrozma|145/248\n|-hitcount|p2a: Necrozma|10\n|\n|upkeep\n|turn|2\n|\n|t:|1782783639\n|switch|p1a: Luxray|Luxray, L88, F|284/284\n|-ability|p1a: Luxray|Intimidate|boost\n|-unboost|p2a: Necrozma|atk|1\n|move|p2a: Necrozma|Sunsteel Strike|p1a: Luxray\n|-resisted|p1a: Luxray\n|-damage|p1a: Luxray|244/284\n|\n|upkeep\n|turn|3\n|\n|t:|1782783650\n|switch|p1a: Ludicolo|Ludicolo, L90, F|290/290\n|move|p2a: Necrozma|Morning Sun|p2a: Necrozma\n|-heal|p2a: Necrozma|248/248\n|\n|upkeep\n|turn|4\n|\n|t:|1782783656\n|switch|p2a: Lurantis|Lurantis, L87, M|264/264\n|move|p1a: Ludicolo|Hydro Pump|p2a: Lurantis|[miss]\n|-miss|p1a: Ludicolo|p2a: Lurantis\n|\n|upkeep\n|turn|5\n|\n|t:|1782783664\n|switch|p1a: Grafaiai|Grafaiai, L86, M|249/249\n|move|p2a: Lurantis|Leaf Storm|p1a: Grafaiai\n|-resisted|p1a: Grafaiai\n|-damage|p1a: Grafaiai|204/249\n|-boost|p2a: Lurantis|spa|2\n|\n|upkeep\n|turn|6\n|\n|t:|1782783671\n|switch|p2a: Ting-Lu|Ting-Lu, L78|370/370\n|-ability|p2a: Ting-Lu|Vessel of Ruin\n|move|p1a: Grafaiai|U-turn|p2a: Ting-Lu\n|-supereffective|p2a: Ting-Lu\n|-damage|p2a: Ting-Lu|280/370\n|-status|p2a: Ting-Lu|psn|[from] ability: Poison Touch|[of] p1a: Grafaiai\n|\n|t:|1782783687\n|switch|p1a: Maushold|Maushold-Four, L76|238/238|[from] U-turn\n|\n|-heal|p2a: Ting-Lu|303/370 psn|[from] item: Leftovers\n|-damage|p2a: Ting-Lu|257/370 psn|[from] psn\n|upkeep\n|turn|7\n|\n|t:|1782783691\n|move|p1a: Maushold|Population Bomb|p2a: Ting-Lu\n|-damage|p2a: Ting-Lu|238/370 psn\n|-crit|p2a: Ting-Lu\n|-damage|p2a: Ting-Lu|207/370 psn\n|-damage|p2a: Ting-Lu|189/370 psn\n|-damage|p2a: Ting-Lu|171/370 psn\n|-damage|p2a: Ting-Lu|153/370 psn\n|-damage|p2a: Ting-Lu|134/370 psn\n|-damage|p2a: Ting-Lu|115/370 psn\n|-damage|p2a: Ting-Lu|94/370 psn\n|-damage|p2a: Ting-Lu|75/370 psn\n|-damage|p2a: Ting-Lu|57/370 psn\n|-hitcount|p2a: Ting-Lu|10\n|move|p2a: Ting-Lu|Earthquake|p1a: Maushold\n|-damage|p1a: Maushold|105/238\n|\n|-heal|p2a: Ting-Lu|80/370 psn|[from] item: Leftovers\n|-damage|p2a: Ting-Lu|34/370 psn|[from] psn\n|upkeep\n|turn|8\n|\n|t:|1782783700\n|move|p1a: Maushold|Population Bomb|p2a: Ting-Lu\n|-damage|p2a: Ting-Lu|15/370 psn\n|-damage|p2a: Ting-Lu|0 fnt\n|faint|p2a: Ting-Lu\n|-hitcount|p2: Ting-Lu|2\n|\n|upkeep\n|\n|t:|1782783702\n|switch|p2a: Plusle|Plusle, L95, F|268/268\n|turn|9\n|\n|t:|1782783718\n|switch|p1a: Luxray|Luxray, L88, F|244/284\n|-ability|p1a: Luxray|Intimidate|boost\n|-unboost|p2a: Plusle|atk|1\n|move|p2a: Plusle|Thunderbolt|p1a: Luxray\n|-resisted|p1a: Luxray\n|-damage|p1a: Luxray|196/284\n|-damage|p2a: Plusle|242/268|[from] item: Life Orb\n|\n|upkeep\n|turn|10\n|\n|t:|1782783723\n|switch|p2a: Lurantis|Lurantis, L87, M|264/264\n|move|p1a: Luxray|Volt Switch|p2a: Lurantis\n|-resisted|p2a: Lurantis\n|-damage|p2a: Lurantis|229/264\n|\n|t:|1782783728\n|switch|p1a: Grafaiai|Grafaiai, L86, M|204/249|[from] Volt Switch\n|\n|-heal|p2a: Lurantis|245/264|[from] item: Leftovers\n|upkeep\n|turn|11\n|\n|t:|1782783736\n|switch|p2a: Necrozma|Necrozma-Dusk-Mane, L69|248/248\n|move|p1a: Grafaiai|Knock Off|p2a: Necrozma\n|-supereffective|p2a: Necrozma\n|-damage|p2a: Necrozma|152/248\n|-enditem|p2a: Necrozma|Weakness Policy\n|-boost|p2a: Necrozma|atk|2|[from] item: Weakness Policy\n|-boost|p2a: Necrozma|spa|2|[from] item: Weakness Policy\n|\n|upkeep\n|turn|12\n|\n|t:|1782783742\n|move|p1a: Grafaiai|U-turn|p2a: Necrozma\n|-damage|p2a: Necrozma|108/248\n|\n|t:|1782783760\n|switch|p1a: Ludicolo|Ludicolo, L90, F|290/290|[from] U-turn\n|move|p2a: Necrozma|Dragon Dance|p2a: Necrozma\n|-boost|p2a: Necrozma|atk|1\n|-boost|p2a: Necrozma|spe|1\n|\n|upkeep\n|turn|13\n|\n|t:|1782783769\n|move|p2a: Necrozma|Morning Sun|p2a: Necrozma\n|-heal|p2a: Necrozma|232/248\n|move|p1a: Ludicolo|Hydro Pump|p2a: Necrozma\n|-damage|p2a: Necrozma|33/248\n|\n|upkeep\n|turn|14\n|\n|t:|1782783789\n|move|p2a: Necrozma|Sunsteel Strike|p1a: Ludicolo\n|-resisted|p1a: Ludicolo\n|-damage|p1a: Ludicolo|137/290\n|move|p1a: Ludicolo|Hydro Pump|p2a: Necrozma\n|-damage|p2a: Necrozma|0 fnt\n|faint|p2a: Necrozma\n|\n|upkeep\n|\n|t:|1782783796\n|switch|p2a: Lurantis|Lurantis, L87, M|245/264\n|turn|15\n|\n|t:|1782783803\n|switch|p1a: Grafaiai|Grafaiai, L86, M|204/249\n|move|p2a: Lurantis|Superpower|p1a: Grafaiai\n|-damage|p1a: Grafaiai|81/249\n|-boost|p2a: Lurantis|atk|1\n|-boost|p2a: Lurantis|def|1\n|\n|-heal|p2a: Lurantis|261/264|[from] item: Leftovers\n|upkeep\n|turn|16\n|\n|t:|1782783826\n|switch|p2a: Eiscue|Eiscue, L88, M|274/274\n|move|p1a: Grafaiai|Super Fang|p2a: Eiscue\n|-activate|p2a: Eiscue|ability: Ice Face\n|-damage|p2a: Eiscue|274/274\n|detailschange|p2a: Eiscue|Eiscue-Noice, L88, M\n|\n|upkeep\n|turn|17\n|\n|t:|1782783845\n|move|p2a: Eiscue|Belly Drum|p2a: Eiscue\n|-damage|p2a: Eiscue|137/274\n|-setboost|p2a: Eiscue|atk|6|[from] move: Belly Drum\n|-enditem|p2a: Eiscue|Sitrus Berry|[eat]\n|-heal|p2a: Eiscue|205/274|[from] item: Sitrus Berry\n|move|p1a: Grafaiai|U-turn|p2a: Eiscue\n|-damage|p2a: Eiscue|149/274\n|-status|p2a: Eiscue|psn|[from] ability: Poison Touch|[of] p1a: Grafaiai\n|\n|t:|1782783854\n|switch|p1a: Clawitzer|Clawitzer, L87, F|265/265|[from] U-turn\n|\n|-damage|p2a: Eiscue|115/274 psn|[from] psn\n|upkeep\n|turn|18\n|\n|t:|1782783860\n|switch|p1a: Luxray|Luxray, L88, F|196/284\n|-ability|p1a: Luxray|Intimidate|boost\n|-unboost|p2a: Eiscue|atk|1\n|move|p2a: Eiscue|Zen Headbutt|p1a: Luxray\n|-damage|p1a: Luxray|9/284\n|\n|-damage|p2a: Eiscue|81/274 psn|[from] psn\n|upkeep\n|turn|19\n|\n|t:|1782783867\n|move|p2a: Eiscue|Ice Spinner|p1a: Luxray\n|-damage|p1a: Luxray|0 fnt\n|faint|p1a: Luxray\n|\n|-damage|p2a: Eiscue|47/274 psn|[from] psn\n|upkeep\n|\n|t:|1782783871\n|switch|p1a: Clawitzer|Clawitzer, L87, F|265/265\n|turn|20\n|\n|t:|1782783877\n|move|p2a: Eiscue|Zen Headbutt|p1a: Clawitzer|[miss]\n|-miss|p2a: Eiscue|p1a: Clawitzer\n|move|p1a: Clawitzer|Dragon Pulse|p2a: Eiscue\n|-crit|p2a: Eiscue\n|-damage|p2a: Eiscue|0 fnt\n|faint|p2a: Eiscue\n|\n|upkeep\n|\n|t:|1782783900\n|switch|p2a: Reuniclus|Reuniclus, L88, M|337/337\n|turn|21\n|\n|t:|1782783910\n|move|p1a: Clawitzer|Dark Pulse|p2a: Reuniclus\n|-supereffective|p2a: Reuniclus\n|-damage|p2a: Reuniclus|115/337\n|move|p2a: Reuniclus|Calm Mind|p2a: Reuniclus\n|-boost|p2a: Reuniclus|spa|1\n|-boost|p2a: Reuniclus|spd|1\n|\n|upkeep\n|turn|22\n|\n|t:|1782783920\n|-terastallize|p2a: Reuniclus|Steel\n|move|p1a: Clawitzer|Dark Pulse|p2a: Reuniclus\n|-damage|p2a: Reuniclus|50/337\n|move|p2a: Reuniclus|Recover|p2a: Reuniclus\n|-heal|p2a: Reuniclus|219/337\n|\n|upkeep\n|turn|23\n|\n|t:|1782783925\n|move|p1a: Clawitzer|U-turn|p2a: Reuniclus\n|-resisted|p2a: Reuniclus\n|-damage|p2a: Reuniclus|197/337\n|\n|t:|1782783944\n|switch|p1a: Ludicolo|Ludicolo, L90, F|137/290|[from] U-turn\n|move|p2a: Reuniclus|Psychic|p1a: Ludicolo\n|-damage|p1a: Ludicolo|0 fnt\n|faint|p1a: Ludicolo\n|\n|upkeep\n|\n|t:|1782783950\n|switch|p1a: Falinks|Falinks, L84|246/246\n|turn|24\n|\n|t:|1782783955\n|move|p1a: Falinks|Close Combat|p2a: Reuniclus\n|-supereffective|p2a: Reuniclus\n|-damage|p2a: Reuniclus|0 fnt\n|-unboost|p1a: Falinks|def|1\n|-unboost|p1a: Falinks|spd|1\n|faint|p2a: Reuniclus\n|-damage|p1a: Falinks|222/246|[from] item: Life Orb\n|\n|upkeep\n|\n|t:|1782783978\n|switch|p2a: Plusle|Plusle, L95, F|242/268\n|turn|25\n|\n|t:|1782783989\n|move|p2a: Plusle|Thunderbolt|p1a: Falinks\n|-damage|p1a: Falinks|0 fnt\n|faint|p1a: Falinks\n|-damage|p2a: Plusle|216/268|[from] item: Life Orb\n|\n|upkeep\n|\n|t:|1782784008\n|switch|p1a: Clawitzer|Clawitzer, L87, F|265/265\n|turn|26\n|\n|t:|1782784014\n|-terastallize|p1a: Clawitzer|Dragon\n|move|p2a: Plusle|Nasty Plot|p2a: Plusle\n|-boost|p2a: Plusle|spa|2\n|move|p1a: Clawitzer|Dragon Pulse|p2a: Plusle\n|-damage|p2a: Plusle|50/268\n|\n|upkeep\n|turn|27\n|\n|t:|1782784037\n|move|p2a: Plusle|Alluring Voice|p1a: Clawitzer\n|-supereffective|p1a: Clawitzer\n|-damage|p1a: Clawitzer|34/265\n|-damage|p2a: Plusle|24/268|[from] item: Life Orb\n|move|p1a: Clawitzer|Dragon Pulse|p2a: Plusle\n|-damage|p2a: Plusle|0 fnt\n|faint|p2a: Plusle\n|\n|upkeep\n|\n|t:|1782784039\n|switch|p2a: Lurantis|Lurantis, L87, M|261/264\n|turn|28\n|\n|t:|1782784043\n|move|p1a: Clawitzer|Dragon Pulse|p2a: Lurantis\n|-damage|p2a: Lurantis|101/264\n|move|p2a: Lurantis|Superpower|p1a: Clawitzer\n|-damage|p1a: Clawitzer|0 fnt\n|-boost|p2a: Lurantis|atk|1\n|-boost|p2a: Lurantis|def|1\n|faint|p1a: Clawitzer\n|\n|-heal|p2a: Lurantis|117/264|[from] item: Leftovers\n|upkeep\n|\n|t:|1782784055\n|switch|p1a: Grafaiai|Grafaiai, L86, M|81/249\n|turn|29\n|\n|t:|1782784059\n|move|p1a: Grafaiai|Gunk Shot|p2a: Lurantis|[miss]\n|-miss|p1a: Grafaiai|p2a: Lurantis\n|move|p2a: Lurantis|Superpower|p1a: Grafaiai\n|-damage|p1a: Grafaiai|0 fnt\n|-boost|p2a: Lurantis|atk|1\n|-boost|p2a: Lurantis|def|1\n|faint|p1a: Grafaiai\n|\n|-heal|p2a: Lurantis|133/264|[from] item: Leftovers\n|upkeep\n|\n|t:|1782784060\n|switch|p1a: Maushold|Maushold-Four, L76|105/238\n|turn|30\n|\n|t:|1782784064\n|move|p1a: Maushold|Population Bomb|p2a: Lurantis\n|-damage|p2a: Lurantis|123/264\n|-damage|p2a: Lurantis|111/264\n|-crit|p2a: Lurantis\n|-damage|p2a: Lurantis|77/264\n|-damage|p2a: Lurantis|67/264\n|-damage|p2a: Lurantis|55/264\n|-damage|p2a: Lurantis|42/264\n|-damage|p2a: Lurantis|30/264\n|-damage|p2a: Lurantis|18/264\n|-damage|p2a: Lurantis|5/264\n|-damage|p2a: Lurantis|0 fnt\n|faint|p2a: Lurantis\n|-hitcount|p2: Lurantis|10\n|\n|win|Victory2000\n", "inputlog": ">version f8ac14003a5f27e1bdc8d8c59608a773c1cb96e5\n>start {\"formatid\":\"gen9randombattle\",\"seed\":\"sodium,75a785f71ba644fabd8b244c15fde3d7\",\"rated\":\"Rated battle\"}\n>player p1 {\"name\":\"Victory2000\",\"avatar\":\"hiker-gen4\",\"rating\":2200,\"seed\":\"sodium,2ac40d4c8b4e29bd992bf7c1f3c33b5d\"}\n>player p2 {\"name\":\"milkreo\",\"avatar\":\"1\",\"rating\":2404,\"seed\":\"sodium,9ee4ecdb947a3b3acd4e8064be98d808\"}\n>p1 move populationbomb\n>p2 switch 3\n>p1 switch 6\n>p2 move sunsteelstrike\n>p1 switch 3\n>p2 move morningsun\n>p1 move hydropump\n>p2 switch 4\n>p1 switch 5\n>p2 move leafstorm\n>p1 move uturn\n>p2 switch 3\n>p1 switch 6\n>p1 move populationbomb\n>p2 move earthquake\n>p1 move populationbomb\n>p2 move earthquake\n>p2 switch 6\n>p1 switch 3\n>p2 move thunderbolt\n>p1 move voltswitch\n>p2 switch 3\n>p1 switch 6\n>p1 move knockoff\n>p2 switch 4\n>p1 move uturn\n>p2 move dragondance\n>p1 switch 5\n>p1 move hydropump\n>p2 move morningsun\n>p1 move hydropump\n>p2 move sunsteelstrike\n>p2 switch 4\n>p1 switch 5\n>p2 move superpower\n>p1 move superfang\n>p2 switch 5\n>p1 move uturn\n>p2 move bellydrum\n>p1 switch 4\n>p1 switch 6\n>p2 move zenheadbutt\n>p1 move voltswitch\n>p2 move icespinner\n>p1 switch 6\n>p1 move dragonpulse\n>p2 move zenheadbutt\n>p2 switch 2\n>p1 move darkpulse\n>p2 move calmmind\n>p1 move darkpulse\n>p2 move recover terastallize\n>p1 move uturn\n>p2 move psychic\n>p1 switch 5\n>p1 switch 2\n>p1 move closecombat\n>p2 move psychic\n>p2 switch 3\n>p1 move noretreat\n>p2 move thunderbolt\n>p1 switch 5\n>p1 move dragonpulse terastallize\n>p2 move nastyplot\n>p1 move dragonpulse\n>p2 move alluringvoice\n>p2 switch 5\n>p1 move dragonpulse\n>p2 move superpower\n>p1 switch 4\n>p1 move gunkshot\n>p2 move superpower\n>p1 switch 3\n>p1 move populationbomb\n>p2 move superpower", "uploadtime": 1782783614, "views": 4, "formatid": "gen9randombattle", "rating": null, "private": 0, "password": null, "player_dets": [{"name": "Victory2000", "avatar": "hiker-gen4", "rating": 2200, "seed": "sodium,2ac40d4c8b4e29bd992bf7c1f3c33b5d"}, {"name": "milkreo", "avatar": "1", "rating": 2404, "seed": "sodium,9ee4ecdb947a3b3acd4e8064be98d808"}], "teams_full": [{"Maushold": {"name": "Maushold", "species": "Maushold-Four", "speciesId": "maushold", "gender": "N", "shiny": false, "level": 76, "moves": ["tidyup", "populationbomb", "encore", "bite"], "ability": "Technician", "evs": {"hp": 85, "atk": 85, "def": 85, "spa": 85, "spd": 85, "spe": 85}, "ivs": {"hp": 31, "atk": 31, "def": 31, "spa": 31, "spd": 31, "spe": 31}, "item": "Wide Lens", "teraType": "Ghost", "role": "Setup Sweeper", "bvs": {"hp": 74, "atk": 75, "def": 70, "spa": 65, "spd": 75, "spe": 111}, "stats": {"hp": 238, "atk": 158, "def": 150, "spa": 143, "spd": 158, "spe": 213}, "types": ["Normal"]}, "Falinks": {"name": "Falinks", "species": "Falinks", "speciesId": "falinks", "gender": "N", "shiny": false, "level": 84, "moves": ["knockoff", "closecombat", "noretreat", "ironhead"], "ability": "Defiant", "evs": {"hp": 85, "atk": 85, "def": 85, "spa": 85, "spd": 85, "spe": 85}, "ivs": {"hp": 31, "atk": 31, "def": 31, "spa": 31, "spd": 31, "spe": 31}, "item": "Life Orb", "teraType": "Dark", "role": "Setup Sweeper", "bvs": {"hp": 65, "atk": 100, "def": 100, "spa": 70, "spd": 60, "spe": 75}, "stats": {"hp": 246, "atk": 216, "def": 216, "spa": 166, "spd": 149, "spe": 174}, "types": ["Fighting"]}, "Ludicolo": {"name": "Ludicolo", "species": "Ludicolo", "speciesId": "ludicolo", "gender": "F", "shiny": false, "level": 90, "moves": ["hydropump", "icebeam", "gigadrain", "leafstorm"], "ability": "Swift Swim", "evs": {"hp": 85, "atk": 0, "def": 85, "spa": 85, "spd": 85, "spe": 85}, "ivs": {"hp": 31, "atk": 0, "def": 31, "spa": 31, "spd": 31, "spe": 31}, "item": "Choice Specs", "teraType": "Water", "role": "Fast Attacker", "bvs": {"hp": 80, "atk": 70, "def": 70, "spa": 90, "spd": 100, "spe": 70}, "stats": {"hp": 290, "atk": 131, "def": 177, "spa": 213, "spd": 231, "spe": 177}, "types": ["Water", "Grass"]}, "Clawitzer": {"name": "Clawitzer", "species": "Clawitzer", "speciesId": "clawitzer", "gender": "F", "shiny": false, "level": 87, "moves": ["waterpulse", "dragonpulse", "darkpulse", "uturn"], "ability": "Mega Launcher", "evs": {"hp": 85, "atk": 85, "def": 85, "spa": 85, "spd": 85, "spe": 85}, "ivs": {"hp": 31, "atk": 31, "def": 31, "spa": 31, "spd": 31, "spe": 31}, "item": "Assault Vest", "teraType": "Dragon", "role": "AV Pivot", "bvs": {"hp": 71, "atk": 73, "def": 88, "spa": 120, "spd": 89, "spe": 59}, "stats": {"hp": 265, "atk": 177, "def": 203, "spa": 259, "spd": 205, "spe": 152}, "types": ["Water"]}, "Grafaiai": {"name": "Grafaiai", "species": "Grafaiai", "speciesId": "grafaiai", "gender": "M", "shiny": false, "level": 86, "moves": ["superfang", "uturn", "gunkshot", "knockoff"], "ability": "Poison Touch", "evs": {"hp": 85, "atk": 85, "def": 85, "spa": 85, "spd": 85, "spe": 85}, "ivs": {"hp": 31, "atk": 31, "def": 31, "spa": 31, "spd": 31, "spe": 31}, "item": "Assault Vest", "teraType": "Dark", "role": "AV Pivot", "bvs": {"hp": 63, "atk": 95, "def": 65, "spa": 80, "spd": 72, "spe": 110}, "stats": {"hp": 249, "atk": 213, "def": 161, "spa": 187, "spd": 173, "spe": 238}, "types": ["Poison", "Normal"]}, "Luxray": {"name": "Luxray", "species": "Luxray", "speciesId": "luxray", "gender": "F", "shiny": false, "level": 88, "moves": ["throatchop", "playrough", "voltswitch", "wildcharge"], "ability": "Intimidate", "evs": {"hp": 85, "atk": 85, "def": 85, "spa": 85, "spd": 85, "spe": 85}, "ivs": {"hp": 31, "atk": 31, "def": 31, "spa": 31, "spd": 31, "spe": 31}, "item": "Assault Vest", "teraType": "Electric", "role": "AV Pivot", "bvs": {"hp": 80, "atk": 120, "def": 79, "spa": 95, "spd": 79, "spe": 70}, "stats": {"hp": 284, "atk": 261, "def": 189, "spa": 217, "spd": 189, "spe": 173}, "types": ["Electric"]}}, {"Ting-Lu": {"name": "Ting-Lu", "species": "Ting-Lu", "speciesId": "tinglu", "gender": "N", "shiny": false, "level": 78, "moves": ["throatchop", "earthquake", "spikes", "stealthrock"], "ability": "Vessel of Ruin", "evs": {"hp": 85, "atk": 85, "def": 85, "spa": 85, "spd": 85, "spe": 85}, "ivs": {"hp": 31, "atk": 31, "def": 31, "spa": 31, "spd": 31, "spe": 31}, "item": "Leftovers", "teraType": "Ghost", "role": "Bulky Support", "bvs": {"hp": 155, "atk": 110, "def": 125, "spa": 55, "spd": 80, "spe": 45}, "stats": {"hp": 370, "atk": 217, "def": 240, "spa": 131, "spd": 170, "spe": 115}, "types": ["Dark", "Ground"]}, "Reuniclus": {"name": "Reuniclus", "species": "Reuniclus", "speciesId": "reuniclus", "gender": "M", "shiny": false, "level": 88, "moves": ["calmmind", "psychic", "focusblast", "recover"], "ability": "Magic Guard", "evs": {"hp": 85, "atk": 0, "def": 85, "spa": 85, "spd": 85, "spe": 85}, "ivs": {"hp": 31, "atk": 0, "def": 31, "spa": 31, "spd": 31, "spe": 31}, "item": "Life Orb", "teraType": "Steel", "role": "Bulky Setup", "bvs": {"hp": 110, "atk": 65, "def": 75, "spa": 125, "spd": 85, "spe": 30}, "stats": {"hp": 337, "atk": 119, "def": 182, "spa": 270, "spd": 200, "spe": 103}, "types": ["Psychic"]}, "Necrozma": {"name": "Necrozma", "species": "Necrozma-Dusk-Mane", "speciesId": "necrozmaduskmane", "gender": "N", "shiny": false, "level": 69, "moves": ["sunsteelstrike", "morningsun", "earthquake", "dragondance"], "ability": "Prism Armor", "evs": {"hp": 85, "atk": 85, "def": 85, "spa": 85, "spd": 85, "spe": 85}, "ivs": {"hp": 31, "atk": 31, "def": 31, "spa": 31, "spd": 31, "spe": 31}, "item": "Weakness Policy", "teraType": "Water", "role": "Bulky Setup", "bvs": {"hp": 97, "atk": 157, "def": 127, "spa": 113, "spd": 109, "spe": 77}, "stats": {"hp": 248, "atk": 257, "def": 216, "spa": 196, "spd": 191, "spe": 147}, "types": ["Psychic", "Steel"]}, "Lurantis": {"name": "Lurantis", "species": "Lurantis", "speciesId": "lurantis", "gender": "M", "shiny": false, "level": 87, "moves": ["superpower", "defog", "leafstorm", "synthesis"], "ability": "Contrary", "evs": {"hp": 85, "atk": 85, "def": 85, "spa": 85, "spd": 85, "spe": 85}, "ivs": {"hp": 31, "atk": 31, "def": 31, "spa": 31, "spd": 31, "spe": 31}, "item": "Leftovers", "teraType": "Fighting", "role": "Bulky Attacker", "bvs": {"hp": 70, "atk": 105, "def": 90, "spa": 80, "spd": 90, "spe": 45}, "stats": {"hp": 264, "atk": 232, "def": 206, "spa": 189, "spd": 206, "spe": 128}, "types": ["Grass"]}, "Eiscue": {"name": "Eiscue", "species": "Eiscue", "speciesId": "eiscue", "gender": "M", "shiny": false, "level": 88, "moves": ["icespinner", "liquidation", "zenheadbutt", "bellydrum"], "ability": "Ice Face", "evs": {"hp": 81, "atk": 85, "def": 85, "spa": 85, "spd": 85, "spe": 85}, "ivs": {"hp": 31, "atk": 31, "def": 31, "spa": 31, "spd": 31, "spe": 31}, "item": "Sitrus Berry", "teraType": "Water", "role": "Setup Sweeper", "bvs": {"hp": 75, "atk": 80, "def": 110, "spa": 65, "spd": 90, "spe": 50}, "stats": {"hp": 274, "atk": 191, "def": 244, "spa": 165, "spd": 209, "spe": 138}, "types": ["Ice"]}, "Plusle": {"name": "Plusle", "species": "Plusle", "speciesId": "plusle", "gender": "F", "shiny": false, "level": 95, "moves": ["nastyplot", "thunderbolt", "grassknot", "alluringvoice"], "ability": "Lightning Rod", "evs": {"hp": 85, "atk": 0, "def": 85, "spa": 85, "spd": 85, "spe": 85}, "ivs": {"hp": 31, "atk": 0, "def": 31, "spa": 31, "spd": 31, "spe": 31}, "item": "Life Orb", "teraType": "Grass", "role": "Setup Sweeper", "bvs": {"hp": 60, "atk": 50, "def": 40, "spa": 85, "spd": 75, "spe": 95}, "stats": {"hp": 268, "atk": 100, "def": 130, "spa": 215, "spd": 196, "spe": 234}, "types": ["Electric"]}}]}