{"id": "gen9randombattle-2641192588", "format": "[Gen 9] Random Battle", "players": ["DododudeDM", "LarryPidgeot"], "log": "|j|\u2606DododudeDM\n|j|\u2606LarryPidgeot\n|t:|1782751839\n|gametype|singles\n|player|p1|DododudeDM|101|1942\n|player|p2|LarryPidgeot|101|1915\n|gen|9\n|tier|[Gen 9] Random Battle\n|rated|\n|rule|Species Clause: Limit one of each Pok\u00e9mon\n|rule|HP Percentage Mod: HP is shown in percentages\n|rule|Sleep Clause Mod: Limit one foe put to sleep\n|rule|Illusion Level Mod: Illusion disguises the Pok\u00e9mon's true level\n|\n|t:|1782751839\n|teamsize|p1|6\n|teamsize|p2|6\n|start\n|switch|p1a: Umbreon|Umbreon, L84, F|297/297\n|switch|p2a: Qwilfish|Qwilfish-Hisui, L83, M|244/244\n|-ability|p2a: Qwilfish|Intimidate|boost\n|-unboost|p1a: Umbreon|atk|1\n|turn|1\n|inactive|Battle timer is ON: inactive players will automatically lose when time's up. (requested by LarryPidgeot)\n|\n|t:|1782751873\n|switch|p1a: Munkidori|Munkidori, L79, M|269/269\n|move|p2a: Qwilfish|Toxic Spikes|p1a: Munkidori\n|-sidestart|p1: DododudeDM|move: Toxic Spikes\n|\n|upkeep\n|turn|2\n|\n|t:|1782751903\n|move|p1a: Munkidori|Fake Out|p2a: Qwilfish\n|-damage|p2a: Qwilfish|227/244\n|cant|p2a: Qwilfish|flinch\n|\n|upkeep\n|turn|3\n|\n|t:|1782751907\n|move|p1a: Munkidori|U-turn|p2a: Qwilfish\n|-damage|p2a: Qwilfish|200/244\n|\n|t:|1782751910\n|switch|p1a: Vileplume|Vileplume, L85, F|266/266|[from] U-turn\n|-sideend|p1: DododudeDM|move: Toxic Spikes|[of] p1a: Vileplume\n|move|p2a: Qwilfish|Crunch|p1a: Vileplume\n|-damage|p1a: Vileplume|182/266\n|\n|-heal|p1a: Vileplume|198/266|[from] item: Leftovers\n|upkeep\n|turn|4\n|\n|t:|1782751915\n|move|p2a: Qwilfish|Taunt|p1a: Vileplume\n|-start|p1a: Vileplume|move: Taunt\n|cant|p1a: Vileplume|move: Taunt|Sleep Powder\n|\n|-heal|p1a: Vileplume|214/266|[from] item: Leftovers\n|upkeep\n|turn|5\n|\n|t:|1782751921\n|switch|p2a: Oranguru|Oranguru, L92, F|315/315\n|move|p1a: Vileplume|Sludge Bomb|p2a: Oranguru\n|-damage|p2a: Oranguru|230/315\n|\n|-heal|p2a: Oranguru|249/315|[from] item: Leftovers\n|-heal|p1a: Vileplume|230/266|[from] item: Leftovers\n|upkeep\n|turn|6\n|\n|t:|1782751931\n|switch|p1a: Umbreon|Umbreon, L84, F|297/297\n|move|p2a: Oranguru|Nasty Plot|p2a: Oranguru\n|-boost|p2a: Oranguru|spa|2\n|\n|-heal|p2a: Oranguru|268/315|[from] item: Leftovers\n|upkeep\n|turn|7\n|\n|t:|1782751938\n|move|p2a: Oranguru|Focus Blast|p1a: Umbreon\n|-supereffective|p1a: Umbreon\n|-damage|p1a: Umbreon|13/297\n|move|p1a: Umbreon|Toxic|p2a: Oranguru\n|-status|p2a: Oranguru|tox\n|\n|-heal|p2a: Oranguru|287/315 tox|[from] item: Leftovers\n|-heal|p1a: Umbreon|31/297|[from] item: Leftovers\n|-damage|p2a: Oranguru|268/315 tox|[from] psn\n|upkeep\n|turn|8\n|\n|t:|1782751945\n|move|p1a: Umbreon|Protect|p1a: Umbreon\n|-singleturn|p1a: Umbreon|Protect\n|move|p2a: Oranguru|Nasty Plot|p2a: Oranguru\n|-boost|p2a: Oranguru|spa|2\n|\n|-heal|p2a: Oranguru|287/315 tox|[from] item: Leftovers\n|-heal|p1a: Umbreon|49/297|[from] item: Leftovers\n|-damage|p2a: Oranguru|249/315 tox|[from] psn\n|upkeep\n|turn|9\n|\n|t:|1782751958\n|switch|p1a: Meloetta|Meloetta, L82|298/298\n|move|p2a: Oranguru|Thunderbolt|p1a: Meloetta\n|-damage|p1a: Meloetta|131/298\n|\n|-heal|p1a: Meloetta|149/298|[from] item: Leftovers\n|-heal|p2a: Oranguru|268/315 tox|[from] item: Leftovers\n|-damage|p2a: Oranguru|211/315 tox|[from] psn\n|upkeep\n|turn|10\n|\n|t:|1782751971\n|switch|p1a: Vileplume|Vileplume, L85, F|230/266\n|move|p2a: Oranguru|Psychic|p1a: Vileplume\n|-supereffective|p1a: Vileplume\n|-damage|p1a: Vileplume|0 fnt\n|faint|p1a: Vileplume\n|\n|-heal|p2a: Oranguru|230/315 tox|[from] item: Leftovers\n|-damage|p2a: Oranguru|154/315 tox|[from] psn\n|upkeep\n|\n|t:|1782751980\n|switch|p1a: Munkidori|Munkidori, L79, M|269/269\n|turn|11\n|\n|t:|1782751984\n|switch|p2a: Qwilfish|Qwilfish-Hisui, L83, M|200/244\n|-ability|p2a: Qwilfish|Intimidate|boost\n|-unboost|p1a: Munkidori|atk|1\n|move|p1a: Munkidori|Fake Out|p2a: Qwilfish\n|-damage|p2a: Qwilfish|190/244\n|\n|upkeep\n|turn|12\n|\n|t:|1782751988\n|move|p1a: Munkidori|U-turn|p2a: Qwilfish\n|-damage|p2a: Qwilfish|174/244\n|\n|t:|1782751994\n|switch|p1a: Lumineon|Lumineon, L93, M|279/279|[from] U-turn\n|move|p2a: Qwilfish|Taunt|p1a: Lumineon\n|-start|p1a: Lumineon|move: Taunt\n|\n|upkeep\n|turn|13\n|\n|t:|1782752001\n|move|p1a: Lumineon|Hydro Pump|p2a: Qwilfish\n|-damage|p2a: Qwilfish|69/244\n|move|p2a: Qwilfish|Gunk Shot|p1a: Lumineon\n|-damage|p1a: Lumineon|164/279\n|\n|upkeep\n|turn|14\n|\n|t:|1782752006\n|switch|p2a: Eelektross|Eelektross, L87, M|290/290\n|move|p1a: Lumineon|Hydro Pump|p2a: Eelektross\n|-damage|p2a: Eelektross|215/290\n|\n|-end|p1a: Lumineon|move: Taunt\n|upkeep\n|turn|15\n|\n|t:|1782752012\n|move|p1a: Lumineon|U-turn|p2a: Eelektross\n|-damage|p2a: Eelektross|170/290\n|\n|t:|1782752018\n|switch|p1a: Meloetta|Meloetta, L82|149/298|[from] U-turn\n|move|p2a: Eelektross|Discharge|p1a: Meloetta\n|-damage|p1a: Meloetta|74/298\n|\n|-heal|p1a: Meloetta|92/298|[from] item: Leftovers\n|upkeep\n|turn|16\n|\n|t:|1782752029\n|move|p1a: Meloetta|Psyshock|p2a: Eelektross\n|-crit|p2a: Eelektross\n|-damage|p2a: Eelektross|22/290\n|move|p2a: Eelektross|U-turn|p1a: Meloetta\n|-supereffective|p1a: Meloetta\n|-damage|p1a: Meloetta|0 fnt\n|faint|p1a: Meloetta\n|\n|t:|1782752033\n|switch|p2a: Qwilfish|Qwilfish-Hisui, L83, M|69/244|[from] U-turn\n|\n|upkeep\n|\n|t:|1782752038\n|switch|p1a: Lumineon|Lumineon, L93, M|164/279\n|turn|17\n|\n|t:|1782752045\n|switch|p2a: Eelektross|Eelektross, L87, M|22/290\n|move|p1a: Lumineon|Hydro Pump|p2a: Eelektross|[miss]\n|-miss|p1a: Lumineon|p2a: Eelektross\n|\n|upkeep\n|turn|18\n|\n|t:|1782752052\n|move|p1a: Lumineon|Ice Beam|p2a: Eelektross\n|-damage|p2a: Eelektross|0 fnt\n|faint|p2a: Eelektross\n|\n|upkeep\n|\n|t:|1782752066\n|switch|p2a: Kyogre|Kyogre, L71|259/259\n|-weather|RainDance|[from] ability: Drizzle|[of] p2a: Kyogre\n|turn|19\n|\n|t:|1782752079\n|move|p1a: Lumineon|Hydro Pump|p2a: Kyogre|[miss]\n|-miss|p1a: Lumineon|p2a: Kyogre\n|move|p2a: Kyogre|Thunder|p1a: Lumineon\n|-supereffective|p1a: Lumineon\n|-damage|p1a: Lumineon|8/279\n|\n|-weather|RainDance|[upkeep]\n|upkeep\n|turn|20\n|\n|t:|1782752089\n|move|p1a: Lumineon|Encore|p2a: Kyogre\n|-start|p2a: Kyogre|Encore\n|move|p2a: Kyogre|Thunder|p1a: Lumineon\n|-supereffective|p1a: Lumineon\n|-damage|p1a: Lumineon|0 fnt\n|faint|p1a: Lumineon\n|\n|-weather|RainDance|[upkeep]\n|upkeep\n|\n|t:|1782752092\n|switch|p1a: Leafeon|Leafeon, L88, M|258/258\n|turn|21\n|\n|t:|1782752095\n|switch|p2a: Qwilfish|Qwilfish-Hisui, L83, M|69/244\n|-ability|p2a: Qwilfish|Intimidate|boost\n|-unboost|p1a: Leafeon|atk|1\n|move|p1a: Leafeon|Swords Dance|p1a: Leafeon\n|-boost|p1a: Leafeon|atk|2\n|\n|-weather|RainDance|[upkeep]\n|upkeep\n|turn|22\n|\n|t:|1782752101\n|switch|p2a: Oranguru|Oranguru, L92, F|154/315 tox\n|move|p1a: Leafeon|Leaf Blade|p2a: Oranguru\n|-damage|p2a: Oranguru|0 fnt\n|faint|p2a: Oranguru\n|-damage|p1a: Leafeon|233/258|[from] item: Life Orb\n|\n|-weather|RainDance|[upkeep]\n|upkeep\n|\n|t:|1782752103\n|switch|p2a: Qwilfish|Qwilfish-Hisui, L83, M|69/244\n|-ability|p2a: Qwilfish|Intimidate|boost\n|-unboost|p1a: Leafeon|atk|1\n|turn|23\n|\n|t:|1782752105\n|move|p1a: Leafeon|Double-Edge|p2a: Qwilfish\n|-damage|p2a: Qwilfish|0 fnt\n|faint|p2a: Qwilfish\n|-damage|p1a: Leafeon|210/258|[from] Recoil\n|-damage|p1a: Leafeon|185/258|[from] item: Life Orb\n|\n|-weather|none\n|upkeep\n|\n|t:|1782752109\n|switch|p2a: Latias|Latias, L79, F|256/256\n|turn|24\n|\n|t:|1782752117\n|switch|p1a: Munkidori|Munkidori, L79, M|269/269\n|move|p2a: Latias|Calm Mind|p2a: Latias\n|-boost|p2a: Latias|spa|1\n|-boost|p2a: Latias|spd|1\n|\n|upkeep\n|turn|25\n|\n|t:|1782752121\n|move|p1a: Munkidori|Fake Out|p2a: Latias\n|-damage|p2a: Latias|234/256\n|-status|p2a: Latias|tox|[from] ability: Toxic Chain|[of] p1a: Munkidori\n|cant|p2a: Latias|flinch\n|\n|-damage|p2a: Latias|218/256 tox|[from] psn\n|upkeep\n|turn|26\n|\n|t:|1782752132\n|switch|p1a: Umbreon|Umbreon, L84, F|49/297\n|move|p2a: Latias|Draco Meteor|p1a: Umbreon\n|-damage|p1a: Umbreon|0 fnt\n|-unboost|p2a: Latias|spa|2\n|faint|p1a: Umbreon\n|\n|-damage|p2a: Latias|186/256 tox|[from] psn\n|upkeep\n|\n|t:|1782752138\n|switch|p1a: Leafeon|Leafeon, L88, M|185/258\n|turn|27\n|\n|t:|1782752146\n|move|p2a: Latias|Draco Meteor|p1a: Leafeon\n|-damage|p1a: Leafeon|67/258\n|-unboost|p2a: Latias|spa|2\n|move|p1a: Leafeon|Synthesis|p1a: Leafeon\n|-heal|p1a: Leafeon|196/258\n|\n|-damage|p2a: Latias|138/256 tox|[from] psn\n|upkeep\n|turn|28\n|\n|t:|1782752151\n|switch|p2a: Zangoose|Zangoose, L85, F|263/263\n|move|p1a: Leafeon|Swords Dance|p1a: Leafeon\n|-boost|p1a: Leafeon|atk|2\n|\n|-status|p2a: Zangoose|tox|[from] item: Toxic Orb\n|upkeep\n|turn|29\n|\n|t:|1782752165\n|-terastallize|p2a: Zangoose|Normal\n|move|p2a: Zangoose|Quick Attack|p1a: Leafeon\n|-damage|p1a: Leafeon|126/258\n|move|p1a: Leafeon|Leaf Blade|p2a: Zangoose\n|-damage|p2a: Zangoose|0 fnt\n|faint|p2a: Zangoose\n|-damage|p1a: Leafeon|101/258|[from] item: Life Orb\n|\n|upkeep\n|\n|t:|1782752170\n|switch|p2a: Latias|Latias, L79, F|138/256 tox\n|turn|30\n|\n|t:|1782752176\n|switch|p2a: Kyogre|Kyogre, L71|259/259\n|-weather|RainDance|[from] ability: Drizzle|[of] p2a: Kyogre\n|switch|p1a: Munkidori|Munkidori, L79, M|269/269\n|\n|-weather|RainDance|[upkeep]\n|upkeep\n|turn|31\n|\n|t:|1782752183\n|move|p1a: Munkidori|Fake Out|p2a: Kyogre\n|-crit|p2a: Kyogre\n|-damage|p2a: Kyogre|224/259\n|cant|p2a: Kyogre|flinch\n|\n|-weather|RainDance|[upkeep]\n|-heal|p2a: Kyogre|240/259|[from] item: Leftovers\n|upkeep\n|turn|32\n|\n|t:|1782752192\n|move|p1a: Munkidori|U-turn|p2a: Kyogre\n|-damage|p2a: Kyogre|199/259\n|\n|t:|1782752195\n|switch|p1a: Leafeon|Leafeon, L88, M|101/258|[from] U-turn\n|move|p2a: Kyogre|Ice Beam|p1a: Leafeon\n|-supereffective|p1a: Leafeon\n|-damage|p1a: Leafeon|0 fnt\n|faint|p1a: Leafeon\n|\n|-weather|RainDance|[upkeep]\n|-heal|p2a: Kyogre|215/259|[from] item: Leftovers\n|upkeep\n|\n|t:|1782752198\n|switch|p1a: Munkidori|Munkidori, L79, M|269/269\n|turn|33\n|\n|t:|1782752202\n|switch|p2a: Latias|Latias, L79, F|138/256 tox\n|move|p1a: Munkidori|Fake Out|p2a: Latias\n|-damage|p2a: Latias|115/256 tox\n|\n|-weather|RainDance|[upkeep]\n|-damage|p2a: Latias|99/256 tox|[from] psn\n|upkeep\n|turn|34\n|\n|t:|1782752208\n|-terastallize|p1a: Munkidori|Dark\n|move|p2a: Latias|Psyshock|p1a: Munkidori\n|-immune|p1a: Munkidori\n|move|p1a: Munkidori|Sludge Wave|p2a: Latias\n|-damage|p2a: Latias|17/256 tox\n|\n|-weather|none\n|-damage|p2a: Latias|0 fnt|[from] psn\n|faint|p2a: Latias\n|upkeep\n|\n|t:|1782752210\n|switch|p2a: Kyogre|Kyogre, L71|215/259\n|-weather|RainDance|[from] ability: Drizzle|[of] p2a: Kyogre\n|turn|35\n|\n|t:|1782752221\n|move|p1a: Munkidori|Sludge Wave|p2a: Kyogre\n|-damage|p2a: Kyogre|119/259\n|move|p2a: Kyogre|Origin Pulse|p1a: Munkidori|[miss]\n|-miss|p2a: Kyogre|p1a: Munkidori\n|\n|-weather|RainDance|[upkeep]\n|-heal|p2a: Kyogre|135/259|[from] item: Leftovers\n|upkeep\n|turn|36\n|\n|t:|1782752226\n|move|p1a: Munkidori|Psychic Noise|p2a: Kyogre\n|-damage|p2a: Kyogre|65/259\n|-start|p2a: Kyogre|move: Heal Block\n|-status|p2a: Kyogre|tox|[from] ability: Toxic Chain|[of] p1a: Munkidori\n|move|p2a: Kyogre|Origin Pulse|p1a: Munkidori\n|-damage|p1a: Munkidori|151/269\n|\n|-weather|RainDance|[upkeep]\n|-damage|p2a: Kyogre|49/259 tox|[from] psn\n|upkeep\n|turn|37\n|\n|t:|1782752237\n|move|p1a: Munkidori|Sludge Wave|p2a: Kyogre\n|-damage|p2a: Kyogre|0 fnt\n|faint|p2a: Kyogre\n|\n|win|DododudeDM\n|raw|DododudeDM's rating: 1942 &rarr; <strong>1960</strong><br />(+18 for winning)\n|raw|LarryPidgeot's rating: 1915 &rarr; <strong>1897</strong><br />(-18 for losing)\n", "inputlog": ">version f8ac14003a5f27e1bdc8d8c59608a773c1cb96e5\n>start {\"formatid\":\"gen9randombattle\",\"seed\":\"sodium,8bb23891f4c7c019dc2f87d66b121373\",\"rated\":\"Rated battle\"}\n>player p1 {\"name\":\"DododudeDM\",\"avatar\":\"101\",\"rating\":1942,\"seed\":\"sodium,9dfd3f16e3668a14a7ad107bd03bac9b\"}\n>player p2 {\"name\":\"LarryPidgeot\",\"avatar\":\"101\",\"rating\":1915,\"seed\":\"sodium,06cf52c1cf0112e72d84f75eebad3ba7\"}\n>p1 switch 3\n>p2 move toxicspikes\n>p1 move fakeout\n>p2 move crunch\n>p1 move uturn\n>p2 move crunch\n>p1 switch 2\n>p1 move sleeppowder\n>p2 move taunt\n>p1 move sludgebomb\n>p2 switch 5\n>p1 switch 3\n>p2 move nastyplot\n>p1 move toxic\n>p2 move focusblast\n>p1 move protect\n>p2 move nastyplot\n>p1 switch 4\n>p2 move thunderbolt\n>p1 switch 3\n>p2 move psychic\n>p1 switch 2\n>p1 move fakeout\n>p2 switch 5\n>p1 move uturn\n>p2 move taunt\n>p1 switch 6\n>p1 move hydropump\n>p2 move gunkshot\n>p1 move hydropump\n>p2 switch 6\n>p1 move uturn\n>p2 move discharge\n>p1 switch 3\n>p1 move psyshock\n>p2 move uturn\n>p2 switch 6\n>p1 switch 3\n>p1 move hydropump\n>p2 switch 6\n>p1 move icebeam\n>p2 move discharge\n>p2 switch 4\n>p1 move hydropump\n>p2 move thunder\n>p1 move encore\n>p2 move calmmind\n>p1 switch 5\n>p1 move swordsdance\n>p2 switch 6\n>p1 move leafblade\n>p2 switch 5\n>p2 switch 5\n>p1 move doubleedge\n>p2 move gunkshot\n>p2 switch 3\n>p1 switch 6\n>p2 move calmmind\n>p1 move fakeout\n>p2 move psyshock\n>p1 switch 4\n>p2 move dracometeor\n>p1 switch 6\n>p1 move synthesis\n>p2 move dracometeor\n>p1 move swordsdance\n>p2 switch 2\n>p1 move leafblade\n>p2 move quickattack terastallize\n>p2 switch 2\n>p1 switch 4\n>p2 switch 6\n>p1 move fakeout\n>p2 move calmmind\n>p1 move uturn\n>p2 move icebeam\n>p1 switch 4\n>p1 switch 4\n>p1 move fakeout\n>p2 switch 6\n>p1 move sludgewave terastallize\n>p2 move psyshock\n>p2 switch 6\n>p1 move sludgewave\n>p2 move originpulse\n>p1 move psychicnoise\n>p2 move originpulse\n>p1 move sludgewave\n>p2 move originpulse", "uploadtime": 1782752237, "views": 7, "formatid": "gen9randombattle", "rating": 1897, "private": 0, "password": null, "player_dets": [{"name": "DododudeDM", "avatar": "101", "rating": 1942, "seed": "sodium,9dfd3f16e3668a14a7ad107bd03bac9b"}, {"name": "LarryPidgeot", "avatar": "101", "rating": 1915, "seed": "sodium,06cf52c1cf0112e72d84f75eebad3ba7"}], "teams_full": [{"Umbreon": {"name": "Umbreon", "species": "Umbreon", "speciesId": "umbreon", "gender": "F", "shiny": false, "level": 84, "moves": ["wish", "toxic", "protect", "foulplay"], "ability": "Synchronize", "evs": {"hp": 85, "atk": 0, "def": 85, "spa": 85, "spd": 85, "spe": 85}, "ivs": {"hp": 31, "atk": 0, "def": 31, "spa": 31, "spd": 31, "spe": 31}, "item": "Leftovers", "teraType": "Poison", "role": "Bulky Support", "bvs": {"hp": 95, "atk": 65, "def": 110, "spa": 60, "spd": 130, "spe": 65}, "stats": {"hp": 297, "atk": 114, "def": 233, "spa": 149, "spd": 267, "spe": 157}, "types": ["Dark"]}, "Vileplume": {"name": "Vileplume", "species": "Vileplume", "speciesId": "vileplume", "gender": "F", "shiny": false, "level": 85, "moves": ["gigadrain", "strengthsap", "sludgebomb", "sleeppowder"], "ability": "Effect Spore", "evs": {"hp": 85, "atk": 0, "def": 85, "spa": 85, "spd": 85, "spe": 85}, "ivs": {"hp": 31, "atk": 0, "def": 31, "spa": 31, "spd": 31, "spe": 31}, "item": "Leftovers", "teraType": "Water", "role": "Bulky Attacker", "bvs": {"hp": 75, "atk": 80, "def": 85, "spa": 110, "spd": 90, "spe": 50}, "stats": {"hp": 266, "atk": 141, "def": 193, "spa": 236, "spd": 202, "spe": 134}, "types": ["Grass", "Poison"]}, "Munkidori": {"name": "Munkidori", "species": "Munkidori", "speciesId": "munkidori", "gender": "M", "shiny": false, "level": 79, "moves": ["psychicnoise", "uturn", "fakeout", "sludgewave"], "ability": "Toxic Chain", "evs": {"hp": 85, "atk": 85, "def": 85, "spa": 85, "spd": 85, "spe": 85}, "ivs": {"hp": 31, "atk": 31, "def": 31, "spa": 31, "spd": 31, "spe": 31}, "item": "Assault Vest", "teraType": "Dark", "role": "AV Pivot", "bvs": {"hp": 88, "atk": 75, "def": 66, "spa": 130, "spd": 90, "spe": 106}, "stats": {"hp": 269, "atk": 164, "def": 150, "spa": 251, "spd": 188, "spe": 213}, "types": ["Poison", "Psychic"]}, "Meloetta": {"name": "Meloetta", "species": "Meloetta", "speciesId": "meloetta", "gender": "N", "shiny": false, "level": 82, "moves": ["hypervoice", "focusblast", "psyshock", "calmmind"], "ability": "Serene Grace", "evs": {"hp": 85, "atk": 0, "def": 85, "spa": 85, "spd": 85, "spe": 85}, "ivs": {"hp": 31, "atk": 0, "def": 31, "spa": 31, "spd": 31, "spe": 31}, "item": "Leftovers", "teraType": "Normal", "role": "Bulky Attacker", "bvs": {"hp": 100, "atk": 77, "def": 77, "spa": 128, "spd": 128, "spe": 90}, "stats": {"hp": 298, "atk": 131, "def": 173, "spa": 257, "spd": 257, "spe": 195}, "types": ["Normal", "Psychic"]}, "Leafeon": {"name": "Leafeon", "species": "Leafeon", "speciesId": "leafeon", "gender": "M", "shiny": false, "level": 88, "moves": ["leafblade", "doubleedge", "swordsdance", "synthesis"], "ability": "Chlorophyll", "evs": {"hp": 85, "atk": 85, "def": 85, "spa": 85, "spd": 85, "spe": 85}, "ivs": {"hp": 31, "atk": 31, "def": 31, "spa": 31, "spd": 31, "spe": 31}, "item": "Life Orb", "teraType": "Normal", "role": "Setup Sweeper", "bvs": {"hp": 65, "atk": 110, "def": 130, "spa": 60, "spd": 65, "spe": 95}, "stats": {"hp": 258, "atk": 244, "def": 279, "spa": 156, "spd": 165, "spe": 217}, "types": ["Grass"]}, "Lumineon": {"name": "Lumineon", "species": "Lumineon", "speciesId": "lumineon", "gender": "M", "shiny": false, "level": 93, "moves": ["uturn", "hydropump", "icebeam", "encore"], "ability": "Storm Drain", "evs": {"hp": 85, "atk": 85, "def": 85, "spa": 85, "spd": 85, "spe": 85}, "ivs": {"hp": 31, "atk": 31, "def": 31, "spa": 31, "spd": 31, "spe": 31}, "item": "Heavy-Duty Boots", "teraType": "Steel", "role": "Fast Support", "bvs": {"hp": 69, "atk": 69, "def": 76, "spa": 69, "spd": 86, "spe": 91}, "stats": {"hp": 279, "atk": 181, "def": 194, "spa": 181, "spd": 213, "spe": 222}, "types": ["Water"]}}, {"Qwilfish": {"name": "Qwilfish", "species": "Qwilfish-Hisui", "speciesId": "qwilfishhisui", "gender": "M", "shiny": false, "level": 83, "moves": ["taunt", "gunkshot", "toxicspikes", "crunch"], "ability": "Intimidate", "evs": {"hp": 85, "atk": 85, "def": 85, "spa": 85, "spd": 85, "spe": 85}, "ivs": {"hp": 31, "atk": 31, "def": 31, "spa": 31, "spd": 31, "spe": 31}, "item": "Eviolite", "teraType": "Poison", "role": "Bulky Support", "bvs": {"hp": 65, "atk": 95, "def": 85, "spa": 55, "spd": 55, "spe": 85}, "stats": {"hp": 244, "atk": 205, "def": 189, "spa": 139, "spd": 139, "spe": 189}, "types": ["Dark", "Poison"]}, "Zangoose": {"name": "Zangoose", "species": "Zangoose", "speciesId": "zangoose", "gender": "F", "shiny": false, "level": 85, "moves": ["quickattack", "facade", "knockoff", "swordsdance"], "ability": "Toxic Boost", "evs": {"hp": 85, "atk": 85, "def": 85, "spa": 85, "spd": 85, "spe": 85}, "ivs": {"hp": 31, "atk": 31, "def": 31, "spa": 31, "spd": 31, "spe": 31}, "item": "Toxic Orb", "teraType": "Normal", "role": "Fast Attacker", "bvs": {"hp": 73, "atk": 115, "def": 60, "spa": 60, "spd": 60, "spe": 90}, "stats": {"hp": 263, "atk": 244, "def": 151, "spa": 151, "spd": 151, "spe": 202}, "types": ["Normal"]}, "Latias": {"name": "Latias", "species": "Latias", "speciesId": "latias", "gender": "F", "shiny": false, "level": 79, "moves": ["recover", "calmmind", "dracometeor", "psyshock"], "ability": "Levitate", "evs": {"hp": 85, "atk": 0, "def": 85, "spa": 85, "spd": 85, "spe": 85}, "ivs": {"hp": 31, "atk": 0, "def": 31, "spa": 31, "spd": 31, "spe": 31}, "item": "Soul Dew", "teraType": "Steel", "role": "Fast Bulky Setup", "bvs": {"hp": 80, "atk": 80, "def": 90, "spa": 110, "spd": 130, "spe": 110}, "stats": {"hp": 256, "atk": 131, "def": 188, "spa": 219, "spd": 251, "spe": 219}, "types": ["Dragon", "Psychic"]}, "Kyogre": {"name": "Kyogre", "species": "Kyogre", "speciesId": "kyogre", "gender": "N", "shiny": false, "level": 71, "moves": ["originpulse", "calmmind", "thunder", "icebeam"], "ability": "Drizzle", "evs": {"hp": 85, "atk": 0, "def": 85, "spa": 85, "spd": 85, "spe": 85}, "ivs": {"hp": 31, "atk": 0, "def": 31, "spa": 31, "spd": 31, "spe": 31}, "item": "Leftovers", "teraType": "Dragon", "role": "Bulky Setup", "bvs": {"hp": 100, "atk": 100, "def": 90, "spa": 150, "spd": 140, "spe": 90}, "stats": {"hp": 259, "atk": 147, "def": 169, "spa": 254, "spd": 240, "spe": 169}, "types": ["Water"]}, "Oranguru": {"name": "Oranguru", "species": "Oranguru", "speciesId": "oranguru", "gender": "F", "shiny": false, "level": 92, "moves": ["focusblast", "nastyplot", "psychic", "thunderbolt"], "ability": "Inner Focus", "evs": {"hp": 85, "atk": 0, "def": 85, "spa": 85, "spd": 85, "spe": 85}, "ivs": {"hp": 31, "atk": 0, "def": 31, "spa": 31, "spd": 31, "spe": 31}, "item": "Leftovers", "teraType": "Electric", "role": "Bulky Attacker", "bvs": {"hp": 90, "atk": 60, "def": 80, "spa": 90, "spd": 110, "spe": 60}, "stats": {"hp": 315, "atk": 115, "def": 200, "spa": 218, "spd": 255, "spe": 163}, "types": ["Normal", "Psychic"]}, "Eelektross": {"name": "Eelektross", "species": "Eelektross", "speciesId": "eelektross", "gender": "M", "shiny": false, "level": 87, "moves": ["gigadrain", "discharge", "knockoff", "uturn"], "ability": "Levitate", "evs": {"hp": 85, "atk": 85, "def": 85, "spa": 85, "spd": 85, "spe": 85}, "ivs": {"hp": 31, "atk": 31, "def": 31, "spa": 31, "spd": 31, "spe": 31}, "item": "Assault Vest", "teraType": "Poison", "role": "AV Pivot", "bvs": {"hp": 85, "atk": 115, "def": 80, "spa": 105, "spd": 80, "spe": 50}, "stats": {"hp": 290, "atk": 250, "def": 189, "spa": 232, "spd": 189, "spe": 137}, "types": ["Electric"]}}]}