{"id": "gen9randombattle-2641539312", "format": "[Gen 9] Random Battle", "players": ["zuzup", "iiioooppp"], "log": "|j|\u2606zuzup\n|j|\u2606iiioooppp\n|t:|1782803652\n|gametype|singles\n|player|p1|zuzup|169|1339\n|player|p2|iiioooppp|102|1324\n|gen|9\n|tier|[Gen 9] Random Battle\n|rated|\n|rule|Species Clause: Limit one of each Pok\u00e9mon\n|rule|HP Percentage Mod: HP is shown in percentages\n|rule|Sleep Clause Mod: Limit one foe put to sleep\n|rule|Illusion Level Mod: Illusion disguises the Pok\u00e9mon's true level\n|\n|t:|1782803652\n|teamsize|p1|6\n|teamsize|p2|6\n|start\n|switch|p1a: Pecharunt|Pecharunt, L77|262/262\n|switch|p2a: Galvantula|Galvantula, L82, M|249/249\n|turn|1\n|\n|t:|1782803665\n|move|p2a: Galvantula|Sticky Web|p1a: Pecharunt\n|-sidestart|p1: zuzup|move: Sticky Web\n|move|p1a: Pecharunt|Malignant Chain|p2a: Galvantula\n|-damage|p2a: Galvantula|131/249\n|-status|p2a: Galvantula|tox\n|-start|p2a: Galvantula|confusion|[from] ability: Poison Puppeteer|[of] p1a: Pecharunt\n|\n|-damage|p2a: Galvantula|116/249 tox|[from] psn\n|upkeep\n|turn|2\n|\n|t:|1782803706\n|-activate|p2a: Galvantula|confusion\n|move|p2a: Galvantula|Thunder|p1a: Pecharunt\n|-damage|p1a: Pecharunt|135/262\n|move|p1a: Pecharunt|Nasty Plot|p1a: Pecharunt\n|-boost|p1a: Pecharunt|spa|2\n|\n|-heal|p1a: Pecharunt|151/262|[from] item: Leftovers\n|-damage|p2a: Galvantula|86/249 tox|[from] psn\n|upkeep\n|turn|3\n|inactive|Battle timer is ON: inactive players will automatically lose when time's up. (requested by zuzup)\n|\n|t:|1782803732\n|-activate|p2a: Galvantula|confusion\n|-damage|p2a: Galvantula|62/249 tox|[from] confusion\n|move|p1a: Pecharunt|Malignant Chain|p2a: Galvantula\n|-damage|p2a: Galvantula|0 fnt\n|faint|p2a: Galvantula\n|\n|-heal|p1a: Pecharunt|167/262|[from] item: Leftovers\n|upkeep\n|\n|t:|1782803745\n|switch|p2a: Ceruledge|Ceruledge, L78, F|245/245\n|turn|4\n|\n|t:|1782803752\n|move|p1a: Pecharunt|Shadow Ball|p2a: Ceruledge\n|-supereffective|p2a: Ceruledge\n|-damage|p2a: Ceruledge|5/245\n|move|p2a: Ceruledge|Poltergeist|p1a: Pecharunt\n|-activate|p1a: Pecharunt|move: Poltergeist|Leftovers\n|-supereffective|p1a: Pecharunt\n|-damage|p1a: Pecharunt|11/262\n|\n|-heal|p1a: Pecharunt|27/262|[from] item: Leftovers\n|upkeep\n|turn|5\n|\n|t:|1782803763\n|move|p2a: Ceruledge|Shadow Sneak|p1a: Pecharunt\n|-supereffective|p1a: Pecharunt\n|-damage|p1a: Pecharunt|0 fnt\n|faint|p1a: Pecharunt\n|\n|upkeep\n|\n|t:|1782803769\n|switch|p1a: Smeargle|Smeargle, L95, F|258/258\n|-activate|p1a: Smeargle|move: Sticky Web\n|-unboost|p1a: Smeargle|spe|1\n|turn|6\n|\n|t:|1782803780\n|move|p2a: Ceruledge|Bitter Blade|p1a: Smeargle\n|-damage|p1a: Smeargle|96/258\n|-heal|p2a: Ceruledge|86/245|[from] drain|[of] p1a: Smeargle\n|move|p1a: Smeargle|Sticky Web|p2a: Ceruledge\n|-sidestart|p2: iiioooppp|move: Sticky Web\n|\n|upkeep\n|turn|7\n|\n|t:|1782803809\n|switch|p1a: Sandy Shocks|Sandy Shocks, L80|267/267\n|-activate|p1a: Sandy Shocks|move: Sticky Web\n|-unboost|p1a: Sandy Shocks|spe|1\n|move|p2a: Ceruledge|Bitter Blade|p1a: Sandy Shocks\n|-damage|p1a: Sandy Shocks|164/267\n|-heal|p2a: Ceruledge|138/245|[from] drain|[of] p1a: Sandy Shocks\n|\n|-heal|p1a: Sandy Shocks|180/267|[from] item: Leftovers\n|upkeep\n|turn|8\n|\n|t:|1782803824\n|move|p2a: Ceruledge|Poltergeist|p1a: Sandy Shocks|[miss]\n|-miss|p2a: Ceruledge|p1a: Sandy Shocks\n|move|p1a: Sandy Shocks|Thunder Wave|p2a: Ceruledge\n|-status|p2a: Ceruledge|par\n|\n|-heal|p1a: Sandy Shocks|196/267|[from] item: Leftovers\n|upkeep\n|turn|9\n|\n|t:|1782803835\n|move|p1a: Sandy Shocks|Spikes|p2a: Ceruledge\n|-sidestart|p2: iiioooppp|Spikes\n|cant|p2a: Ceruledge|par\n|\n|-heal|p1a: Sandy Shocks|212/267|[from] item: Leftovers\n|upkeep\n|turn|10\n|\n|t:|1782803840\n|move|p1a: Sandy Shocks|Spikes|p2a: Ceruledge\n|-sidestart|p2: iiioooppp|Spikes\n|move|p2a: Ceruledge|Poltergeist|p1a: Sandy Shocks|[miss]\n|-miss|p2a: Ceruledge|p1a: Sandy Shocks\n|\n|-heal|p1a: Sandy Shocks|228/267|[from] item: Leftovers\n|upkeep\n|turn|11\n|\n|t:|1782803848\n|move|p1a: Sandy Shocks|Earth Power|p2a: Ceruledge\n|-supereffective|p2a: Ceruledge\n|-damage|p2a: Ceruledge|0 fnt\n|faint|p2a: Ceruledge\n|\n|-heal|p1a: Sandy Shocks|244/267|[from] item: Leftovers\n|upkeep\n|\n|t:|1782803854\n|switch|p2a: Alomomola|Alomomola, L87, M|429/429\n|turn|12\n|\n|t:|1782803862\n|move|p2a: Alomomola|Scald|p1a: Sandy Shocks\n|-supereffective|p1a: Sandy Shocks\n|-damage|p1a: Sandy Shocks|140/267\n|-status|p1a: Sandy Shocks|brn\n|move|p1a: Sandy Shocks|Thunder Wave|p2a: Alomomola\n|-status|p2a: Alomomola|par\n|\n|-heal|p1a: Sandy Shocks|156/267 brn|[from] item: Leftovers\n|-damage|p1a: Sandy Shocks|140/267 brn|[from] brn\n|upkeep\n|turn|13\n|\n|t:|1782803873\n|move|p1a: Sandy Shocks|Thunderbolt|p2a: Alomomola\n|-supereffective|p2a: Alomomola\n|-damage|p2a: Alomomola|115/429 par\n|move|p2a: Alomomola|Wish|p2a: Alomomola\n|\n|-heal|p1a: Sandy Shocks|156/267 brn|[from] item: Leftovers\n|-damage|p1a: Sandy Shocks|140/267 brn|[from] brn\n|upkeep\n|turn|14\n|\n|t:|1782803884\n|switch|p2a: Infernape|Infernape, L82, F|259/259\n|-activate|p2a: Infernape|move: Sticky Web\n|-unboost|p2a: Infernape|spe|1\n|-damage|p2a: Infernape|216/259|[from] Spikes\n|move|p1a: Sandy Shocks|Thunderbolt|p2a: Infernape\n|-damage|p2a: Infernape|96/259\n|\n|-heal|p2a: Infernape|259/259|[from] move: Wish|[wisher] Alomomola\n|-heal|p1a: Sandy Shocks|156/267 brn|[from] item: Leftovers\n|-damage|p1a: Sandy Shocks|140/267 brn|[from] brn\n|upkeep\n|turn|15\n|\n|t:|1782803900\n|move|p2a: Infernape|Grass Knot|p1a: Sandy Shocks\n|-supereffective|p1a: Sandy Shocks\n|-damage|p1a: Sandy Shocks|0 fnt\n|faint|p1a: Sandy Shocks\n|-end|p1a: Sandy Shocks|Protosynthesis|[silent]\n|-damage|p2a: Infernape|234/259|[from] item: Life Orb\n|\n|upkeep\n|\n|t:|1782803907\n|switch|p1a: Smeargle|Smeargle, L95, F|96/258\n|-activate|p1a: Smeargle|move: Sticky Web\n|-unboost|p1a: Smeargle|spe|1\n|turn|16\n|\n|t:|1782803912\n|move|p2a: Infernape|Close Combat|p1a: Smeargle\n|-supereffective|p1a: Smeargle\n|-damage|p1a: Smeargle|0 fnt\n|-unboost|p2a: Infernape|def|1\n|-unboost|p2a: Infernape|spd|1\n|faint|p1a: Smeargle\n|-damage|p2a: Infernape|209/259|[from] item: Life Orb\n|\n|upkeep\n|\n|t:|1782803936\n|switch|p1a: Hitmonlee|Hitmonlee, L85, M|223/223\n|-activate|p1a: Hitmonlee|move: Sticky Web\n|-unboost|p1a: Hitmonlee|spe|1\n|turn|17\n|\n|t:|1782803952\n|-terastallize|p2a: Infernape|Fire\n|move|p2a: Infernape|Overheat|p1a: Hitmonlee\n|-damage|p1a: Hitmonlee|36/223\n|-unboost|p2a: Infernape|spa|2\n|-damage|p2a: Infernape|184/259|[from] item: Life Orb\n|move|p1a: Hitmonlee|Stone Edge|p2a: Infernape\n|-supereffective|p2a: Infernape\n|-crit|p2a: Infernape\n|-damage|p2a: Infernape|0 fnt\n|faint|p2a: Infernape\n|\n|upkeep\n|\n|t:|1782803963\n|switch|p2a: Vivillon|Vivillon-Elegant, L83, F|268/268\n|turn|18\n|\n|t:|1782803969\n|move|p2a: Vivillon|Hurricane|p1a: Hitmonlee\n|-supereffective|p1a: Hitmonlee\n|-damage|p1a: Hitmonlee|0 fnt\n|faint|p1a: Hitmonlee\n|\n|upkeep\n|\n|t:|1782803974\n|switch|p1a: Heatran|Heatran, L79, M|273/273\n|-activate|p1a: Heatran|move: Sticky Web\n|-unboost|p1a: Heatran|spe|1\n|turn|19\n|\n|t:|1782803985\n|move|p2a: Vivillon|Sleep Powder|p1a: Heatran\n|-status|p1a: Heatran|slp|[from] move: Sleep Powder\n|cant|p1a: Heatran|slp\n|\n|upkeep\n|turn|20\n|\n|t:|1782803992\n|switch|p2a: Alomomola|Alomomola, L87, M|258/429 par\n|cant|p1a: Heatran|slp\n|\n|upkeep\n|turn|21\n|\n|t:|1782804006\n|-terastallize|p1a: Heatran|Grass\n|cant|p1a: Heatran|slp\n|move|p2a: Alomomola|Scald|p1a: Heatran\n|-resisted|p1a: Heatran\n|-damage|p1a: Heatran|258/273 slp\n|\n|upkeep\n|turn|22\n|\n|t:|1782804022\n|-curestatus|p1a: Heatran|slp|[msg]\n|move|p1a: Heatran|Earth Power|p2a: Alomomola\n|-damage|p2a: Alomomola|155/429 par\n|move|p2a: Alomomola|Wish|p2a: Alomomola\n|\n|upkeep\n|turn|23\n|\n|t:|1782804031\n|move|p1a: Heatran|Magma Storm|p2a: Alomomola\n|-resisted|p2a: Alomomola\n|-damage|p2a: Alomomola|62/429 par\n|-activate|p2a: Alomomola|move: Magma Storm|[of] p1a: Heatran\n|cant|p2a: Alomomola|par\n|\n|-heal|p2a: Alomomola|276/429 par|[from] move: Wish|[wisher] Alomomola\n|-damage|p2a: Alomomola|223/429 par|[from] move: Magma Storm|[partiallytrapped]\n|upkeep\n|turn|24\n|\n|t:|1782804040\n|move|p1a: Heatran|Magma Storm|p2a: Alomomola|[miss]\n|-miss|p1a: Heatran|p2a: Alomomola\n|cant|p2a: Alomomola|par\n|\n|-damage|p2a: Alomomola|170/429 par|[from] move: Magma Storm|[partiallytrapped]\n|upkeep\n|turn|25\n|\n|t:|1782804048\n|move|p1a: Heatran|Earth Power|p2a: Alomomola\n|-damage|p2a: Alomomola|55/429 par\n|move|p2a: Alomomola|Wish|p2a: Alomomola\n|\n|-damage|p2a: Alomomola|2/429 par|[from] move: Magma Storm|[partiallytrapped]\n|upkeep\n|turn|26\n|\n|t:|1782804066\n|move|p2a: Alomomola|Protect|p2a: Alomomola\n|-singleturn|p2a: Alomomola|Protect\n|move|p1a: Heatran|Earth Power|p2a: Alomomola\n|-activate|p2a: Alomomola|move: Protect\n|\n|-heal|p2a: Alomomola|216/429 par|[from] move: Wish|[wisher] Alomomola\n|-damage|p2a: Alomomola|163/429 par|[from] move: Magma Storm|[partiallytrapped]\n|upkeep\n|turn|27\n|\n|t:|1782804074\n|move|p1a: Heatran|Magma Storm|p2a: Alomomola|[miss]\n|-miss|p1a: Heatran|p2a: Alomomola\n|move|p2a: Alomomola|Wish|p2a: Alomomola\n|\n|-damage|p2a: Alomomola|110/429 par|[from] move: Magma Storm|[partiallytrapped]\n|upkeep\n|turn|28\n|\n|t:|1782804081\n|cant|p2a: Alomomola|par\n|move|p1a: Heatran|Earth Power|p2a: Alomomola\n|-damage|p2a: Alomomola|0 fnt\n|faint|p2a: Alomomola\n|\n|upkeep\n|\n|t:|1782804088\n|switch|p2a: Vivillon|Vivillon-Elegant, L83, F|268/268\n|turn|29\n|\n|t:|1782804094\n|move|p2a: Vivillon|Sleep Powder|p1a: Heatran\n|-immune|p1a: Heatran\n|move|p1a: Heatran|Magma Storm|p2a: Vivillon|[miss]\n|-miss|p1a: Heatran|p2a: Vivillon\n|\n|upkeep\n|turn|30\n|\n|t:|1782804101\n|move|p2a: Vivillon|Hurricane|p1a: Heatran\n|-supereffective|p1a: Heatran\n|-damage|p1a: Heatran|114/273\n|move|p1a: Heatran|Magma Storm|p2a: Vivillon|[miss]\n|-miss|p1a: Heatran|p2a: Vivillon\n|\n|upkeep\n|turn|31\n|\n|t:|1782804107\n|move|p2a: Vivillon|Hurricane|p1a: Heatran\n|-supereffective|p1a: Heatran\n|-damage|p1a: Heatran|0 fnt\n|faint|p1a: Heatran\n|\n|upkeep\n|\n|t:|1782804112\n|switch|p1a: Heracross|Heracross, L80, F|259/259\n|-activate|p1a: Heracross|move: Sticky Web\n|-unboost|p1a: Heracross|spe|1\n|turn|32\n|\n|t:|1782804117\n|move|p2a: Vivillon|Hurricane|p1a: Heracross|[miss]\n|-miss|p2a: Vivillon|p1a: Heracross\n|move|p1a: Heracross|Knock Off|p2a: Vivillon\n|-damage|p2a: Vivillon|155/268\n|-enditem|p2a: Vivillon|Heavy-Duty Boots|[from] move: Knock Off|[of] p1a: Heracross\n|\n|-status|p1a: Heracross|brn|[from] item: Flame Orb\n|upkeep\n|turn|33\n|\n|t:|1782804136\n|move|p2a: Vivillon|Hurricane|p1a: Heracross\n|-supereffective|p1a: Heracross\n|-damage|p1a: Heracross|0 fnt\n|faint|p1a: Heracross\n|\n|win|iiioooppp\n|raw|zuzup's rating: 1339 &rarr; <strong>1318</strong><br />(-21 for losing)\n|raw|iiioooppp's rating: 1324 &rarr; <strong>1345</strong><br />(+21 for winning)\n|l|\u2606zuzup\n|player|p1|\n", "inputlog": ">version f8ac14003a5f27e1bdc8d8c59608a773c1cb96e5\n>start {\"formatid\":\"gen9randombattle\",\"seed\":\"sodium,1cfe16af5c9533e3bbcfeb02932536ec\",\"rated\":\"Rated battle\"}\n>player p1 {\"name\":\"zuzup\",\"avatar\":\"169\",\"rating\":1339,\"seed\":\"sodium,4d87a382163f580a83ff4ca91e59f73c\"}\n>player p2 {\"name\":\"iiioooppp\",\"avatar\":\"102\",\"rating\":1324,\"seed\":\"sodium,999fcbaf14976f3baeff85256a91881b\"}\n>p1 move malignantchain\n>p2 move stickyweb\n>p1 move nastyplot\n>p2 move thunder\n>p1 move malignantchain\n>p2 move thunder\n>p2 switch 4\n>p1 move shadowball\n>p2 move poltergeist\n>p1 move shadowball\n>p2 move shadowsneak\n>p1 switch 2\n>p1 move stickyweb\n>p2 move bitterblade\n>p1 switch 4\n>p2 move bitterblade\n>p1 move thunderwave\n>p2 move poltergeist\n>p1 move spikes\n>p2 move poltergeist\n>p1 move spikes\n>p2 move poltergeist\n>p1 move earthpower\n>p2 move poltergeist\n>p2 switch 2\n>p1 move thunderwave\n>p2 move scald\n>p1 move thunderbolt\n>p2 move wish\n>p1 move thunderbolt\n>p2 switch 5\n>p1 move thunderwave\n>p2 move grassknot\n>p1 switch 4\n>p1 move spore\n>p2 move closecombat\n>p1 switch 6\n>p1 move stoneedge\n>p2 move overheat terastallize\n>p2 switch 3\n>p1 move stoneedge\n>p2 move hurricane\n>p1 switch 3\n>p1 move magmastorm\n>p2 move sleeppowder\n>p1 move magmastorm\n>p2 switch 5\n>p1 move heavyslam terastallize\n>p2 move scald\n>p1 move earthpower\n>p2 move wish\n>p1 move magmastorm\n>p2 move flipturn\n>p1 move magmastorm\n>p2 move wish\n>p1 move earthpower\n>p2 move wish\n>p1 move earthpower\n>p2 move protect\n>p1 move magmastorm\n>p2 move wish\n>p1 move earthpower\n>p2 move protect\n>p2 switch 5\n>p1 move magmastorm\n>p2 move sleeppowder\n>p1 move magmastorm\n>p2 move hurricane\n>p1 move magmastorm\n>p2 move hurricane\n>p1 switch 5\n>p1 move knockoff\n>p2 move hurricane\n>p1 move facade\n>p2 move hurricane", "uploadtime": 1782804143, "views": 7, "formatid": "gen9randombattle", "rating": 1318, "private": 0, "password": null, "player_dets": [{"name": "zuzup", "avatar": "169", "rating": 1339, "seed": "sodium,4d87a382163f580a83ff4ca91e59f73c"}, {"name": "iiioooppp", "avatar": "102", "rating": 1324, "seed": "sodium,999fcbaf14976f3baeff85256a91881b"}], "teams_full": [{"Pecharunt": {"name": "Pecharunt", "species": "Pecharunt", "speciesId": "pecharunt", "gender": "N", "shiny": false, "level": 77, "moves": ["recover", "shadowball", "malignantchain", "nastyplot"], "ability": "Poison Puppeteer", "evs": {"hp": 85, "atk": 0, "def": 85, "spa": 85, "spd": 85, "spe": 85}, "ivs": {"hp": 31, "atk": 0, "def": 31, "spa": 31, "spd": 31, "spe": 31}, "item": "Leftovers", "teraType": "Dark", "role": "Bulky Attacker", "bvs": {"hp": 88, "atk": 88, "def": 160, "spa": 88, "spd": 88, "spe": 88}, "stats": {"hp": 262, "atk": 140, "def": 291, "spa": 180, "spd": 180, "spe": 180}, "types": ["Poison", "Ghost"]}, "Smeargle": {"name": "Smeargle", "species": "Smeargle", "speciesId": "smeargle", "gender": "F", "shiny": false, "level": 95, "moves": ["ceaselessedge", "stealthrock", "spore", "stickyweb"], "ability": "Own Tempo", "evs": {"hp": 85, "atk": 85, "def": 85, "spa": 85, "spd": 85, "spe": 85}, "ivs": {"hp": 31, "atk": 31, "def": 31, "spa": 31, "spd": 31, "spe": 31}, "item": "Focus Sash", "teraType": "Ghost", "role": "Fast Support", "bvs": {"hp": 55, "atk": 20, "def": 35, "spa": 20, "spd": 45, "spe": 75}, "stats": {"hp": 258, "atk": 92, "def": 120, "spa": 92, "spd": 139, "spe": 196}, "types": ["Normal"]}, "Heatran": {"name": "Heatran", "species": "Heatran", "speciesId": "heatran", "gender": "M", "shiny": false, "level": 79, "moves": ["lavaplume", "heavyslam", "earthpower", "magmastorm"], "ability": "Flash Fire", "evs": {"hp": 85, "atk": 85, "def": 85, "spa": 85, "spd": 85, "spe": 85}, "ivs": {"hp": 31, "atk": 31, "def": 31, "spa": 31, "spd": 31, "spe": 31}, "item": "Assault Vest", "teraType": "Grass", "role": "Bulky Support", "bvs": {"hp": 91, "atk": 90, "def": 106, "spa": 130, "spd": 106, "spe": 77}, "stats": {"hp": 273, "atk": 188, "def": 213, "spa": 251, "spd": 213, "spe": 167}, "types": ["Fire", "Steel"]}, "Sandy Shocks": {"name": "Sandy Shocks", "species": "Sandy Shocks", "speciesId": "sandyshocks", "gender": "N", "shiny": false, "level": 80, "moves": ["earthpower", "spikes", "thunderwave", "thunderbolt"], "ability": "Protosynthesis", "evs": {"hp": 85, "atk": 0, "def": 85, "spa": 85, "spd": 85, "spe": 85}, "ivs": {"hp": 31, "atk": 0, "def": 31, "spa": 31, "spd": 31, "spe": 31}, "item": "Leftovers", "teraType": "Ground", "role": "Fast Support", "bvs": {"hp": 85, "atk": 81, "def": 97, "spa": 121, "spd": 85, "spe": 101}, "stats": {"hp": 267, "atk": 134, "def": 201, "spa": 240, "spd": 182, "spe": 208}, "types": ["Electric", "Ground"]}, "Heracross": {"name": "Heracross", "species": "Heracross", "speciesId": "heracross", "gender": "F", "shiny": false, "level": 80, "moves": ["facade", "trailblaze", "closecombat", "knockoff"], "ability": "Guts", "evs": {"hp": 85, "atk": 85, "def": 85, "spa": 85, "spd": 85, "spe": 85}, "ivs": {"hp": 31, "atk": 31, "def": 31, "spa": 31, "spd": 31, "spe": 31}, "item": "Flame Orb", "teraType": "Normal", "role": "Setup Sweeper", "bvs": {"hp": 80, "atk": 125, "def": 75, "spa": 40, "spd": 95, "spe": 85}, "stats": {"hp": 259, "atk": 246, "def": 166, "spa": 110, "spd": 198, "spe": 182}, "types": ["Bug", "Fighting"]}, "Hitmonlee": {"name": "Hitmonlee", "species": "Hitmonlee", "speciesId": "hitmonlee", "gender": "M", "shiny": false, "level": 85, "moves": ["stoneedge", "highjumpkick", "machpunch", "knockoff"], "ability": "Reckless", "evs": {"hp": 81, "atk": 85, "def": 85, "spa": 85, "spd": 85, "spe": 85}, "ivs": {"hp": 31, "atk": 31, "def": 31, "spa": 31, "spd": 31, "spe": 31}, "item": "Choice Band", "teraType": "Fighting", "role": "Fast Attacker", "bvs": {"hp": 50, "atk": 120, "def": 53, "spa": 35, "spd": 110, "spe": 87}, "stats": {"hp": 223, "atk": 253, "def": 139, "spa": 108, "spd": 236, "spe": 197}, "types": ["Fighting"]}}, {"Galvantula": {"name": "Galvantula", "species": "Galvantula", "speciesId": "galvantula", "gender": "M", "shiny": false, "level": 82, "moves": ["thunder", "bugbuzz", "energyball", "stickyweb"], "ability": "Compound Eyes", "evs": {"hp": 85, "atk": 0, "def": 85, "spa": 85, "spd": 85, "spe": 85}, "ivs": {"hp": 31, "atk": 0, "def": 31, "spa": 31, "spd": 31, "spe": 31}, "item": "Focus Sash", "teraType": "Electric", "role": "Fast Support", "bvs": {"hp": 70, "atk": 77, "def": 60, "spa": 97, "spd": 60, "spe": 108}, "stats": {"hp": 249, "atk": 131, "def": 146, "spa": 206, "spd": 146, "spe": 224}, "types": ["Bug", "Electric"]}, "Alomomola": {"name": "Alomomola", "species": "Alomomola", "speciesId": "alomomola", "gender": "M", "shiny": false, "level": 87, "moves": ["protect", "scald", "wish", "flipturn"], "ability": "Regenerator", "evs": {"hp": 85, "atk": 85, "def": 85, "spa": 85, "spd": 85, "spe": 85}, "ivs": {"hp": 31, "atk": 31, "def": 31, "spa": 31, "spd": 31, "spe": 31}, "item": "Heavy-Duty Boots", "teraType": "Steel", "role": "Fast Support", "bvs": {"hp": 165, "atk": 75, "def": 80, "spa": 40, "spd": 45, "spe": 65}, "stats": {"hp": 429, "atk": 180, "def": 189, "spa": 119, "spd": 128, "spe": 163}, "types": ["Water"]}, "Vivillon": {"name": "Vivillon", "species": "Vivillon-Elegant", "speciesId": "vivillon", "gender": "F", "shiny": false, "level": 83, "moves": ["bugbuzz", "sleeppowder", "hurricane", "quiverdance"], "ability": "Compound Eyes", "evs": {"hp": 85, "atk": 0, "def": 85, "spa": 85, "spd": 85, "spe": 85}, "ivs": {"hp": 31, "atk": 0, "def": 31, "spa": 31, "spd": 31, "spe": 31}, "item": "Heavy-Duty Boots", "teraType": "Steel", "role": "Fast Bulky Setup", "bvs": {"hp": 80, "atk": 52, "def": 50, "spa": 90, "spd": 50, "spe": 89}, "stats": {"hp": 268, "atk": 91, "def": 131, "spa": 197, "spd": 131, "spe": 195}, "types": ["Bug", "Flying"]}, "Ceruledge": {"name": "Ceruledge", "species": "Ceruledge", "speciesId": "ceruledge", "gender": "F", "shiny": false, "level": 78, "moves": ["shadowsneak", "poltergeist", "swordsdance", "bitterblade"], "ability": "Weak Armor", "evs": {"hp": 85, "atk": 85, "def": 85, "spa": 85, "spd": 85, "spe": 85}, "ivs": {"hp": 31, "atk": 31, "def": 31, "spa": 31, "spd": 31, "spe": 31}, "item": "Heavy-Duty Boots", "teraType": "Fire", "role": "Setup Sweeper", "bvs": {"hp": 75, "atk": 125, "def": 80, "spa": 60, "spd": 100, "spe": 85}, "stats": {"hp": 245, "atk": 240, "def": 170, "spa": 139, "spd": 201, "spe": 178}, "types": ["Fire", "Ghost"]}, "Infernape": {"name": "Infernape", "species": "Infernape", "speciesId": "infernape", "gender": "F", "shiny": false, "level": 82, "moves": ["closecombat", "grassknot", "knockoff", "overheat"], "ability": "Blaze", "evs": {"hp": 85, "atk": 85, "def": 85, "spa": 85, "spd": 85, "spe": 85}, "ivs": {"hp": 31, "atk": 31, "def": 31, "spa": 31, "spd": 31, "spe": 31}, "item": "Life Orb", "teraType": "Fire", "role": "Fast Attacker", "bvs": {"hp": 76, "atk": 104, "def": 71, "spa": 104, "spd": 71, "spe": 108}, "stats": {"hp": 259, "atk": 218, "def": 164, "spa": 218, "spd": 164, "spe": 224}, "types": ["Fire", "Fighting"]}, "Floatzel": {"name": "Floatzel", "species": "Floatzel", "speciesId": "floatzel", "gender": "M", "shiny": false, "level": 86, "moves": ["icespinner", "crunch", "wavecrash", "flipturn"], "ability": "Water Veil", "evs": {"hp": 85, "atk": 85, "def": 85, "spa": 85, "spd": 85, "spe": 85}, "ivs": {"hp": 31, "atk": 31, "def": 31, "spa": 31, "spd": 31, "spe": 31}, "item": "Choice Band", "teraType": "Water", "role": "Wallbreaker", "bvs": {"hp": 85, "atk": 105, "def": 55, "spa": 85, "spd": 50, "spe": 115}, "stats": {"hp": 286, "atk": 230, "def": 144, "spa": 195, "spd": 135, "spe": 247}, "types": ["Water"]}}]}