{"id": "gen9randombattle-2641425068", "format": "[Gen 9] Random Battle", "players": ["noKlew", "dandetheheartless"], "log": "|j|\u2606noKlew\n|j|\u2606dandetheheartless\n|t:|1782782815\n|gametype|singles\n|player|p1|noKlew|102|2247\n|player|p2|dandetheheartless|winona|2220\n|gen|9\n|tier|[Gen 9] Random Battle\n|rated|\n|rule|Species Clause: Limit one of each Pok\u00e9mon\n|rule|HP Percentage Mod: HP is shown in percentages\n|rule|Sleep Clause Mod: Limit one foe put to sleep\n|rule|Illusion Level Mod: Illusion disguises the Pok\u00e9mon's true level\n|\n|t:|1782782815\n|teamsize|p1|6\n|teamsize|p2|6\n|start\n|switch|p1a: Altaria|Altaria, L89, M|278/278\n|switch|p2a: Shaymin|Shaymin-Sky, L73|266/266\n|turn|1\n|inactive|Battle timer is ON: inactive players will automatically lose when time's up. (requested by dandetheheartless)\n|inactive|noKlew also wants the timer to be on.\n|inactive|dandetheheartless has 120 seconds left.\n|\n|t:|1782782849\n|switch|p2a: Politoed|Politoed, L88, F|302/302\n|-weather|RainDance|[from] ability: Drizzle|[of] p2a: Politoed\n|move|p1a: Altaria|Will-O-Wisp|p2a: Politoed\n|-status|p2a: Politoed|brn\n|\n|-weather|RainDance|[upkeep]\n|-damage|p2a: Politoed|284/302 brn|[from] brn\n|upkeep\n|turn|2\n|\n|t:|1782782858\n|switch|p1a: Snorlax|Snorlax, L82, M|397/397\n|move|p2a: Politoed|Ice Beam|p1a: Snorlax\n|-damage|p1a: Snorlax|357/397\n|\n|-weather|RainDance|[upkeep]\n|-heal|p1a: Snorlax|381/397|[from] item: Leftovers\n|-damage|p2a: Politoed|266/302 brn|[from] brn\n|upkeep\n|turn|3\n|\n|t:|1782782867\n|switch|p2a: Pecharunt|Pecharunt, L77|262/262\n|move|p1a: Snorlax|Body Slam|p2a: Pecharunt\n|-immune|p2a: Pecharunt\n|\n|-weather|RainDance|[upkeep]\n|-heal|p1a: Snorlax|397/397|[from] item: Leftovers\n|upkeep\n|turn|4\n|\n|t:|1782782879\n|switch|p1a: Scizor|Scizor, L79, F|240/240\n|move|p2a: Pecharunt|Nasty Plot|p2a: Pecharunt\n|-boost|p2a: Pecharunt|spa|2\n|\n|-weather|RainDance|[upkeep]\n|upkeep\n|turn|5\n|\n|t:|1782782881\n|move|p2a: Pecharunt|Shadow Ball|p1a: Scizor\n|-damage|p1a: Scizor|99/240\n|move|p1a: Scizor|Knock Off|p2a: Pecharunt\n|-supereffective|p2a: Pecharunt\n|-damage|p2a: Pecharunt|106/262\n|-enditem|p2a: Pecharunt|Leftovers|[from] move: Knock Off|[of] p1a: Scizor\n|\n|-weather|none\n|upkeep\n|turn|6\n|\n|t:|1782782900\n|switch|p1a: Masquerain|Masquerain, L87, M|264/264\n|-ability|p1a: Masquerain|Intimidate|boost\n|-unboost|p2a: Pecharunt|atk|1\n|move|p2a: Pecharunt|Recover|p2a: Pecharunt\n|-heal|p2a: Pecharunt|237/262\n|\n|upkeep\n|turn|7\n|\n|t:|1782782904\n|move|p1a: Masquerain|Quiver Dance|p1a: Masquerain\n|-boost|p1a: Masquerain|spa|1\n|-boost|p1a: Masquerain|spd|1\n|-boost|p1a: Masquerain|spe|1\n|move|p2a: Pecharunt|Malignant Chain|p1a: Masquerain\n|-damage|p1a: Masquerain|159/264\n|-status|p1a: Masquerain|tox\n|-start|p1a: Masquerain|confusion|[from] ability: Poison Puppeteer|[of] p2a: Pecharunt\n|\n|-damage|p1a: Masquerain|143/264 tox|[from] psn\n|upkeep\n|turn|8\n|\n|t:|1782782913\n|-activate|p1a: Masquerain|confusion\n|-damage|p1a: Masquerain|126/264 tox|[from] confusion\n|move|p2a: Pecharunt|Recover|p2a: Pecharunt\n|-heal|p2a: Pecharunt|262/262\n|\n|-damage|p1a: Masquerain|94/264 tox|[from] psn\n|upkeep\n|turn|9\n|\n|t:|1782782917\n|-end|p1a: Masquerain|confusion\n|move|p1a: Masquerain|Hurricane|p2a: Pecharunt\n|-damage|p2a: Pecharunt|64/262\n|move|p2a: Pecharunt|Malignant Chain|p1a: Masquerain\n|-damage|p1a: Masquerain|0 fnt\n|faint|p1a: Masquerain\n|\n|upkeep\n|\n|t:|1782782933\n|switch|p1a: Altaria|Altaria, L89, M|278/278\n|turn|10\n|\n|t:|1782782939\n|move|p1a: Altaria|Brave Bird|p2a: Pecharunt\n|-damage|p2a: Pecharunt|0 fnt\n|faint|p2a: Pecharunt\n|-damage|p1a: Altaria|257/278|[from] Recoil\n|\n|upkeep\n|\n|t:|1782782949\n|switch|p2a: Cobalion|Cobalion, L80|277/277\n|turn|11\n|\n|t:|1782782961\n|move|p2a: Cobalion|Volt Switch|p1a: Altaria\n|-damage|p1a: Altaria|219/278\n|\n|t:|1782782963\n|switch|p2a: Politoed|Politoed, L88, F|266/302 brn|[from] Volt Switch\n|-weather|RainDance|[from] ability: Drizzle|[of] p2a: Politoed\n|move|p1a: Altaria|Will-O-Wisp|p2a: Politoed\n|-fail|p2a: Politoed|brn\n|\n|-weather|RainDance|[upkeep]\n|-damage|p2a: Politoed|248/302 brn|[from] brn\n|upkeep\n|turn|12\n|\n|t:|1782782972\n|move|p1a: Altaria|Roost|p1a: Altaria\n|-heal|p1a: Altaria|278/278\n|-singleturn|p1a: Altaria|move: Roost\n|move|p2a: Politoed|Weather Ball|p1a: Altaria\n|-resisted|p1a: Altaria\n|-damage|p1a: Altaria|172/278\n|\n|-weather|RainDance|[upkeep]\n|-damage|p2a: Politoed|230/302 brn|[from] brn\n|upkeep\n|turn|13\n|\n|t:|1782782981\n|move|p1a: Altaria|Brave Bird|p2a: Politoed\n|-damage|p2a: Politoed|113/302 brn\n|-damage|p1a: Altaria|133/278|[from] Recoil\n|move|p2a: Politoed|Weather Ball|p1a: Altaria\n|-resisted|p1a: Altaria\n|-damage|p1a: Altaria|28/278\n|\n|-weather|RainDance|[upkeep]\n|-damage|p2a: Politoed|95/302 brn|[from] brn\n|upkeep\n|turn|14\n|\n|t:|1782782989\n|switch|p2a: Shaymin|Shaymin-Sky, L73|266/266\n|move|p1a: Altaria|Roost|p1a: Altaria\n|-heal|p1a: Altaria|167/278\n|-singleturn|p1a: Altaria|move: Roost\n|\n|-weather|RainDance|[upkeep]\n|upkeep\n|turn|15\n|\n|t:|1782782995\n|move|p2a: Shaymin|Substitute|p2a: Shaymin\n|-start|p2a: Shaymin|Substitute\n|-damage|p2a: Shaymin|200/266\n|move|p1a: Altaria|Brave Bird|p2a: Shaymin\n|-supereffective|p2a: Shaymin\n|-end|p2a: Shaymin|Substitute\n|-damage|p1a: Altaria|145/278|[from] Recoil|[of] p2a: Shaymin\n|\n|-weather|none\n|-heal|p2a: Shaymin|216/266|[from] item: Leftovers\n|upkeep\n|turn|16\n|\n|t:|1782783001\n|move|p2a: Shaymin|Substitute|p2a: Shaymin\n|-start|p2a: Shaymin|Substitute\n|-damage|p2a: Shaymin|150/266\n|move|p1a: Altaria|Brave Bird|p2a: Shaymin\n|-supereffective|p2a: Shaymin\n|-end|p2a: Shaymin|Substitute\n|-damage|p1a: Altaria|123/278|[from] Recoil|[of] p2a: Shaymin\n|\n|-heal|p2a: Shaymin|166/266|[from] item: Leftovers\n|upkeep\n|turn|17\n|\n|t:|1782783006\n|move|p2a: Shaymin|Substitute|p2a: Shaymin\n|-start|p2a: Shaymin|Substitute\n|-damage|p2a: Shaymin|100/266\n|move|p1a: Altaria|Brave Bird|p2a: Shaymin\n|-supereffective|p2a: Shaymin\n|-end|p2a: Shaymin|Substitute\n|-damage|p1a: Altaria|101/278|[from] Recoil|[of] p2a: Shaymin\n|\n|-heal|p2a: Shaymin|116/266|[from] item: Leftovers\n|upkeep\n|turn|18\n|\n|t:|1782783009\n|move|p2a: Shaymin|Substitute|p2a: Shaymin\n|-start|p2a: Shaymin|Substitute\n|-damage|p2a: Shaymin|50/266\n|move|p1a: Altaria|Brave Bird|p2a: Shaymin\n|-supereffective|p2a: Shaymin\n|-end|p2a: Shaymin|Substitute\n|-damage|p1a: Altaria|79/278|[from] Recoil|[of] p2a: Shaymin\n|\n|-heal|p2a: Shaymin|66/266|[from] item: Leftovers\n|upkeep\n|turn|19\n|\n|t:|1782783014\n|move|p2a: Shaymin|Air Slash|p1a: Altaria\n|-damage|p1a: Altaria|15/278\n|move|p1a: Altaria|Brave Bird|p2a: Shaymin\n|-supereffective|p2a: Shaymin\n|-damage|p2a: Shaymin|0 fnt\n|faint|p2a: Shaymin\n|-damage|p1a: Altaria|0 fnt|[from] Recoil\n|faint|p1a: Altaria\n|\n|upkeep\n|inactive|noKlew has 120 seconds left.\n|\n|t:|1782783045\n|switch|p2a: Cobalion|Cobalion, L80|277/277\n|switch|p1a: Sudowoodo|Sudowoodo, L94, M|284/284\n|turn|20\n|\n|t:|1782783054\n|move|p2a: Cobalion|Iron Head|p1a: Sudowoodo\n|-supereffective|p1a: Sudowoodo\n|-damage|p1a: Sudowoodo|170/284\n|cant|p1a: Sudowoodo|flinch\n|\n|upkeep\n|turn|21\n|\n|t:|1782783059\n|move|p2a: Cobalion|Iron Head|p1a: Sudowoodo\n|-supereffective|p1a: Sudowoodo\n|-damage|p1a: Sudowoodo|56/284\n|move|p1a: Sudowoodo|Earthquake|p2a: Cobalion\n|-supereffective|p2a: Cobalion\n|-damage|p2a: Cobalion|79/277\n|\n|-heal|p2a: Cobalion|96/277|[from] item: Leftovers\n|upkeep\n|turn|22\n|\n|t:|1782783070\n|move|p2a: Cobalion|Volt Switch|p1a: Sudowoodo\n|-damage|p1a: Sudowoodo|9/284\n|\n|t:|1782783072\n|switch|p2a: Gyarados|Gyarados, L79, M|280/280|[from] Volt Switch\n|move|p1a: Sudowoodo|Earthquake|p2a: Gyarados\n|-immune|p2a: Gyarados\n|\n|upkeep\n|turn|23\n|\n|t:|1782783078\n|switch|p1a: Snorlax|Snorlax, L82, M|397/397\n|move|p2a: Gyarados|Dragon Dance|p2a: Gyarados\n|-boost|p2a: Gyarados|atk|1\n|-boost|p2a: Gyarados|spe|1\n|\n|upkeep\n|turn|24\n|\n|t:|1782783090\n|move|p2a: Gyarados|Waterfall|p1a: Snorlax\n|-damage|p1a: Snorlax|229/397\n|move|p1a: Snorlax|Body Slam|p2a: Gyarados\n|-damage|p2a: Gyarados|166/280\n|\n|-heal|p1a: Snorlax|253/397|[from] item: Leftovers\n|upkeep\n|turn|25\n|\n|t:|1782783101\n|move|p2a: Gyarados|Waterfall|p1a: Snorlax\n|-damage|p1a: Snorlax|91/397\n|cant|p1a: Snorlax|flinch\n|\n|-heal|p1a: Snorlax|115/397|[from] item: Leftovers\n|upkeep\n|turn|26\n|\n|t:|1782783105\n|move|p2a: Gyarados|Waterfall|p1a: Snorlax\n|-damage|p1a: Snorlax|0 fnt\n|faint|p1a: Snorlax\n|-ability|p2a: Gyarados|Moxie|boost\n|-boost|p2a: Gyarados|atk|1\n|\n|upkeep\n|\n|t:|1782783113\n|switch|p1a: Weezing|Weezing-Galar, L86, F|252/252\n|turn|27\n|\n|t:|1782783118\n|move|p2a: Gyarados|Waterfall|p1a: Weezing\n|-damage|p1a: Weezing|108/252\n|move|p1a: Weezing|Will-O-Wisp|p2a: Gyarados\n|-status|p2a: Gyarados|brn\n|\n|-heal|p1a: Weezing|123/252|[from] item: Leftovers\n|-damage|p2a: Gyarados|149/280 brn|[from] brn\n|upkeep\n|turn|28\n|\n|t:|1782783126\n|move|p2a: Gyarados|Waterfall|p1a: Weezing\n|-damage|p1a: Weezing|50/252\n|move|p1a: Weezing|Strange Steam|p2a: Gyarados\n|-damage|p2a: Gyarados|62/280 brn\n|\n|-heal|p1a: Weezing|65/252|[from] item: Leftovers\n|-damage|p2a: Gyarados|45/280 brn|[from] brn\n|upkeep\n|turn|29\n|\n|t:|1782783132\n|move|p2a: Gyarados|Waterfall|p1a: Weezing\n|-damage|p1a: Weezing|0 fnt\n|faint|p1a: Weezing\n|-ability|p2a: Gyarados|Moxie|boost\n|-boost|p2a: Gyarados|atk|1\n|\n|-damage|p2a: Gyarados|28/280 brn|[from] brn\n|upkeep\n|\n|t:|1782783134\n|switch|p1a: Scizor|Scizor, L79, F|99/240\n|turn|30\n|\n|t:|1782783138\n|move|p1a: Scizor|Bullet Punch|p2a: Gyarados\n|-resisted|p2a: Gyarados\n|-damage|p2a: Gyarados|0 fnt\n|faint|p2a: Gyarados\n|\n|upkeep\n|\n|t:|1782783141\n|switch|p2a: Politoed|Politoed, L88, F|95/302 brn\n|-weather|RainDance|[from] ability: Drizzle|[of] p2a: Politoed\n|turn|31\n|\n|t:|1782783149\n|switch|p1a: Sudowoodo|Sudowoodo, L94, M|9/284\n|move|p2a: Politoed|Weather Ball|p1a: Sudowoodo\n|-supereffective|p1a: Sudowoodo\n|-damage|p1a: Sudowoodo|0 fnt\n|faint|p1a: Sudowoodo\n|\n|-weather|RainDance|[upkeep]\n|-damage|p2a: Politoed|77/302 brn|[from] brn\n|upkeep\n|\n|t:|1782783151\n|switch|p1a: Scizor|Scizor, L79, F|99/240\n|turn|32\n|\n|t:|1782783152\n|-terastallize|p1a: Scizor|Steel\n|move|p1a: Scizor|Bullet Punch|p2a: Politoed\n|-resisted|p2a: Politoed\n|-damage|p2a: Politoed|2/302 brn\n|move|p2a: Politoed|Weather Ball|p1a: Scizor\n|-damage|p1a: Scizor|0 fnt\n|faint|p1a: Scizor\n|\n|win|dandetheheartless\n", "inputlog": ">version f8ac14003a5f27e1bdc8d8c59608a773c1cb96e5\n>start {\"formatid\":\"gen9randombattle\",\"seed\":\"sodium,dd14cc1400b2d2b954926052e9097f87\",\"rated\":\"Rated battle\"}\n>player p1 {\"name\":\"noKlew\",\"avatar\":\"102\",\"rating\":2247,\"seed\":\"sodium,b4f87ecf536ce426ee8befbbc984922d\"}\n>player p2 {\"name\":\"dandetheheartless\",\"avatar\":\"winona\",\"rating\":2220,\"seed\":\"sodium,ce94ad73c8a153ffa6fded4fc35187ca\"}\n>p1 move willowisp\n>p2 switch 5\n>p1 switch 6\n>p2 move icebeam\n>p1 move bodyslam\n>p2 switch 6\n>p1 switch 2\n>p2 move nastyplot\n>p1 move knockoff\n>p2 move shadowball\n>p1 switch 3\n>p2 move recover\n>p1 move quiverdance\n>p2 move malignantchain\n>p1 move hurricane\n>p2 move recover\n>p1 move hurricane\n>p2 move malignantchain\n>p1 switch 6\n>p1 move bravebird\n>p2 move recover\n>p2 switch 2\n>p1 move willowisp\n>p2 move voltswitch\n>p2 switch 6\n>p1 move roost\n>p2 move weatherball\n>p1 move bravebird\n>p2 move weatherball\n>p1 move roost\n>p2 switch 5\n>p1 move bravebird\n>p2 move substitute\n>p1 move bravebird\n>p2 move substitute\n>p1 move bravebird\n>p2 move substitute\n>p1 move bravebird\n>p2 move substitute\n>p1 move bravebird\n>p2 move airslash\n>p1 switch 4\n>p2 switch 6\n>p1 move earthquake\n>p2 move ironhead\n>p1 move earthquake\n>p2 move ironhead\n>p1 move earthquake\n>p2 move voltswitch\n>p2 switch 3\n>p1 switch 2\n>p2 move dragondance\n>p1 move bodyslam\n>p2 move waterfall\n>p1 move bodyslam\n>p2 move waterfall\n>p1 move bodyslam\n>p2 move waterfall\n>p1 switch 5\n>p1 move willowisp\n>p2 move waterfall\n>p1 move strangesteam\n>p2 move waterfall\n>p1 move strangesteam\n>p2 move waterfall\n>p1 switch 3\n>p1 move bulletpunch\n>p2 move waterfall\n>p2 switch 5\n>p1 switch 2\n>p2 move weatherball\n>p1 switch 2\n>p1 move bulletpunch terastallize\n>p2 move weatherball", "uploadtime": 1782782817, "views": 6, "formatid": "gen9randombattle", "rating": null, "private": 0, "password": null, "player_dets": [{"name": "noKlew", "avatar": "102", "rating": 2247, "seed": "sodium,b4f87ecf536ce426ee8befbbc984922d"}, {"name": "dandetheheartless", "avatar": "winona", "rating": 2220, "seed": "sodium,ce94ad73c8a153ffa6fded4fc35187ca"}], "teams_full": [{"Altaria": {"name": "Altaria", "species": "Altaria", "speciesId": "altaria", "gender": "M", "shiny": false, "level": 89, "moves": ["bravebird", "willowisp", "roost", "defog"], "ability": "Natural Cure", "evs": {"hp": 85, "atk": 85, "def": 85, "spa": 85, "spd": 85, "spe": 85}, "ivs": {"hp": 31, "atk": 31, "def": 31, "spa": 31, "spd": 31, "spe": 31}, "item": "Heavy-Duty Boots", "teraType": "Steel", "role": "Bulky Support", "bvs": {"hp": 75, "atk": 70, "def": 90, "spa": 70, "spd": 105, "spe": 80}, "stats": {"hp": 278, "atk": 175, "def": 211, "spa": 175, "spd": 238, "spe": 193}, "types": ["Dragon", "Flying"]}, "Scizor": {"name": "Scizor", "species": "Scizor", "speciesId": "scizor", "gender": "F", "shiny": false, "level": 79, "moves": ["closecombat", "bulletpunch", "uturn", "knockoff"], "ability": "Technician", "evs": {"hp": 85, "atk": 85, "def": 85, "spa": 85, "spd": 85, "spe": 85}, "ivs": {"hp": 31, "atk": 31, "def": 31, "spa": 31, "spd": 31, "spe": 31}, "item": "Choice Band", "teraType": "Steel", "role": "Wallbreaker", "bvs": {"hp": 70, "atk": 130, "def": 100, "spa": 55, "spd": 80, "spe": 65}, "stats": {"hp": 240, "atk": 251, "def": 204, "spa": 132, "spd": 172, "spe": 148}, "types": ["Bug", "Steel"]}, "Masquerain": {"name": "Masquerain", "species": "Masquerain", "speciesId": "masquerain", "gender": "M", "shiny": false, "level": 87, "moves": ["bugbuzz", "quiverdance", "hurricane", "hydropump"], "ability": "Intimidate", "evs": {"hp": 85, "atk": 0, "def": 85, "spa": 85, "spd": 85, "spe": 85}, "ivs": {"hp": 31, "atk": 0, "def": 31, "spa": 31, "spd": 31, "spe": 31}, "item": "Heavy-Duty Boots", "teraType": "Water", "role": "Setup Sweeper", "bvs": {"hp": 70, "atk": 60, "def": 62, "spa": 100, "spd": 82, "spe": 80}, "stats": {"hp": 264, "atk": 109, "def": 158, "spa": 224, "spd": 192, "spe": 189}, "types": ["Bug", "Flying"]}, "Sudowoodo": {"name": "Sudowoodo", "species": "Sudowoodo", "speciesId": "sudowoodo", "gender": "M", "shiny": false, "level": 94, "moves": ["suckerpunch", "headsmash", "woodhammer", "earthquake"], "ability": "Rock Head", "evs": {"hp": 85, "atk": 85, "def": 85, "spa": 85, "spd": 85, "spe": 85}, "ivs": {"hp": 31, "atk": 31, "def": 31, "spa": 31, "spd": 31, "spe": 31}, "item": "Choice Band", "teraType": "Rock", "role": "Bulky Attacker", "bvs": {"hp": 70, "atk": 100, "def": 115, "spa": 30, "spd": 65, "spe": 30}, "stats": {"hp": 284, "atk": 241, "def": 270, "spa": 110, "spd": 176, "spe": 110}, "types": ["Rock"]}, "Weezing": {"name": "Weezing", "species": "Weezing-Galar", "speciesId": "weezinggalar", "gender": "F", "shiny": false, "level": 86, "moves": ["fireblast", "strangesteam", "willowisp", "gunkshot"], "ability": "Levitate", "evs": {"hp": 85, "atk": 85, "def": 85, "spa": 85, "spd": 85, "spe": 85}, "ivs": {"hp": 31, "atk": 31, "def": 31, "spa": 31, "spd": 31, "spe": 31}, "item": "Leftovers", "teraType": "Steel", "role": "Bulky Support", "bvs": {"hp": 65, "atk": 90, "def": 120, "spa": 85, "spd": 70, "spe": 60}, "stats": {"hp": 252, "atk": 204, "def": 256, "spa": 195, "spd": 170, "spe": 152}, "types": ["Poison", "Fairy"]}, "Snorlax": {"name": "Snorlax", "species": "Snorlax", "speciesId": "snorlax", "gender": "M", "shiny": false, "level": 82, "moves": ["bodyslam", "curse", "rest", "sleeptalk"], "ability": "Thick Fat", "evs": {"hp": 85, "atk": 85, "def": 85, "spa": 85, "spd": 85, "spe": 85}, "ivs": {"hp": 31, "atk": 31, "def": 31, "spa": 31, "spd": 31, "spe": 31}, "item": "Leftovers", "teraType": "Fairy", "role": "Bulky Attacker", "bvs": {"hp": 160, "atk": 110, "def": 65, "spa": 65, "spd": 110, "spe": 30}, "stats": {"hp": 397, "atk": 228, "def": 154, "spa": 154, "spd": 228, "spe": 96}, "types": ["Normal"]}}, {"Shaymin": {"name": "Shaymin", "species": "Shaymin-Sky", "speciesId": "shayminsky", "gender": "N", "shiny": false, "level": 73, "moves": ["seedflare", "substitute", "airslash", "leechseed"], "ability": "Serene Grace", "evs": {"hp": 85, "atk": 0, "def": 85, "spa": 85, "spd": 85, "spe": 85}, "ivs": {"hp": 31, "atk": 0, "def": 31, "spa": 31, "spd": 31, "spe": 31}, "item": "Leftovers", "teraType": "Steel", "role": "Bulky Support", "bvs": {"hp": 100, "atk": 103, "def": 75, "spa": 120, "spd": 75, "spe": 127}, "stats": {"hp": 266, "atk": 155, "def": 152, "spa": 218, "spd": 152, "spe": 228}, "types": ["Grass", "Flying"]}, "Cobalion": {"name": "Cobalion", "species": "Cobalion", "speciesId": "cobalion", "gender": "N", "shiny": false, "level": 80, "moves": ["voltswitch", "bodypress", "ironhead", "stealthrock"], "ability": "Justified", "evs": {"hp": 85, "atk": 85, "def": 85, "spa": 85, "spd": 85, "spe": 85}, "ivs": {"hp": 31, "atk": 31, "def": 31, "spa": 31, "spd": 31, "spe": 31}, "item": "Leftovers", "teraType": "Water", "role": "Bulky Support", "bvs": {"hp": 91, "atk": 90, "def": 129, "spa": 90, "spd": 72, "spe": 108}, "stats": {"hp": 277, "atk": 190, "def": 253, "spa": 190, "spd": 161, "spe": 219}, "types": ["Steel", "Fighting"]}, "Gyarados": {"name": "Gyarados", "species": "Gyarados", "speciesId": "gyarados", "gender": "M", "shiny": false, "level": 79, "moves": ["terablast", "dragondance", "earthquake", "waterfall"], "ability": "Moxie", "evs": {"hp": 85, "atk": 85, "def": 85, "spa": 85, "spd": 85, "spe": 85}, "ivs": {"hp": 31, "atk": 31, "def": 31, "spa": 31, "spd": 31, "spe": 31}, "item": "Heavy-Duty Boots", "teraType": "Flying", "role": "Tera Blast user", "bvs": {"hp": 95, "atk": 125, "def": 79, "spa": 60, "spd": 100, "spe": 81}, "stats": {"hp": 280, "atk": 243, "def": 170, "spa": 140, "spd": 204, "spe": 174}, "types": ["Water", "Flying"]}, "Revavroom": {"name": "Revavroom", "species": "Revavroom", "speciesId": "revavroom", "gender": "F", "shiny": false, "level": 79, "moves": ["ironhead", "highhorsepower", "gunkshot", "shiftgear"], "ability": "Filter", "evs": {"hp": 85, "atk": 85, "def": 85, "spa": 85, "spd": 85, "spe": 85}, "ivs": {"hp": 31, "atk": 31, "def": 31, "spa": 31, "spd": 31, "spe": 31}, "item": "Life Orb", "teraType": "Ground", "role": "Fast Attacker", "bvs": {"hp": 80, "atk": 119, "def": 90, "spa": 54, "spd": 67, "spe": 90}, "stats": {"hp": 256, "atk": 234, "def": 188, "spa": 131, "spd": 151, "spe": 188}, "types": ["Steel", "Poison"]}, "Politoed": {"name": "Politoed", "species": "Politoed", "speciesId": "politoed", "gender": "F", "shiny": false, "level": 88, "moves": ["hydropump", "focusblast", "weatherball", "icebeam"], "ability": "Drizzle", "evs": {"hp": 85, "atk": 0, "def": 85, "spa": 85, "spd": 85, "spe": 85}, "ivs": {"hp": 31, "atk": 0, "def": 31, "spa": 31, "spd": 31, "spe": 31}, "item": "Choice Specs", "teraType": "Water", "role": "Fast Attacker", "bvs": {"hp": 90, "atk": 75, "def": 75, "spa": 90, "spd": 100, "spe": 70}, "stats": {"hp": 302, "atk": 137, "def": 182, "spa": 209, "spd": 226, "spe": 173}, "types": ["Water"]}, "Pecharunt": {"name": "Pecharunt", "species": "Pecharunt", "speciesId": "pecharunt", "gender": "N", "shiny": false, "level": 77, "moves": ["shadowball", "recover", "nastyplot", "malignantchain"], "ability": "Poison Puppeteer", "evs": {"hp": 85, "atk": 0, "def": 85, "spa": 85, "spd": 85, "spe": 85}, "ivs": {"hp": 31, "atk": 0, "def": 31, "spa": 31, "spd": 31, "spe": 31}, "item": "Leftovers", "teraType": "Dark", "role": "Bulky Attacker", "bvs": {"hp": 88, "atk": 88, "def": 160, "spa": 88, "spd": 88, "spe": 88}, "stats": {"hp": 262, "atk": 140, "def": 291, "spa": 180, "spd": 180, "spe": 180}, "types": ["Poison", "Ghost"]}}]}