{"id": "gen9randombattle-2641478840", "format": "[Gen 9] Random Battle", "players": ["sleepydolphin7", "notmetbh102"], "log": "|j|\u2606sleepydolphin7\n|j|\u2606notmetbh102\n|t:|1782791262\n|gametype|singles\n|player|p1|sleepydolphin7|aquagrunt-rse|2154\n|player|p2|notmetbh102|2|2256\n|gen|9\n|tier|[Gen 9] Random Battle\n|rated|\n|rule|Species Clause: Limit one of each Pok\u00e9mon\n|rule|HP Percentage Mod: HP is shown in percentages\n|rule|Sleep Clause Mod: Limit one foe put to sleep\n|rule|Illusion Level Mod: Illusion disguises the Pok\u00e9mon's true level\n|\n|t:|1782791262\n|teamsize|p1|6\n|teamsize|p2|6\n|start\n|switch|p1a: Carbink|Carbink, L90|236/236\n|switch|p2a: Houndoom|Houndoom, L87, F|272/272\n|turn|1\n|inactive|Battle timer is ON: inactive players will automatically lose when time's up. (requested by notmetbh102)\n|c|\u2606notmetbh102|hf\n|\n|t:|1782791267\n|-terastallize|p2a: Houndoom|Poison\n|move|p2a: Houndoom|Nasty Plot|p2a: Houndoom\n|-boost|p2a: Houndoom|spa|2\n|move|p1a: Carbink|Body Press|p2a: Houndoom\n|-resisted|p2a: Houndoom\n|-damage|p2a: Houndoom|201/272\n|\n|upkeep\n|turn|2\n|\n|t:|1782791287\n|switch|p1a: Iron Treads|Iron Treads, L77|265/265\n|move|p2a: Houndoom|Sludge Bomb|p1a: Iron Treads\n|-immune|p1a: Iron Treads\n|\n|upkeep\n|turn|3\n|\n|t:|1782791290\n|-terastallize|p1a: Iron Treads|Water\n|move|p2a: Houndoom|Fire Blast|p1a: Iron Treads|[miss]\n|-miss|p2a: Houndoom|p1a: Iron Treads\n|move|p1a: Iron Treads|Earthquake|p2a: Houndoom\n|-supereffective|p2a: Houndoom\n|-damage|p2a: Houndoom|0 fnt\n|faint|p2a: Houndoom\n|\n|upkeep\n|\n|t:|1782791291\n|switch|p2a: Oricorio|Oricorio-Pa'u, L87, M|272/272\n|turn|4\n|\n|t:|1782791299\n|-end|p1a: Iron Treads|Quark Drive|[silent]\n|switch|p1a: Zebstrika|Zebstrika, L87, F|272/272\n|move|p2a: Oricorio|Hurricane|p1a: Zebstrika\n|-resisted|p1a: Zebstrika\n|-damage|p1a: Zebstrika|197/272\n|-start|p1a: Zebstrika|confusion\n|\n|upkeep\n|turn|5\n|\n|t:|1782791302\n|switch|p2a: Uxie|Uxie, L83|260/260\n|-activate|p1a: Zebstrika|confusion\n|-damage|p1a: Zebstrika|159/272|[from] confusion\n|\n|upkeep\n|turn|6\n|\n|t:|1782791305\n|-activate|p1a: Zebstrika|confusion\n|move|p1a: Zebstrika|Volt Switch|p2a: Uxie\n|-damage|p2a: Uxie|194/260\n|-damage|p1a: Zebstrika|132/272|[from] item: Life Orb\n|\n|t:|1782791313\n|switch|p1a: Iron Treads|Iron Treads, L77, tera:Water|265/265|[from] Volt Switch\n|move|p2a: Uxie|Knock Off|p1a: Iron Treads\n|-damage|p1a: Iron Treads|216/265\n|-enditem|p1a: Iron Treads|Assault Vest|[from] move: Knock Off|[of] p2a: Uxie\n|\n|-heal|p2a: Uxie|210/260|[from] item: Leftovers\n|upkeep\n|turn|7\n|\n|t:|1782791315\n|move|p1a: Iron Treads|Knock Off|p2a: Uxie\n|-supereffective|p2a: Uxie\n|-damage|p2a: Uxie|110/260\n|-enditem|p2a: Uxie|Leftovers|[from] move: Knock Off|[of] p1a: Iron Treads\n|move|p2a: Uxie|U-turn|p1a: Iron Treads\n|-damage|p1a: Iron Treads|184/265\n|\n|t:|1782791316\n|switch|p2a: Oricorio|Oricorio-Pa'u, L87, M|272/272|[from] U-turn\n|\n|upkeep\n|turn|8\n|\n|t:|1782791324\n|-end|p1a: Iron Treads|Quark Drive|[silent]\n|switch|p1a: Krookodile|Krookodile, L79, F|280/280\n|-ability|p1a: Krookodile|Intimidate|boost\n|-unboost|p2a: Oricorio|atk|1\n|move|p2a: Oricorio|Quiver Dance|p2a: Oricorio\n|-boost|p2a: Oricorio|spa|1\n|-boost|p2a: Oricorio|spd|1\n|-boost|p2a: Oricorio|spe|1\n|\n|upkeep\n|turn|9\n|\n|t:|1782791329\n|move|p2a: Oricorio|Quiver Dance|p2a: Oricorio\n|-boost|p2a: Oricorio|spa|1\n|-boost|p2a: Oricorio|spd|1\n|-boost|p2a: Oricorio|spe|1\n|move|p1a: Krookodile|Knock Off|p2a: Oricorio\n|-supereffective|p2a: Oricorio\n|-damage|p2a: Oricorio|32/272\n|-enditem|p2a: Oricorio|Heavy-Duty Boots|[from] move: Knock Off|[of] p1a: Krookodile\n|\n|upkeep\n|turn|10\n|\n|t:|1782791334\n|move|p2a: Oricorio|Hurricane|p1a: Krookodile|[miss]\n|-miss|p2a: Oricorio|p1a: Krookodile\n|move|p1a: Krookodile|Knock Off|p2a: Oricorio\n|-supereffective|p2a: Oricorio\n|-crit|p2a: Oricorio\n|-damage|p2a: Oricorio|0 fnt\n|faint|p2a: Oricorio\n|\n|upkeep\n|\n|t:|1782791335\n|switch|p2a: Sudowoodo|Sudowoodo, L94, F|284/284\n|turn|11\n|\n|t:|1782791341\n|move|p1a: Krookodile|Earthquake|p2a: Sudowoodo\n|-supereffective|p2a: Sudowoodo\n|-damage|p2a: Sudowoodo|138/284\n|move|p2a: Sudowoodo|Wood Hammer|p1a: Krookodile\n|-supereffective|p1a: Krookodile\n|-damage|p1a: Krookodile|0 fnt\n|faint|p1a: Krookodile\n|\n|upkeep\n|\n|t:|1782791345\n|switch|p1a: Zebstrika|Zebstrika, L87, F|132/272\n|turn|12\n|\n|t:|1782791349\n|switch|p2a: Uxie|Uxie, L83|110/260\n|move|p1a: Zebstrika|Overheat|p2a: Uxie\n|-damage|p2a: Uxie|20/260\n|-unboost|p1a: Zebstrika|spa|2\n|-damage|p1a: Zebstrika|105/272|[from] item: Life Orb\n|\n|upkeep\n|turn|13\n|\n|t:|1782791355\n|move|p1a: Zebstrika|Volt Switch|p2a: Uxie\n|-damage|p2a: Uxie|0 fnt\n|faint|p2a: Uxie\n|-damage|p1a: Zebstrika|78/272|[from] item: Life Orb\n|\n|t:|1782791357\n|switch|p1a: Iron Treads|Iron Treads, L77, tera:Water|184/265|[from] Volt Switch\n|\n|upkeep\n|\n|t:|1782791358\n|switch|p2a: Noctowl|Noctowl, L95, M|344/344\n|turn|14\n|\n|t:|1782791364\n|move|p1a: Iron Treads|Iron Head|p2a: Noctowl\n|-damage|p2a: Noctowl|239/344\n|move|p2a: Noctowl|Hyper Voice|p1a: Iron Treads\n|-damage|p1a: Iron Treads|37/265\n|\n|upkeep\n|turn|15\n|\n|t:|1782791367\n|move|p1a: Iron Treads|Iron Head|p2a: Noctowl\n|-damage|p2a: Noctowl|131/344\n|move|p2a: Noctowl|Roost|p2a: Noctowl\n|-heal|p2a: Noctowl|303/344\n|-singleturn|p2a: Noctowl|move: Roost\n|\n|upkeep\n|turn|16\n|\n|t:|1782791368\n|move|p1a: Iron Treads|Iron Head|p2a: Noctowl\n|-damage|p2a: Noctowl|189/344\n|cant|p2a: Noctowl|flinch\n|\n|upkeep\n|turn|17\n|\n|t:|1782791371\n|move|p1a: Iron Treads|Iron Head|p2a: Noctowl\n|-damage|p2a: Noctowl|84/344\n|move|p2a: Noctowl|Roost|p2a: Noctowl\n|-heal|p2a: Noctowl|256/344\n|-singleturn|p2a: Noctowl|move: Roost\n|\n|upkeep\n|turn|18\n|\n|t:|1782791373\n|move|p1a: Iron Treads|Iron Head|p2a: Noctowl\n|-damage|p2a: Noctowl|144/344\n|move|p2a: Noctowl|Roost|p2a: Noctowl\n|-heal|p2a: Noctowl|316/344\n|-singleturn|p2a: Noctowl|move: Roost\n|\n|upkeep\n|turn|19\n|\n|t:|1782791375\n|move|p1a: Iron Treads|Iron Head|p2a: Noctowl\n|-damage|p2a: Noctowl|217/344\n|cant|p2a: Noctowl|flinch\n|\n|upkeep\n|turn|20\n|\n|t:|1782791377\n|move|p1a: Iron Treads|Iron Head|p2a: Noctowl\n|-damage|p2a: Noctowl|117/344\n|move|p2a: Noctowl|Roost|p2a: Noctowl\n|-heal|p2a: Noctowl|289/344\n|-singleturn|p2a: Noctowl|move: Roost\n|\n|upkeep\n|turn|21\n|\n|t:|1782791379\n|move|p1a: Iron Treads|Iron Head|p2a: Noctowl\n|-damage|p2a: Noctowl|190/344\n|cant|p2a: Noctowl|flinch\n|\n|upkeep\n|turn|22\n|\n|t:|1782791381\n|move|p1a: Iron Treads|Iron Head|p2a: Noctowl\n|-damage|p2a: Noctowl|90/344\n|move|p2a: Noctowl|Roost|p2a: Noctowl\n|-heal|p2a: Noctowl|262/344\n|-singleturn|p2a: Noctowl|move: Roost\n|\n|upkeep\n|turn|23\n|\n|t:|1782791383\n|move|p1a: Iron Treads|Iron Head|p2a: Noctowl\n|-damage|p2a: Noctowl|163/344\n|cant|p2a: Noctowl|flinch\n|\n|upkeep\n|turn|24\n|\n|t:|1782791385\n|move|p1a: Iron Treads|Iron Head|p2a: Noctowl\n|-damage|p2a: Noctowl|60/344\n|move|p2a: Noctowl|Roost|p2a: Noctowl\n|-heal|p2a: Noctowl|232/344\n|-singleturn|p2a: Noctowl|move: Roost\n|\n|upkeep\n|turn|25\n|\n|t:|1782791387\n|move|p1a: Iron Treads|Iron Head|p2a: Noctowl\n|-damage|p2a: Noctowl|118/344\n|cant|p2a: Noctowl|flinch\n|\n|upkeep\n|turn|26\n|\n|t:|1782791389\n|move|p1a: Iron Treads|Iron Head|p2a: Noctowl\n|-damage|p2a: Noctowl|21/344\n|cant|p2a: Noctowl|flinch\n|\n|upkeep\n|turn|27\n|\n|t:|1782791391\n|switch|p2a: Sudowoodo|Sudowoodo, L94, F|138/284\n|move|p1a: Iron Treads|Iron Head|p2a: Sudowoodo\n|-supereffective|p2a: Sudowoodo\n|-damage|p2a: Sudowoodo|30/284\n|\n|upkeep\n|turn|28\n|\n|t:|1782791392\n|switch|p2a: Noctowl|Noctowl, L95, M|21/344\n|move|p1a: Iron Treads|Iron Head|p2a: Noctowl\n|-damage|p2a: Noctowl|0 fnt\n|faint|p2a: Noctowl\n|\n|upkeep\n|\n|t:|1782791393\n|switch|p2a: Sudowoodo|Sudowoodo, L94, F|30/284\n|turn|29\n|\n|t:|1782791395\n|move|p2a: Sudowoodo|Sucker Punch|p1a: Iron Treads\n|-damage|p1a: Iron Treads|0 fnt\n|faint|p1a: Iron Treads\n|-end|p1a: Iron Treads|Quark Drive|[silent]\n|\n|upkeep\n|\n|t:|1782791398\n|switch|p1a: Gurdurr|Gurdurr, L85, M|283/283\n|turn|30\n|\n|t:|1782791399\n|move|p2a: Sudowoodo|Sucker Punch||[still]\n|-fail|p2a: Sudowoodo\n|move|p1a: Gurdurr|Bulk Up|p1a: Gurdurr\n|-boost|p1a: Gurdurr|atk|1\n|-boost|p1a: Gurdurr|def|1\n|\n|upkeep\n|turn|31\n|\n|t:|1782791401\n|move|p2a: Sudowoodo|Sucker Punch||[still]\n|-fail|p2a: Sudowoodo\n|move|p1a: Gurdurr|Bulk Up|p1a: Gurdurr\n|-boost|p1a: Gurdurr|atk|1\n|-boost|p1a: Gurdurr|def|1\n|\n|upkeep\n|turn|32\n|\n|t:|1782791402\n|move|p2a: Sudowoodo|Sucker Punch||[still]\n|-fail|p2a: Sudowoodo\n|move|p1a: Gurdurr|Bulk Up|p1a: Gurdurr\n|-boost|p1a: Gurdurr|atk|1\n|-boost|p1a: Gurdurr|def|1\n|\n|upkeep\n|turn|33\n|\n|t:|1782791403\n|move|p2a: Sudowoodo|Sucker Punch||[still]\n|-fail|p2a: Sudowoodo\n|move|p1a: Gurdurr|Bulk Up|p1a: Gurdurr\n|-boost|p1a: Gurdurr|atk|1\n|-boost|p1a: Gurdurr|def|1\n|\n|upkeep\n|turn|34\n|\n|t:|1782791406\n|move|p1a: Gurdurr|Mach Punch|p2a: Sudowoodo\n|-supereffective|p2a: Sudowoodo\n|-damage|p2a: Sudowoodo|0 fnt\n|faint|p2a: Sudowoodo\n|\n|upkeep\n|\n|t:|1782791406\n|switch|p2a: Iron Thorns|Iron Thorns, L83|302/302\n|-enditem|p2a: Iron Thorns|Booster Energy\n|-activate|p2a: Iron Thorns|ability: Quark Drive|[fromitem]\n|-start|p2a: Iron Thorns|quarkdriveatk\n|turn|35\n|\n|t:|1782791408\n|move|p2a: Iron Thorns|Ice Punch|p1a: Gurdurr\n|-damage|p1a: Gurdurr|263/283\n|-status|p1a: Gurdurr|frz\n|cant|p1a: Gurdurr|frz\n|\n|upkeep\n|turn|36\n|\n|t:|1782791410\n|move|p2a: Iron Thorns|Dragon Dance|p2a: Iron Thorns\n|-boost|p2a: Iron Thorns|atk|1\n|-boost|p2a: Iron Thorns|spe|1\n|cant|p1a: Gurdurr|frz\n|\n|upkeep\n|turn|37\n|\n|t:|1782791411\n|move|p2a: Iron Thorns|Stone Edge|p1a: Gurdurr\n|-resisted|p1a: Gurdurr\n|-damage|p1a: Gurdurr|232/283 frz\n|cant|p1a: Gurdurr|frz\n|\n|upkeep\n|turn|38\n|\n|t:|1782791413\n|move|p2a: Iron Thorns|Stone Edge|p1a: Gurdurr\n|-resisted|p1a: Gurdurr\n|-damage|p1a: Gurdurr|201/283 frz\n|-curestatus|p1a: Gurdurr|frz|[msg]\n|move|p1a: Gurdurr|Drain Punch|p2a: Iron Thorns\n|-supereffective|p2a: Iron Thorns\n|-damage|p2a: Iron Thorns|0 fnt\n|-heal|p1a: Gurdurr|283/283|[from] drain|[of] p2a: Iron Thorns\n|faint|p2a: Iron Thorns\n|-end|p2a: Iron Thorns|Quark Drive|[silent]\n|\n|win|sleepydolphin7\n|raw|sleepydolphin7's rating: 2154 &rarr; <strong>2180</strong><br />(+26 for winning)\n|raw|notmetbh102's rating: 2256 &rarr; <strong>2230</strong><br />(-26 for losing)\n|c|\u2606notmetbh102|gg\n", "inputlog": ">version f8ac14003a5f27e1bdc8d8c59608a773c1cb96e5\n>start {\"formatid\":\"gen9randombattle\",\"seed\":\"sodium,e5f528b7f4c05adf94db39d1c8a1690f\",\"rated\":\"Rated battle\"}\n>player p1 {\"name\":\"sleepydolphin7\",\"avatar\":\"aquagrunt-rse\",\"rating\":2154,\"seed\":\"sodium,ffd924d8f2565b5ddf6a95270be1afd2\"}\n>player p2 {\"name\":\"notmetbh102\",\"avatar\":\"2\",\"rating\":2256,\"seed\":\"sodium,62cf3ab886c4f9b629cd47076815e382\"}\n>chat \u2606notmetbh102|hf\n>p1 move bodypress\n>p2 move nastyplot terastallize\n>p1 switch 5\n>p2 move sludgebomb\n>p1 move earthquake terastallize\n>p2 move fireblast\n>p2 switch 2\n>p1 switch 3\n>p2 move hurricane\n>p1 move supercellslam\n>p2 switch 5\n>p1 move voltswitch\n>p2 move knockoff\n>p1 switch 3\n>p1 move knockoff\n>p2 move uturn\n>p2 switch 5\n>p1 switch 4\n>p2 move quiverdance\n>p1 move knockoff\n>p2 move quiverdance\n>p1 move knockoff\n>p2 move hurricane\n>p2 switch 6\n>p1 move earthquake\n>p2 move woodhammer\n>p1 switch 3\n>p1 move overheat\n>p2 switch 5\n>p1 move voltswitch\n>p2 move knockoff\n>p1 switch 4\n>p2 switch 4\n>p1 move ironhead\n>p2 move hypervoice\n>p1 move ironhead\n>p2 move roost\n>p1 move ironhead\n>p2 move roost\n>p1 move ironhead\n>p2 move roost\n>p1 move ironhead\n>p2 move roost\n>p1 move ironhead\n>p2 move roost\n>p1 move ironhead\n>p2 move roost\n>p1 move ironhead\n>p2 move hypervoice\n>p1 move ironhead\n>p2 move roost\n>p1 move ironhead\n>p2 move roost\n>p1 move ironhead\n>p2 move roost\n>p1 move ironhead\n>p2 move roost\n>p1 move ironhead\n>p2 move roost\n>p1 move ironhead\n>p2 switch 5\n>p1 move ironhead\n>p2 switch 5\n>p2 switch 5\n>p1 move ironhead\n>p2 move suckerpunch\n>p1 switch 6\n>p1 move bulkup\n>p2 move suckerpunch\n>p1 move bulkup\n>p2 move suckerpunch\n>p1 move bulkup\n>p2 move suckerpunch\n>p1 move bulkup\n>p2 move suckerpunch\n>p1 move machpunch\n>p2 move suckerpunch\n>p2 switch 3\n>p1 move drainpunch\n>p2 move icepunch\n>p1 move drainpunch\n>p2 move dragondance\n>p1 move drainpunch\n>p2 move stoneedge\n>p1 move drainpunch\n>p2 move stoneedge", "uploadtime": 1782791265, "views": 4, "formatid": "gen9randombattle", "rating": 2180, "private": 0, "password": null, "player_dets": [{"name": "sleepydolphin7", "avatar": "aquagrunt-rse", "rating": 2154, "seed": "sodium,ffd924d8f2565b5ddf6a95270be1afd2"}, {"name": "notmetbh102", "avatar": "2", "rating": 2256, "seed": "sodium,62cf3ab886c4f9b629cd47076815e382"}], "teams_full": [{"Carbink": {"name": "Carbink", "species": "Carbink", "speciesId": "carbink", "gender": "N", "shiny": false, "level": 90, "moves": ["bodypress", "irondefense", "rockpolish", "moonblast"], "ability": "Clear Body", "evs": {"hp": 85, "atk": 0, "def": 85, "spa": 85, "spd": 85, "spe": 85}, "ivs": {"hp": 31, "atk": 0, "def": 31, "spa": 31, "spd": 31, "spe": 31}, "item": "Leftovers", "teraType": "Fighting", "role": "Fast Bulky Setup", "bvs": {"hp": 50, "atk": 50, "def": 150, "spa": 50, "spd": 150, "spe": 50}, "stats": {"hp": 236, "atk": 95, "def": 321, "spa": 141, "spd": 321, "spe": 141}, "types": ["Rock", "Fairy"]}, "Dachsbun": {"name": "Dachsbun", "species": "Dachsbun", "speciesId": "dachsbun", "gender": "F", "shiny": false, "level": 92, "moves": ["playrough", "protect", "wish", "bodypress"], "ability": "Well-Baked Body", "evs": {"hp": 85, "atk": 85, "def": 85, "spa": 85, "spd": 85, "spe": 85}, "ivs": {"hp": 31, "atk": 31, "def": 31, "spa": 31, "spd": 31, "spe": 31}, "item": "Leftovers", "teraType": "Steel", "role": "Bulky Support", "bvs": {"hp": 57, "atk": 80, "def": 115, "spa": 50, "spd": 80, "spe": 95}, "stats": {"hp": 254, "atk": 200, "def": 264, "spa": 144, "spd": 200, "spe": 227}, "types": ["Fairy"]}, "Zebstrika": {"name": "Zebstrika", "species": "Zebstrika", "speciesId": "zebstrika", "gender": "F", "shiny": false, "level": 87, "moves": ["highhorsepower", "supercellslam", "overheat", "voltswitch"], "ability": "Sap Sipper", "evs": {"hp": 85, "atk": 85, "def": 85, "spa": 85, "spd": 85, "spe": 85}, "ivs": {"hp": 31, "atk": 31, "def": 31, "spa": 31, "spd": 31, "spe": 31}, "item": "Life Orb", "teraType": "Ground", "role": "Fast Attacker", "bvs": {"hp": 75, "atk": 100, "def": 63, "spa": 80, "spd": 63, "spe": 116}, "stats": {"hp": 272, "atk": 224, "def": 159, "spa": 189, "spd": 159, "spe": 252}, "types": ["Electric"]}, "Krookodile": {"name": "Krookodile", "species": "Krookodile", "speciesId": "krookodile", "gender": "F", "shiny": false, "level": 79, "moves": ["knockoff", "gunkshot", "earthquake", "bulkup"], "ability": "Intimidate", "evs": {"hp": 85, "atk": 85, "def": 85, "spa": 85, "spd": 85, "spe": 85}, "ivs": {"hp": 31, "atk": 31, "def": 31, "spa": 31, "spd": 31, "spe": 31}, "item": "Leftovers", "teraType": "Poison", "role": "Bulky Setup", "bvs": {"hp": 95, "atk": 117, "def": 80, "spa": 65, "spd": 70, "spe": 92}, "stats": {"hp": 280, "atk": 230, "def": 172, "spa": 148, "spd": 156, "spe": 191}, "types": ["Ground", "Dark"]}, "Iron Treads": {"name": "Iron Treads", "species": "Iron Treads", "speciesId": "irontreads", "gender": "N", "shiny": false, "level": 77, "moves": ["knockoff", "earthquake", "rapidspin", "ironhead"], "ability": "Quark Drive", "evs": {"hp": 85, "atk": 85, "def": 85, "spa": 85, "spd": 85, "spe": 85}, "ivs": {"hp": 31, "atk": 31, "def": 31, "spa": 31, "spd": 31, "spe": 31}, "item": "Assault Vest", "teraType": "Water", "role": "Bulky Support", "bvs": {"hp": 90, "atk": 112, "def": 120, "spa": 72, "spd": 70, "spe": 106}, "stats": {"hp": 265, "atk": 217, "def": 229, "spa": 155, "spd": 152, "spe": 208}, "types": ["Ground", "Steel"]}, "Gurdurr": {"name": "Gurdurr", "species": "Gurdurr", "speciesId": "gurdurr", "gender": "M", "shiny": false, "level": 85, "moves": ["machpunch", "knockoff", "bulkup", "drainpunch"], "ability": "Guts", "evs": {"hp": 85, "atk": 85, "def": 85, "spa": 85, "spd": 85, "spe": 85}, "ivs": {"hp": 31, "atk": 31, "def": 31, "spa": 31, "spd": 31, "spe": 31}, "item": "Eviolite", "teraType": "Steel", "role": "Bulky Attacker", "bvs": {"hp": 85, "atk": 105, "def": 85, "spa": 40, "spd": 50, "spe": 40}, "stats": {"hp": 283, "atk": 227, "def": 193, "spa": 117, "spd": 134, "spe": 117}, "types": ["Fighting"]}}, {"Houndoom": {"name": "Houndoom", "species": "Houndoom", "speciesId": "houndoom", "gender": "F", "shiny": false, "level": 87, "moves": ["darkpulse", "nastyplot", "fireblast", "sludgebomb"], "ability": "Flash Fire", "evs": {"hp": 85, "atk": 0, "def": 85, "spa": 85, "spd": 85, "spe": 85}, "ivs": {"hp": 31, "atk": 0, "def": 31, "spa": 31, "spd": 31, "spe": 31}, "item": "Heavy-Duty Boots", "teraType": "Poison", "role": "Fast Attacker", "bvs": {"hp": 75, "atk": 90, "def": 50, "spa": 110, "spd": 80, "spe": 95}, "stats": {"hp": 272, "atk": 161, "def": 137, "spa": 241, "spd": 189, "spe": 215}, "types": ["Dark", "Fire"]}, "Oricorio": {"name": "Oricorio", "species": "Oricorio-Pa'u", "speciesId": "oricoriopau", "gender": "M", "shiny": false, "level": 87, "moves": ["roost", "quiverdance", "revelationdance", "hurricane"], "ability": "Dancer", "evs": {"hp": 85, "atk": 0, "def": 85, "spa": 85, "spd": 85, "spe": 85}, "ivs": {"hp": 31, "atk": 0, "def": 31, "spa": 31, "spd": 31, "spe": 31}, "item": "Heavy-Duty Boots", "teraType": "Fighting", "role": "Setup Sweeper", "bvs": {"hp": 75, "atk": 70, "def": 70, "spa": 98, "spd": 70, "spe": 93}, "stats": {"hp": 272, "atk": 126, "def": 172, "spa": 220, "spd": 172, "spe": 212}, "types": ["Psychic", "Flying"]}, "Iron Thorns": {"name": "Iron Thorns", "species": "Iron Thorns", "speciesId": "ironthorns", "gender": "N", "shiny": false, "level": 83, "moves": ["wildcharge", "stoneedge", "icepunch", "dragondance"], "ability": "Quark Drive", "evs": {"hp": 85, "atk": 85, "def": 85, "spa": 85, "spd": 85, "spe": 85}, "ivs": {"hp": 31, "atk": 31, "def": 31, "spa": 31, "spd": 31, "spe": 31}, "item": "Booster Energy", "teraType": "Flying", "role": "Fast Bulky Setup", "bvs": {"hp": 100, "atk": 134, "def": 110, "spa": 70, "spd": 84, "spe": 72}, "stats": {"hp": 302, "atk": 270, "def": 230, "spa": 164, "spd": 187, "spe": 167}, "types": ["Rock", "Electric"]}, "Noctowl": {"name": "Noctowl", "species": "Noctowl", "speciesId": "noctowl", "gender": "M", "shiny": false, "level": 95, "moves": ["hypervoice", "defog", "roost", "hurricane"], "ability": "Tinted Lens", "evs": {"hp": 85, "atk": 0, "def": 85, "spa": 85, "spd": 85, "spe": 85}, "ivs": {"hp": 31, "atk": 0, "def": 31, "spa": 31, "spd": 31, "spe": 31}, "item": "Heavy-Duty Boots", "teraType": "Normal", "role": "Bulky Attacker", "bvs": {"hp": 100, "atk": 50, "def": 50, "spa": 86, "spd": 96, "spe": 70}, "stats": {"hp": 344, "atk": 100, "def": 149, "spa": 217, "spd": 236, "spe": 187}, "types": ["Normal", "Flying"]}, "Uxie": {"name": "Uxie", "species": "Uxie", "speciesId": "uxie", "gender": "N", "shiny": false, "level": 83, "moves": ["thunderwave", "knockoff", "uturn", "psychicnoise"], "ability": "Levitate", "evs": {"hp": 85, "atk": 85, "def": 85, "spa": 85, "spd": 85, "spe": 85}, "ivs": {"hp": 31, "atk": 31, "def": 31, "spa": 31, "spd": 31, "spe": 31}, "item": "Leftovers", "teraType": "Electric", "role": "Bulky Support", "bvs": {"hp": 75, "atk": 75, "def": 130, "spa": 75, "spd": 130, "spe": 95}, "stats": {"hp": 260, "atk": 172, "def": 263, "spa": 172, "spd": 263, "spe": 205}, "types": ["Psychic"]}, "Sudowoodo": {"name": "Sudowoodo", "species": "Sudowoodo", "speciesId": "sudowoodo", "gender": "F", "shiny": false, "level": 94, "moves": ["headsmash", "earthquake", "woodhammer", "suckerpunch"], "ability": "Rock Head", "evs": {"hp": 85, "atk": 85, "def": 85, "spa": 85, "spd": 85, "spe": 85}, "ivs": {"hp": 31, "atk": 31, "def": 31, "spa": 31, "spd": 31, "spe": 31}, "item": "Choice Band", "teraType": "Rock", "role": "Bulky Attacker", "bvs": {"hp": 70, "atk": 100, "def": 115, "spa": 30, "spd": 65, "spe": 30}, "stats": {"hp": 284, "atk": 241, "def": 270, "spa": 110, "spd": 176, "spe": 110}, "types": ["Rock"]}}]}