{"id": "gen9randombattle-2641471966", "format": "[Gen 9] Random Battle", "players": ["My Life is Dance \u2764", "notmetbh102"], "log": "|badge|p1|bronze|gen9randombattle|100-9\n|html|<div class=\"broadcast-red\"><strong>This battle is required to be public due to one or more player having a season medal.</strong><br />During the public phase, you can discuss the state of the ladder <a href=\"/seasondiscussion\">in a special chatroom.</a></div>\n|uhtml|medal-msg|<div class=\"broadcast-blue\">Curious what those medals under the avatar are? PS now has Ladder Seasons! For more information, check out the <a href=\"https://www.smogon.com/forums/threads/3740067/\">thread on Smogon.</a></div>\n|j|\u2606My Life is Dance \u2764\n|j|\u2606notmetbh102\n|t:|1782790071\n|gametype|singles\n|inactive|Battle timer is ON: inactive players will automatically lose when time's up. (requested by notmetbh102)\n|player|p1|My Life is Dance \u2764|tierno|2234\n|player|p2|notmetbh102|2|2200\n|gen|9\n|tier|[Gen 9] Random Battle\n|rated|\n|rule|Species Clause: Limit one of each Pok\u00e9mon\n|rule|HP Percentage Mod: HP is shown in percentages\n|rule|Sleep Clause Mod: Limit one foe put to sleep\n|rule|Illusion Level Mod: Illusion disguises the Pok\u00e9mon's true level\n|\n|t:|1782790071\n|teamsize|p1|6\n|teamsize|p2|6\n|start\n|switch|p1a: Kingdra|Kingdra, L84, M|263/263\n|switch|p2a: Mesprit|Mesprit, L85|275/275\n|turn|1\n|c|\u2606notmetbh102|hf\n|\n|t:|1782790079\n|move|p1a: Kingdra|Dragon Dance|p1a: Kingdra\n|-boost|p1a: Kingdra|atk|1\n|-boost|p1a: Kingdra|spe|1\n|move|p2a: Mesprit|U-turn|p1a: Kingdra\n|-damage|p1a: Kingdra|208/263\n|\n|t:|1782790080\n|switch|p2a: Miraidon|Miraidon, L65|238/238|[from] U-turn\n|-fieldstart|move: Electric Terrain|[from] ability: Hadron Engine|[of] p2a: Miraidon\n|\n|upkeep\n|turn|2\n|\n|t:|1782790089\n|-terastallize|p2a: Miraidon|Electric\n|move|p1a: Kingdra|Outrage|p2a: Miraidon\n|-damage|p2a: Miraidon|30/238\n|move|p2a: Miraidon|Electro Drift|p1a: Kingdra\n|-damage|p1a: Kingdra|0 fnt\n|faint|p1a: Kingdra\n|\n|upkeep\n|\n|t:|1782790099\n|switch|p1a: Gouging Fire|Gouging Fire, L74|277/277\n|turn|3\n|\n|t:|1782790103\n|move|p2a: Miraidon|Electro Drift|p1a: Gouging Fire\n|-resisted|p1a: Gouging Fire\n|-crit|p1a: Gouging Fire\n|-damage|p1a: Gouging Fire|16/277\n|move|p1a: Gouging Fire|Dragon Dance|p1a: Gouging Fire\n|-boost|p1a: Gouging Fire|atk|1\n|-boost|p1a: Gouging Fire|spe|1\n|\n|upkeep\n|turn|4\n|\n|t:|1782790108\n|move|p1a: Gouging Fire|Heat Crash|p2a: Miraidon\n|-damage|p2a: Miraidon|0 fnt\n|faint|p2a: Miraidon\n|\n|upkeep\n|\n|t:|1782790108\n|switch|p2a: Typhlosion|Typhlosion, L84, M|267/267\n|turn|5\n|inactive|My Life is Dance \u2764 has 120 seconds left.\n|\n|t:|1782790159\n|move|p2a: Typhlosion|Eruption|p1a: Gouging Fire\n|-resisted|p1a: Gouging Fire\n|-damage|p1a: Gouging Fire|0 fnt\n|faint|p1a: Gouging Fire\n|-end|p1a: Gouging Fire|Protosynthesis|[silent]\n|\n|-fieldend|move: Electric Terrain\n|upkeep\n|\n|t:|1782790164\n|switch|p1a: Lunala|Lunala, L70|308/308\n|turn|6\n|\n|t:|1782790167\n|switch|p2a: Mesprit|Mesprit, L85|275/275\n|move|p1a: Lunala|Calm Mind|p1a: Lunala\n|-boost|p1a: Lunala|spa|1\n|-boost|p1a: Lunala|spd|1\n|\n|upkeep\n|turn|7\n|inactive|My Life is Dance \u2764 has 120 seconds left.\n|inactive|My Life is Dance \u2764 has 90 seconds left.\n|\n|t:|1782790232\n|switch|p1a: Jumpluff|Jumpluff, L87, F|271/271\n|move|p2a: Mesprit|Thunder Wave|p1a: Jumpluff\n|-status|p1a: Jumpluff|par\n|\n|upkeep\n|turn|8\n|\n|t:|1782790237\n|move|p2a: Mesprit|Psychic Noise|p1a: Jumpluff\n|-damage|p1a: Jumpluff|187/271 par\n|-start|p1a: Jumpluff|move: Heal Block\n|cant|p1a: Jumpluff|par\n|\n|upkeep\n|turn|9\n|\n|t:|1782790240\n|move|p2a: Mesprit|Psychic Noise|p1a: Jumpluff\n|-damage|p1a: Jumpluff|103/271 par\n|move|p1a: Jumpluff|Sleep Powder|p2a: Mesprit\n|-status|p2a: Mesprit|slp|[from] move: Sleep Powder\n|\n|-end|p1a: Jumpluff|move: Heal Block\n|upkeep\n|turn|10\n|\n|t:|1782790246\n|switch|p2a: Lurantis|Lurantis, L87, M|264/264\n|switch|p1a: Slaking|Slaking, L84, M|389/389\n|\n|upkeep\n|turn|11\n|inactive|My Life is Dance \u2764 has 90 seconds left.\n|inactive|My Life is Dance \u2764 has 60 seconds left.\n|\n|t:|1782790297\n|switch|p2a: Kleavor|Kleavor, L78, F|237/237\n|move|p1a: Slaking|Double-Edge|p2a: Kleavor\n|-resisted|p2a: Kleavor\n|-damage|p2a: Kleavor|90/237\n|-damage|p1a: Slaking|340/389|[from] Recoil\n|\n|upkeep\n|turn|12\n|\n|t:|1782790306\n|switch|p1a: Jumpluff|Jumpluff, L87, F|103/271 par\n|move|p2a: Kleavor|Stone Axe|p1a: Jumpluff\n|-supereffective|p1a: Jumpluff\n|-damage|p1a: Jumpluff|0 fnt\n|-sidestart|p1: My Life is Dance \u2764|move: Stealth Rock\n|faint|p1a: Jumpluff\n|\n|upkeep\n|\n|t:|1782790314\n|switch|p1a: Lunala|Lunala, L70|308/308\n|-damage|p1a: Lunala|270/308|[from] Stealth Rock\n|turn|13\n|\n|t:|1782790318\n|move|p2a: Kleavor|X-Scissor|p1a: Lunala\n|-damage|p1a: Lunala|110/308\n|move|p1a: Lunala|Calm Mind|p1a: Lunala\n|-boost|p1a: Lunala|spa|1\n|-boost|p1a: Lunala|spd|1\n|\n|-heal|p1a: Lunala|129/308|[from] item: Leftovers\n|upkeep\n|turn|14\n|\n|t:|1782790327\n|-terastallize|p1a: Lunala|Fairy\n|move|p2a: Kleavor|X-Scissor|p1a: Lunala\n|-resisted|p1a: Lunala\n|-damage|p1a: Lunala|48/308\n|move|p1a: Lunala|Moonlight|p1a: Lunala\n|-heal|p1a: Lunala|202/308\n|\n|-heal|p1a: Lunala|221/308|[from] item: Leftovers\n|upkeep\n|turn|15\n|\n|t:|1782790341\n|move|p2a: Kleavor|Stone Axe|p1a: Lunala\n|-damage|p1a: Lunala|71/308\n|move|p1a: Lunala|Moonlight|p1a: Lunala\n|-heal|p1a: Lunala|225/308\n|\n|-heal|p1a: Lunala|244/308|[from] item: Leftovers\n|upkeep\n|turn|16\n|\n|t:|1782790345\n|move|p2a: Kleavor|Stone Axe|p1a: Lunala\n|-damage|p1a: Lunala|111/308\n|move|p1a: Lunala|Moonlight|p1a: Lunala\n|-heal|p1a: Lunala|265/308\n|\n|-heal|p1a: Lunala|284/308|[from] item: Leftovers\n|upkeep\n|turn|17\n|\n|t:|1782790348\n|move|p2a: Kleavor|Stone Axe|p1a: Lunala\n|-damage|p1a: Lunala|154/308\n|move|p1a: Lunala|Moonlight|p1a: Lunala\n|-heal|p1a: Lunala|308/308\n|\n|upkeep\n|turn|18\n|\n|t:|1782790353\n|move|p2a: Kleavor|Stone Axe|p1a: Lunala\n|-damage|p1a: Lunala|242/308\n|move|p1a: Lunala|Moongeist Beam|p2a: Kleavor\n|-damage|p2a: Kleavor|0 fnt\n|faint|p2a: Kleavor\n|\n|-heal|p1a: Lunala|261/308|[from] item: Leftovers\n|upkeep\n|\n|t:|1782790354\n|switch|p2a: Lurantis|Lurantis, L87, M|264/264\n|turn|19\n|inactive|My Life is Dance \u2764 has 90 seconds left.\n|\n|t:|1782790391\n|move|p1a: Lunala|Calm Mind|p1a: Lunala\n|-boost|p1a: Lunala|spa|1\n|-boost|p1a: Lunala|spd|1\n|move|p2a: Lurantis|Synthesis|p2a: Lurantis\n|-fail|p2a: Lurantis|heal\n|\n|-heal|p1a: Lunala|280/308|[from] item: Leftovers\n|upkeep\n|turn|20\n|\n|t:|1782790413\n|move|p1a: Lunala|Calm Mind|p1a: Lunala\n|-boost|p1a: Lunala|spa|1\n|-boost|p1a: Lunala|spd|1\n|move|p2a: Lurantis|Synthesis|p2a: Lurantis\n|-fail|p2a: Lurantis|heal\n|\n|-heal|p1a: Lunala|299/308|[from] item: Leftovers\n|upkeep\n|turn|21\n|\n|t:|1782790419\n|switch|p2a: Typhlosion|Typhlosion, L84, M|267/267\n|move|p1a: Lunala|Calm Mind|p1a: Lunala\n|-boost|p1a: Lunala|spa|1\n|-boost|p1a: Lunala|spd|1\n|\n|-heal|p1a: Lunala|308/308|[from] item: Leftovers\n|upkeep\n|turn|22\n|\n|t:|1782790423\n|move|p2a: Typhlosion|Scorching Sands|p1a: Lunala\n|-damage|p1a: Lunala|299/308\n|move|p1a: Lunala|Moongeist Beam|p2a: Typhlosion\n|-damage|p2a: Typhlosion|0 fnt\n|faint|p2a: Typhlosion\n|\n|-heal|p1a: Lunala|308/308|[from] item: Leftovers\n|upkeep\n|\n|t:|1782790423\n|switch|p2a: Mesprit|Mesprit, L85|275/275 slp\n|turn|23\n|\n|t:|1782790426\n|switch|p2a: Lurantis|Lurantis, L87, M|264/264\n|move|p1a: Lunala|Moongeist Beam|p2a: Lurantis\n|-crit|p2a: Lurantis\n|-damage|p2a: Lurantis|0 fnt\n|faint|p2a: Lurantis\n|\n|upkeep\n|\n|t:|1782790427\n|switch|p2a: Mesprit|Mesprit, L85|275/275 slp\n|turn|24\n|\n|t:|1782790429\n|cant|p2a: Mesprit|slp\n|move|p1a: Lunala|Moongeist Beam|p2a: Mesprit\n|-supereffective|p2a: Mesprit\n|-damage|p2a: Mesprit|0 fnt\n|faint|p2a: Mesprit\n|\n|upkeep\n|\n|t:|1782790430\n|switch|p2a: Baxcalibur|Baxcalibur, L75, M|295/295\n|turn|25\n|\n|t:|1782790432\n|move|p1a: Lunala|Moongeist Beam|p2a: Baxcalibur\n|-damage|p2a: Baxcalibur|0 fnt\n|faint|p2a: Baxcalibur\n|\n|win|My Life is Dance \u2764\n|raw|My Life is Dance \u2764's rating: 2259 &rarr; <strong>2276</strong><br />(+17 for winning)\n|raw|notmetbh102's rating: 2200 &rarr; <strong>2183</strong><br />(-17 for losing)\n|c|\u2606notmetbh102|gg\n", "inputlog": ">version f8ac14003a5f27e1bdc8d8c59608a773c1cb96e5\n>start {\"formatid\":\"gen9randombattle\",\"seed\":\"sodium,46e7756d1e5b05e6b18dff3d1e191692\",\"rated\":\"Rated battle\"}\n>player p1 {\"name\":\"My Life is Dance \u2764\",\"avatar\":\"tierno\",\"rating\":2234,\"seed\":\"sodium,9f4fc955da04f3265aa996cbf4775e92\"}\n>player p2 {\"name\":\"notmetbh102\",\"avatar\":\"2\",\"rating\":2200,\"seed\":\"sodium,67e9fc5eb44329b76f97709e2699398f\"}\n>chat \u2606notmetbh102|hf\n>p1 move dragondance\n>p2 move uturn\n>p2 switch 6\n>p1 move outrage\n>p2 move electrodrift terastallize\n>p1 switch 5\n>p1 move dragondance\n>p2 move electrodrift\n>p1 move heatcrash\n>p2 move electrodrift\n>p2 switch 5\n>p1 move outrage\n>p2 move eruption\n>p1 switch 6\n>p1 move calmmind\n>p2 switch 6\n>p1 switch 2\n>p2 move thunderwave\n>p1 move sleeppowder\n>p2 move psychicnoise\n>p1 move sleeppowder\n>p2 move psychicnoise\n>p1 switch 4\n>p2 switch 2\n>p1 move doubleedge\n>p2 switch 3\n>p1 switch 4\n>p2 move stoneaxe\n>p1 switch 2\n>p1 move calmmind\n>p2 move xscissor\n>p1 move moonlight terastallize\n>p2 move xscissor\n>p1 move moonlight\n>p2 move stoneaxe\n>p1 move moonlight\n>p2 move stoneaxe\n>p1 move moonlight\n>p2 move stoneaxe\n>p1 move moongeistbeam\n>p2 move stoneaxe\n>p2 switch 3\n>p1 move calmmind\n>p2 move synthesis\n>p1 move calmmind\n>p2 move synthesis\n>p1 move calmmind\n>p2 switch 6\n>p1 move moongeistbeam\n>p2 move scorchingsands\n>p2 switch 2\n>p1 move moongeistbeam\n>p2 switch 6\n>p2 switch 6\n>p1 move moongeistbeam\n>p2 move knockoff\n>p2 switch 4\n>p1 move moongeistbeam\n>p2 move glaiverush", "uploadtime": 1782790072, "views": 6, "formatid": "gen9randombattle", "rating": 2183, "private": 0, "password": null, "player_dets": [{"name": "My Life is Dance \u2764", "avatar": "tierno", "rating": 2234, "seed": "sodium,9f4fc955da04f3265aa996cbf4775e92"}, {"name": "notmetbh102", "avatar": "2", "rating": 2200, "seed": "sodium,67e9fc5eb44329b76f97709e2699398f"}], "teams_full": [{"Kingdra": {"name": "Kingdra", "species": "Kingdra", "speciesId": "kingdra", "gender": "M", "shiny": false, "level": 84, "moves": ["ironhead", "wavecrash", "dragondance", "outrage"], "ability": "Sniper", "evs": {"hp": 85, "atk": 85, "def": 85, "spa": 85, "spd": 85, "spe": 85}, "ivs": {"hp": 31, "atk": 31, "def": 31, "spa": 31, "spd": 31, "spe": 31}, "item": "Lum Berry", "teraType": "Steel", "role": "Fast Bulky Setup", "bvs": {"hp": 75, "atk": 95, "def": 95, "spa": 95, "spd": 95, "spe": 85}, "stats": {"hp": 263, "atk": 208, "def": 208, "spa": 208, "spd": 208, "spe": 191}, "types": ["Water", "Dragon"]}, "Jumpluff": {"name": "Jumpluff", "species": "Jumpluff", "speciesId": "jumpluff", "gender": "F", "shiny": false, "level": 87, "moves": ["acrobatics", "encore", "strengthsap", "sleeppowder"], "ability": "Infiltrator", "evs": {"hp": 81, "atk": 85, "def": 85, "spa": 85, "spd": 85, "spe": 85}, "ivs": {"hp": 31, "atk": 31, "def": 31, "spa": 31, "spd": 31, "spe": 31}, "item": "", "teraType": "Steel", "role": "Bulky Attacker", "bvs": {"hp": 75, "atk": 55, "def": 70, "spa": 55, "spd": 95, "spe": 110}, "stats": {"hp": 271, "atk": 145, "def": 172, "spa": 145, "spd": 215, "spe": 241}, "types": ["Grass", "Flying"]}, "Iron Bundle": {"name": "Iron Bundle", "species": "Iron Bundle", "speciesId": "ironbundle", "gender": "N", "shiny": false, "level": 78, "moves": ["hydropump", "flipturn", "icebeam", "freezedry"], "ability": "Quark Drive", "evs": {"hp": 85, "atk": 85, "def": 85, "spa": 85, "spd": 85, "spe": 85}, "ivs": {"hp": 31, "atk": 31, "def": 31, "spa": 31, "spd": 31, "spe": 31}, "item": "Choice Specs", "teraType": "Water", "role": "Fast Attacker", "bvs": {"hp": 56, "atk": 80, "def": 114, "spa": 124, "spd": 60, "spe": 136}, "stats": {"hp": 215, "atk": 170, "def": 223, "spa": 239, "spd": 139, "spe": 257}, "types": ["Ice", "Water"]}, "Slaking": {"name": "Slaking", "species": "Slaking", "speciesId": "slaking", "gender": "M", "shiny": false, "level": 84, "moves": ["knockoff", "earthquake", "doubleedge", "gigaimpact"], "ability": "Truant", "evs": {"hp": 85, "atk": 85, "def": 85, "spa": 85, "spd": 85, "spe": 85}, "ivs": {"hp": 31, "atk": 31, "def": 31, "spa": 31, "spd": 31, "spe": 31}, "item": "Choice Band", "teraType": "Normal", "role": "Fast Attacker", "bvs": {"hp": 150, "atk": 160, "def": 100, "spa": 95, "spd": 65, "spe": 100}, "stats": {"hp": 389, "atk": 317, "def": 216, "spa": 208, "spd": 157, "spe": 216}, "types": ["Normal"]}, "Gouging Fire": {"name": "Gouging Fire", "species": "Gouging Fire", "speciesId": "gougingfire", "gender": "N", "shiny": false, "level": 74, "moves": ["heatcrash", "dragondance", "morningsun", "outrage"], "ability": "Protosynthesis", "evs": {"hp": 85, "atk": 85, "def": 85, "spa": 85, "spd": 85, "spe": 85}, "ivs": {"hp": 31, "atk": 31, "def": 31, "spa": 31, "spd": 31, "spe": 31}, "item": "Heavy-Duty Boots", "teraType": "Fairy", "role": "Bulky Setup", "bvs": {"hp": 105, "atk": 115, "def": 121, "spa": 65, "spd": 93, "spe": 91}, "stats": {"hp": 277, "atk": 213, "def": 222, "spa": 139, "spd": 181, "spe": 178}, "types": ["Fire", "Dragon"]}, "Lunala": {"name": "Lunala", "species": "Lunala", "speciesId": "lunala", "gender": "N", "shiny": false, "level": 70, "moves": ["calmmind", "moonlight", "psyshock", "moongeistbeam"], "ability": "Shadow Shield", "evs": {"hp": 85, "atk": 0, "def": 85, "spa": 85, "spd": 85, "spe": 85}, "ivs": {"hp": 31, "atk": 0, "def": 31, "spa": 31, "spd": 31, "spe": 31}, "item": "Leftovers", "teraType": "Fairy", "role": "Fast Bulky Setup", "bvs": {"hp": 137, "atk": 113, "def": 89, "spa": 137, "spd": 107, "spe": 97}, "stats": {"hp": 308, "atk": 163, "def": 166, "spa": 233, "spd": 191, "spe": 177}, "types": ["Psychic", "Ghost"]}}, {"Mesprit": {"name": "Mesprit", "species": "Mesprit", "speciesId": "mesprit", "gender": "N", "shiny": false, "level": 85, "moves": ["uturn", "thunderwave", "knockoff", "psychicnoise"], "ability": "Levitate", "evs": {"hp": 85, "atk": 85, "def": 85, "spa": 85, "spd": 85, "spe": 85}, "ivs": {"hp": 31, "atk": 31, "def": 31, "spa": 31, "spd": 31, "spe": 31}, "item": "Leftovers", "teraType": "Steel", "role": "Bulky Support", "bvs": {"hp": 80, "atk": 105, "def": 105, "spa": 105, "spd": 105, "spe": 80}, "stats": {"hp": 275, "atk": 227, "def": 227, "spa": 227, "spd": 227, "spe": 185}, "types": ["Psychic"]}, "Lurantis": {"name": "Lurantis", "species": "Lurantis", "speciesId": "lurantis", "gender": "M", "shiny": false, "level": 87, "moves": ["superpower", "leafstorm", "synthesis", "defog"], "ability": "Contrary", "evs": {"hp": 85, "atk": 85, "def": 85, "spa": 85, "spd": 85, "spe": 85}, "ivs": {"hp": 31, "atk": 31, "def": 31, "spa": 31, "spd": 31, "spe": 31}, "item": "Leftovers", "teraType": "Fighting", "role": "Bulky Attacker", "bvs": {"hp": 70, "atk": 105, "def": 90, "spa": 80, "spd": 90, "spe": 45}, "stats": {"hp": 264, "atk": 232, "def": 206, "spa": 189, "spd": 206, "spe": 128}, "types": ["Grass"]}, "Kleavor": {"name": "Kleavor", "species": "Kleavor", "speciesId": "kleavor", "gender": "F", "shiny": false, "level": 78, "moves": ["closecombat", "xscissor", "stoneaxe", "swordsdance"], "ability": "Sharpness", "evs": {"hp": 85, "atk": 85, "def": 85, "spa": 85, "spd": 85, "spe": 85}, "ivs": {"hp": 31, "atk": 31, "def": 31, "spa": 31, "spd": 31, "spe": 31}, "item": "Heavy-Duty Boots", "teraType": "Fighting", "role": "Bulky Attacker", "bvs": {"hp": 70, "atk": 135, "def": 95, "spa": 45, "spd": 70, "spe": 85}, "stats": {"hp": 237, "atk": 256, "def": 193, "spa": 115, "spd": 154, "spe": 178}, "types": ["Bug", "Rock"]}, "Baxcalibur": {"name": "Baxcalibur", "species": "Baxcalibur", "speciesId": "baxcalibur", "gender": "M", "shiny": false, "level": 75, "moves": ["earthquake", "iceshard", "glaiverush", "iciclecrash"], "ability": "Thermal Exchange", "evs": {"hp": 81, "atk": 85, "def": 85, "spa": 85, "spd": 85, "spe": 85}, "ivs": {"hp": 31, "atk": 31, "def": 31, "spa": 31, "spd": 31, "spe": 31}, "item": "Choice Band", "teraType": "Dragon", "role": "Fast Attacker", "bvs": {"hp": 115, "atk": 145, "def": 92, "spa": 75, "spd": 86, "spe": 87}, "stats": {"hp": 295, "atk": 261, "def": 182, "spa": 156, "spd": 173, "spe": 174}, "types": ["Dragon", "Ice"]}, "Typhlosion": {"name": "Typhlosion", "species": "Typhlosion", "speciesId": "typhlosion", "gender": "M", "shiny": false, "level": 84, "moves": ["scorchingsands", "fireblast", "focusblast", "eruption"], "ability": "Blaze", "evs": {"hp": 81, "atk": 0, "def": 85, "spa": 85, "spd": 85, "spe": 85}, "ivs": {"hp": 31, "atk": 0, "def": 31, "spa": 31, "spd": 31, "spe": 31}, "item": "Choice Scarf", "teraType": "Fire", "role": "Fast Attacker", "bvs": {"hp": 78, "atk": 84, "def": 78, "spa": 109, "spd": 85, "spe": 100}, "stats": {"hp": 267, "atk": 146, "def": 179, "spa": 231, "spd": 191, "spe": 216}, "types": ["Fire"]}, "Miraidon": {"name": "Miraidon", "species": "Miraidon", "speciesId": "miraidon", "gender": "N", "shiny": false, "level": 65, "moves": ["dracometeor", "voltswitch", "electrodrift", "overheat"], "ability": "Hadron Engine", "evs": {"hp": 85, "atk": 0, "def": 85, "spa": 85, "spd": 85, "spe": 85}, "ivs": {"hp": 31, "atk": 0, "def": 31, "spa": 31, "spd": 31, "spe": 31}, "item": "Choice Specs", "teraType": "Electric", "role": "Fast Attacker", "bvs": {"hp": 100, "atk": 85, "def": 100, "spa": 135, "spd": 115, "spe": 135}, "stats": {"hp": 238, "atk": 115, "def": 168, "spa": 214, "spd": 188, "spe": 214}, "types": ["Electric", "Dragon"]}}]}