{"id": "gen9randombattle-2641321802", "format": "[Gen 9] Random Battle", "players": ["notmetbh102", "Norman2!"], "log": "|badge|p1|bronze|gen9randombattle|100-9\n|html|<div class=\"broadcast-red\"><strong>This battle is required to be public due to one or more player having a season medal.</strong><br />During the public phase, you can discuss the state of the ladder <a href=\"/seasondiscussion\">in a special chatroom.</a></div>\n|uhtml|medal-msg|<div class=\"broadcast-blue\">Curious what those medals under the avatar are? PS now has Ladder Seasons! For more information, check out the <a href=\"https://www.smogon.com/forums/threads/3740067/\">thread on Smogon.</a></div>\n|badge|p2|silver|gen9randombattle|30-9\n|uhtml|medal-msg|<div class=\"broadcast-blue\">Curious what those medals under the avatar are? PS now has Ladder Seasons! For more information, check out the <a href=\"https://www.smogon.com/forums/threads/3740067/\">thread on Smogon.</a></div>\n|raw|<div class=\"broadcast-blue\"><strong>This battle is required to be public due to a player having a name starting with 'medal'.</div>\n|j|\u2606notmetbh102\n|j|\u203dNorman2!\n|t:|1782767696\n|gametype|singles\n|player|p1|notmetbh102|2|2340\n|player|p2|Norman2!|266|2389\n|gen|9\n|tier|[Gen 9] Random Battle\n|rated|\n|rule|Species Clause: Limit one of each Pok\u00e9mon\n|rule|HP Percentage Mod: HP is shown in percentages\n|rule|Sleep Clause Mod: Limit one foe put to sleep\n|rule|Illusion Level Mod: Illusion disguises the Pok\u00e9mon's true level\n|\n|t:|1782767696\n|teamsize|p1|6\n|teamsize|p2|6\n|start\n|switch|p1a: Mabosstiff|Mabosstiff, L86, F|278/278\n|switch|p2a: Probopass|Probopass, L91, M|257/257\n|turn|1\n|inactive|Battle timer is ON: inactive players will automatically lose when time's up. (requested by notmetbh102)\n|c|\u2606notmetbh102|hf\n|\n|t:|1782767722\n|switch|p1a: Medicham|Medicham, L86, F|243/243\n|move|p2a: Probopass|Thunder Wave|p1a: Medicham\n|-status|p1a: Medicham|par\n|\n|upkeep\n|turn|2\n|\n|t:|1782767729\n|switch|p1a: Ogerpon|Ogerpon-Wellspring, L76, F|247/247\n|switch|p2a: Mimikyu|Mimikyu, L79, M|216/216\n|\n|upkeep\n|turn|3\n|\n|t:|1782767754\n|move|p1a: Ogerpon|Ivy Cudgel|p2a: Mimikyu|[anim] Ivy Cudgel Water\n|-activate|p2a: Mimikyu|ability: Disguise\n|-damage|p2a: Mimikyu|216/216\n|detailschange|p2a: Mimikyu|Mimikyu-Busted, L79, M\n|-damage|p2a: Mimikyu|189/216|[from] pokemon: Mimikyu-Busted\n|move|p2a: Mimikyu|Swords Dance|p2a: Mimikyu\n|-boost|p2a: Mimikyu|atk|2\n|\n|upkeep\n|turn|4\n|\n|t:|1782767759\n|-terastallize|p1a: Ogerpon|Water\n|detailschange|p1a: Ogerpon|Ogerpon-Wellspring-Tera, L76, F, tera:Water\n|-ability|p1a: Ogerpon|Embody Aspect (Wellspring)|boost\n|-boost|p1a: Ogerpon|spd|1\n|move|p1a: Ogerpon|Ivy Cudgel|p2a: Mimikyu|[anim] Ivy Cudgel Water\n|-damage|p2a: Mimikyu|0 fnt\n|faint|p2a: Mimikyu\n|\n|upkeep\n|\n|t:|1782767775\n|switch|p2a: Tinkaton|Tinkaton, L82, F|274/274\n|-ability|p2a: Tinkaton|Mold Breaker\n|turn|5\n|\n|t:|1782767777\n|move|p1a: Ogerpon|Swords Dance|p1a: Ogerpon\n|-boost|p1a: Ogerpon|atk|2\n|move|p2a: Tinkaton|Thunder Wave|p1a: Ogerpon\n|-status|p1a: Ogerpon|par\n|\n|upkeep\n|turn|6\n|\n|t:|1782767787\n|move|p2a: Tinkaton|Play Rough|p1a: Ogerpon\n|-crit|p1a: Ogerpon\n|-damage|p1a: Ogerpon|129/247 par\n|move|p1a: Ogerpon|Ivy Cudgel|p2a: Tinkaton|[anim] Ivy Cudgel Water\n|-damage|p2a: Tinkaton|0 fnt\n|faint|p2a: Tinkaton\n|\n|upkeep\n|\n|t:|1782767794\n|switch|p2a: Bombirdier|Bombirdier, L85, M|258/258\n|turn|7\n|\n|t:|1782767796\n|switch|p1a: Dedenne|Dedenne, L88, M|261/261\n|move|p2a: Bombirdier|Brave Bird|p1a: Dedenne\n|-resisted|p1a: Dedenne\n|-damage|p1a: Dedenne|169/261\n|-damage|p2a: Bombirdier|228/258|[from] Recoil\n|\n|upkeep\n|turn|8\n|\n|t:|1782767802\n|switch|p2a: Muk|Muk, L86, M|321/321\n|move|p1a: Dedenne|Nuzzle|p2a: Muk\n|-damage|p2a: Muk|302/321\n|-status|p2a: Muk|par\n|\n|upkeep\n|turn|9\n|\n|t:|1782767808\n|switch|p1a: Ogerpon|Ogerpon-Wellspring-Tera, L76, F, tera:Water|129/247 par\n|-ability|p1a: Ogerpon|Embody Aspect (Wellspring)|boost\n|-boost|p1a: Ogerpon|spd|1\n|move|p2a: Muk|Poison Jab|p1a: Ogerpon\n|-damage|p1a: Ogerpon|29/247 par\n|\n|upkeep\n|turn|10\n|\n|t:|1782767814\n|move|p2a: Muk|Shadow Sneak|p1a: Ogerpon\n|-damage|p1a: Ogerpon|0 fnt\n|faint|p1a: Ogerpon\n|detailschange|p1: Ogerpon|Ogerpon-Wellspring, L76, F|[silent]\n|\n|upkeep\n|\n|t:|1782767815\n|switch|p1a: Mabosstiff|Mabosstiff, L86, F|278/278\n|turn|11\n|\n|t:|1782767821\n|move|p1a: Mabosstiff|Crunch|p2a: Muk\n|-damage|p2a: Muk|179/321 par\n|move|p2a: Muk|Drain Punch|p1a: Mabosstiff\n|-supereffective|p1a: Mabosstiff\n|-damage|p1a: Mabosstiff|172/278\n|-heal|p2a: Muk|232/321 par|[from] drain|[of] p1a: Mabosstiff\n|\n|upkeep\n|turn|12\n|\n|t:|1782767847\n|switch|p2a: Bombirdier|Bombirdier, L85, M|228/258\n|move|p1a: Mabosstiff|Crunch|p2a: Bombirdier\n|-resisted|p2a: Bombirdier\n|-damage|p2a: Bombirdier|120/258\n|\n|upkeep\n|turn|13\n|\n|t:|1782767855\n|move|p1a: Mabosstiff|Crunch|p2a: Bombirdier\n|-resisted|p2a: Bombirdier\n|-damage|p2a: Bombirdier|69/258\n|move|p2a: Bombirdier|Roost|p2a: Bombirdier\n|-heal|p2a: Bombirdier|198/258\n|-singleturn|p2a: Bombirdier|move: Roost\n|\n|upkeep\n|turn|14\n|\n|t:|1782767862\n|move|p1a: Mabosstiff|Crunch|p2a: Bombirdier\n|-resisted|p2a: Bombirdier\n|-damage|p2a: Bombirdier|148/258\n|move|p2a: Bombirdier|Knock Off|p1a: Mabosstiff\n|-resisted|p1a: Mabosstiff\n|-damage|p1a: Mabosstiff|118/278\n|-enditem|p1a: Mabosstiff|Choice Scarf|[from] move: Knock Off|[of] p2a: Bombirdier\n|\n|upkeep\n|turn|15\n|\n|t:|1782767871\n|move|p1a: Mabosstiff|Crunch|p2a: Bombirdier\n|-resisted|p2a: Bombirdier\n|-damage|p2a: Bombirdier|93/258\n|move|p2a: Bombirdier|Brave Bird|p1a: Mabosstiff\n|-damage|p1a: Mabosstiff|0 fnt\n|faint|p1a: Mabosstiff\n|-damage|p2a: Bombirdier|54/258|[from] Recoil\n|\n|upkeep\n|\n|t:|1782767872\n|switch|p1a: Hitmonlee|Hitmonlee, L85, M|224/224\n|turn|16\n|\n|t:|1782767877\n|move|p1a: Hitmonlee|Close Combat|p2a: Bombirdier\n|-damage|p2a: Bombirdier|0 fnt\n|-unboost|p1a: Hitmonlee|def|1\n|-unboost|p1a: Hitmonlee|spd|1\n|faint|p2a: Bombirdier\n|-enditem|p1a: Hitmonlee|White Herb\n|-clearnegativeboost|p1a: Hitmonlee|[silent]\n|\n|upkeep\n|inactive|Norman2! has 120 seconds left.\n|\n|t:|1782767919\n|switch|p2a: Probopass|Probopass, L91, M|257/257\n|turn|17\n|inactive|Norman2! has 120 seconds left.\n|\n|t:|1782767929\n|-terastallize|p2a: Probopass|Fighting\n|move|p1a: Hitmonlee|Close Combat|p2a: Probopass\n|-damage|p2a: Probopass|152/257\n|-unboost|p1a: Hitmonlee|def|1\n|-unboost|p1a: Hitmonlee|spd|1\n|move|p2a: Probopass|Body Press|p1a: Hitmonlee\n|-damage|p1a: Hitmonlee|0 fnt\n|faint|p1a: Hitmonlee\n|\n|-heal|p2a: Probopass|168/257|[from] item: Leftovers\n|upkeep\n|\n|t:|1782767930\n|switch|p1a: Espathra|Espathra, L80, M|283/283\n|turn|18\n|\n|t:|1782767936\n|move|p1a: Espathra|Lumina Crash|p2a: Probopass\n|-supereffective|p2a: Probopass\n|-damage|p2a: Probopass|18/257\n|-unboost|p2a: Probopass|spd|2\n|move|p2a: Probopass|Thunder Wave|p1a: Espathra|[miss]\n|-miss|p2a: Probopass|p1a: Espathra\n|\n|-heal|p2a: Probopass|34/257|[from] item: Leftovers\n|-ability|p1a: Espathra|Speed Boost|boost\n|-boost|p1a: Espathra|spe|1\n|upkeep\n|turn|19\n|\n|t:|1782767946\n|move|p1a: Espathra|Lumina Crash|p2a: Probopass\n|-supereffective|p2a: Probopass\n|-damage|p2a: Probopass|0 fnt\n|faint|p2a: Probopass\n|\n|-ability|p1a: Espathra|Speed Boost|boost\n|-boost|p1a: Espathra|spe|1\n|upkeep\n|inactive|Norman2! has 120 seconds left.\n|\n|t:|1782767963\n|switch|p2a: Kyogre|Kyogre, L71|259/259\n|-weather|RainDance|[from] ability: Drizzle|[of] p2a: Kyogre\n|turn|20\n|inactive|Norman2! has 120 seconds left.\n|inactive|Norman2! has 90 seconds left.\n|\n|t:|1782768022\n|move|p1a: Espathra|Lumina Crash|p2a: Kyogre\n|-damage|p2a: Kyogre|153/259\n|-unboost|p2a: Kyogre|spd|2\n|move|p2a: Kyogre|Calm Mind|p2a: Kyogre\n|-boost|p2a: Kyogre|spa|1\n|-boost|p2a: Kyogre|spd|1\n|\n|-weather|RainDance|[upkeep]\n|-heal|p2a: Kyogre|169/259|[from] item: Leftovers\n|-ability|p1a: Espathra|Speed Boost|boost\n|-boost|p1a: Espathra|spe|1\n|upkeep\n|turn|21\n|\n|t:|1782768028\n|move|p1a: Espathra|Lumina Crash|p2a: Kyogre\n|-damage|p2a: Kyogre|12/259\n|-unboost|p2a: Kyogre|spd|2\n|move|p2a: Kyogre|Origin Pulse|p1a: Espathra\n|-damage|p1a: Espathra|0 fnt\n|faint|p1a: Espathra\n|\n|-weather|RainDance|[upkeep]\n|-heal|p2a: Kyogre|28/259|[from] item: Leftovers\n|upkeep\n|\n|t:|1782768029\n|switch|p1a: Dedenne|Dedenne, L88, M|169/261\n|turn|22\n|inactive|Norman2! has 90 seconds left.\n|\n|t:|1782768037\n|switch|p2a: Muk|Muk, L86, M|232/321 par\n|move|p1a: Dedenne|U-turn|p2a: Muk\n|-resisted|p2a: Muk\n|-damage|p2a: Muk|211/321 par\n|\n|t:|1782768038\n|switch|p1a: Medicham|Medicham, L86, F|243/243 par|[from] U-turn\n|\n|-weather|RainDance|[upkeep]\n|upkeep\n|turn|23\n|inactive|Norman2! has 90 seconds left.\n|\n|t:|1782768053\n|switch|p2a: Kyogre|Kyogre, L71|28/259\n|cant|p1a: Medicham|par\n|\n|-weather|RainDance|[upkeep]\n|-heal|p2a: Kyogre|44/259|[from] item: Leftovers\n|upkeep\n|turn|24\n|\n|t:|1782768062\n|switch|p1a: Dedenne|Dedenne, L88, M|169/261\n|move|p2a: Kyogre|Origin Pulse|p1a: Dedenne\n|-damage|p1a: Dedenne|0 fnt\n|faint|p1a: Dedenne\n|\n|-weather|none\n|-heal|p2a: Kyogre|60/259|[from] item: Leftovers\n|upkeep\n|\n|t:|1782768063\n|switch|p1a: Medicham|Medicham, L86, F|243/243 par\n|turn|25\n|inactive|Norman2! has 90 seconds left.\n|inactive|Norman2! has 60 seconds left.\n|inactive|Norman2! has 30 seconds left.\n|inactive|Norman2! has 20 seconds left.\n|inactive|Norman2! has 15 seconds left.\n|inactive|Norman2! has 10 seconds left.\n|inactive|Norman2! has 5 seconds left.\n|-message|Norman2! lost due to inactivity.\n|\n|win|notmetbh102\n|raw|notmetbh102's rating: 2340 &rarr; <strong>2363</strong><br />(+23 for winning)\n|raw|Norman2!'s rating: 2389 &rarr; <strong>2366</strong><br />(-23 for losing)\n|c|\u2606notmetbh102|gg\n", "inputlog": ">version f8ac14003a5f27e1bdc8d8c59608a773c1cb96e5\n>start {\"formatid\":\"gen9randombattle\",\"seed\":\"sodium,7270eef40fd41f833e35df1306a043aa\",\"rated\":\"Rated battle\"}\n>player p1 {\"name\":\"notmetbh102\",\"avatar\":\"2\",\"rating\":2340,\"seed\":\"sodium,c1b1d18f6f9369ae1391e9a7c46f7c1e\"}\n>player p2 {\"name\":\"Norman2!\",\"avatar\":\"266\",\"rating\":2389,\"seed\":\"sodium,2474c26f42d5ef870f42306e526e0617\"}\n>chat \u2606notmetbh102|hf\n>p1 switch 3\n>p2 move thunderwave\n>p1 switch 5\n>p2 switch 5\n>p1 move ivycudgel\n>p2 move swordsdance\n>p1 move ivycudgel terastallize\n>p2 move playrough\n>p2 switch 2\n>p1 move swordsdance\n>p2 move thunderwave\n>p1 move ivycudgel\n>p2 move playrough\n>p2 switch 3\n>p1 switch 6\n>p2 move bravebird\n>p1 move nuzzle\n>p2 switch 4\n>p1 switch 6\n>p2 move poisonjab\n>p1 move ivycudgel\n>p2 move shadowsneak\n>p1 switch 3\n>p1 move crunch\n>p2 move drainpunch\n>p1 move crunch\n>p2 switch 4\n>p1 move crunch\n>p2 move roost\n>p1 move crunch\n>p2 move knockoff\n>p1 move crunch\n>p2 move bravebird\n>p1 switch 2\n>p1 move closecombat\n>p2 move bravebird\n>p2 switch 5\n>p1 move closecombat\n>p2 move bodypress terastallize\n>p1 switch 4\n>p1 move luminacrash\n>p2 move thunderwave\n>p1 move luminacrash\n>p2 move thunderwave\n>p2 switch 6\n>p1 move luminacrash\n>p2 move calmmind\n>p1 move luminacrash\n>p2 move originpulse\n>p1 switch 6\n>p1 move uturn\n>p2 switch 4\n>p1 switch 5\n>p1 move zenheadbutt\n>p2 switch 4\n>p1 switch 5\n>p2 move originpulse\n>p1 switch 5\n>forcelose p2", "uploadtime": 1782768174, "views": 9, "formatid": "gen9randombattle", "rating": 2363, "private": 0, "password": null, "player_dets": [{"name": "notmetbh102", "avatar": "2", "rating": 2340, "seed": "sodium,c1b1d18f6f9369ae1391e9a7c46f7c1e"}, {"name": "Norman2!", "avatar": "266", "rating": 2389, "seed": "sodium,2474c26f42d5ef870f42306e526e0617"}], "teams_full": [{"Mabosstiff": {"name": "Mabosstiff", "species": "Mabosstiff", "speciesId": "mabosstiff", "gender": "F", "shiny": false, "level": 86, "moves": ["playrough", "psychicfangs", "wildcharge", "crunch"], "ability": "Stakeout", "evs": {"hp": 85, "atk": 85, "def": 85, "spa": 85, "spd": 85, "spe": 85}, "ivs": {"hp": 31, "atk": 31, "def": 31, "spa": 31, "spd": 31, "spe": 31}, "item": "Choice Scarf", "teraType": "Dark", "role": "Bulky Attacker", "bvs": {"hp": 80, "atk": 120, "def": 90, "spa": 60, "spd": 70, "spe": 85}, "stats": {"hp": 278, "atk": 256, "def": 204, "spa": 152, "spd": 170, "spe": 195}, "types": ["Dark"]}, "Hitmonlee": {"name": "Hitmonlee", "species": "Hitmonlee", "speciesId": "hitmonlee", "gender": "M", "shiny": false, "level": 85, "moves": ["stoneedge", "swordsdance", "knockoff", "closecombat"], "ability": "Unburden", "evs": {"hp": 85, "atk": 85, "def": 85, "spa": 85, "spd": 85, "spe": 85}, "ivs": {"hp": 31, "atk": 31, "def": 31, "spa": 31, "spd": 31, "spe": 31}, "item": "White Herb", "teraType": "Fighting", "role": "Setup Sweeper", "bvs": {"hp": 50, "atk": 120, "def": 53, "spa": 35, "spd": 110, "spe": 87}, "stats": {"hp": 224, "atk": 253, "def": 139, "spa": 108, "spd": 236, "spe": 197}, "types": ["Fighting"]}, "Medicham": {"name": "Medicham", "species": "Medicham", "speciesId": "medicham", "gender": "F", "shiny": false, "level": 86, "moves": ["trick", "poisonjab", "zenheadbutt", "closecombat"], "ability": "Pure Power", "evs": {"hp": 85, "atk": 85, "def": 85, "spa": 85, "spd": 85, "spe": 85}, "ivs": {"hp": 31, "atk": 31, "def": 31, "spa": 31, "spd": 31, "spe": 31}, "item": "Choice Scarf", "teraType": "Fighting", "role": "Fast Attacker", "bvs": {"hp": 60, "atk": 60, "def": 75, "spa": 60, "spd": 75, "spe": 80}, "stats": {"hp": 243, "atk": 152, "def": 178, "spa": 152, "spd": 178, "spe": 187}, "types": ["Fighting", "Psychic"]}, "Espathra": {"name": "Espathra", "species": "Espathra", "speciesId": "espathra", "gender": "M", "shiny": false, "level": 80, "moves": ["shadowball", "luminacrash", "uturn", "dazzlinggleam"], "ability": "Speed Boost", "evs": {"hp": 85, "atk": 85, "def": 85, "spa": 85, "spd": 85, "spe": 85}, "ivs": {"hp": 31, "atk": 31, "def": 31, "spa": 31, "spd": 31, "spe": 31}, "item": "Choice Specs", "teraType": "Psychic", "role": "Wallbreaker", "bvs": {"hp": 95, "atk": 60, "def": 60, "spa": 101, "spd": 60, "spe": 105}, "stats": {"hp": 283, "atk": 142, "def": 142, "spa": 208, "spd": 142, "spe": 214}, "types": ["Psychic"]}, "Ogerpon": {"name": "Ogerpon", "species": "Ogerpon-Wellspring", "speciesId": "ogerponwellspring", "gender": "F", "shiny": false, "level": 76, "moves": ["swordsdance", "playrough", "powerwhip", "ivycudgel"], "ability": "Water Absorb", "evs": {"hp": 85, "atk": 85, "def": 85, "spa": 85, "spd": 85, "spe": 85}, "ivs": {"hp": 31, "atk": 31, "def": 31, "spa": 31, "spd": 31, "spe": 31}, "item": "Wellspring Mask", "teraType": "Water", "role": "Setup Sweeper", "bvs": {"hp": 80, "atk": 120, "def": 84, "spa": 60, "spd": 96, "spe": 110}, "stats": {"hp": 247, "atk": 226, "def": 172, "spa": 135, "spd": 190, "spe": 211}, "types": ["Grass", "Water"]}, "Dedenne": {"name": "Dedenne", "species": "Dedenne", "speciesId": "dedenne", "gender": "M", "shiny": false, "level": 88, "moves": ["nuzzle", "dazzlinggleam", "thunderbolt", "uturn"], "ability": "Cheek Pouch", "evs": {"hp": 85, "atk": 85, "def": 85, "spa": 85, "spd": 85, "spe": 85}, "ivs": {"hp": 31, "atk": 31, "def": 31, "spa": 31, "spd": 31, "spe": 31}, "item": "Sitrus Berry", "teraType": "Flying", "role": "Fast Support", "bvs": {"hp": 67, "atk": 58, "def": 57, "spa": 81, "spd": 67, "spe": 101}, "stats": {"hp": 261, "atk": 152, "def": 151, "spa": 193, "spd": 168, "spe": 228}, "types": ["Electric", "Fairy"]}}, {"Probopass": {"name": "Probopass", "species": "Probopass", "speciesId": "probopass", "gender": "M", "shiny": false, "level": 91, "moves": ["powergem", "bodypress", "irondefense", "thunderwave"], "ability": "Magnet Pull", "evs": {"hp": 85, "atk": 0, "def": 85, "spa": 85, "spd": 85, "spe": 85}, "ivs": {"hp": 31, "atk": 0, "def": 31, "spa": 31, "spd": 31, "spe": 31}, "item": "Leftovers", "teraType": "Fighting", "role": "Bulky Setup", "bvs": {"hp": 60, "atk": 55, "def": 145, "spa": 75, "spd": 150, "spe": 40}, "stats": {"hp": 257, "atk": 105, "def": 316, "spa": 188, "spd": 325, "spe": 125}, "types": ["Rock", "Steel"]}, "Tinkaton": {"name": "Tinkaton", "species": "Tinkaton", "speciesId": "tinkaton", "gender": "F", "shiny": false, "level": 82, "moves": ["gigatonhammer", "thunderwave", "knockoff", "playrough"], "ability": "Mold Breaker", "evs": {"hp": 85, "atk": 85, "def": 85, "spa": 85, "spd": 85, "spe": 85}, "ivs": {"hp": 31, "atk": 31, "def": 31, "spa": 31, "spd": 31, "spe": 31}, "item": "Leftovers", "teraType": "Water", "role": "Bulky Attacker", "bvs": {"hp": 85, "atk": 75, "def": 77, "spa": 70, "spd": 105, "spe": 94}, "stats": {"hp": 274, "atk": 170, "def": 173, "spa": 162, "spd": 219, "spe": 201}, "types": ["Fairy", "Steel"]}, "Bombirdier": {"name": "Bombirdier", "species": "Bombirdier", "speciesId": "bombirdier", "gender": "M", "shiny": false, "level": 85, "moves": ["knockoff", "bravebird", "uturn", "roost"], "ability": "Big Pecks", "evs": {"hp": 85, "atk": 85, "def": 85, "spa": 85, "spd": 85, "spe": 85}, "ivs": {"hp": 31, "atk": 31, "def": 31, "spa": 31, "spd": 31, "spe": 31}, "item": "Heavy-Duty Boots", "teraType": "Dark", "role": "Bulky Support", "bvs": {"hp": 70, "atk": 103, "def": 85, "spa": 60, "spd": 85, "spe": 82}, "stats": {"hp": 258, "atk": 224, "def": 193, "spa": 151, "spd": 193, "spe": 188}, "types": ["Flying", "Dark"]}, "Muk": {"name": "Muk", "species": "Muk", "speciesId": "muk", "gender": "M", "shiny": false, "level": 86, "moves": ["poisonjab", "knockoff", "shadowsneak", "drainpunch"], "ability": "Poison Touch", "evs": {"hp": 85, "atk": 85, "def": 85, "spa": 85, "spd": 85, "spe": 85}, "ivs": {"hp": 31, "atk": 31, "def": 31, "spa": 31, "spd": 31, "spe": 31}, "item": "Assault Vest", "teraType": "Dark", "role": "AV Pivot", "bvs": {"hp": 105, "atk": 105, "def": 75, "spa": 65, "spd": 100, "spe": 50}, "stats": {"hp": 321, "atk": 230, "def": 178, "spa": 161, "spd": 221, "spe": 135}, "types": ["Poison"]}, "Mimikyu": {"name": "Mimikyu", "species": "Mimikyu", "speciesId": "mimikyu", "gender": "M", "shiny": false, "level": 79, "moves": ["shadowsneak", "playrough", "shadowclaw", "swordsdance"], "ability": "Disguise", "evs": {"hp": 85, "atk": 85, "def": 85, "spa": 85, "spd": 85, "spe": 85}, "ivs": {"hp": 31, "atk": 31, "def": 31, "spa": 31, "spd": 31, "spe": 31}, "item": "Life Orb", "teraType": "Ghost", "role": "Fast Bulky Setup", "bvs": {"hp": 55, "atk": 90, "def": 80, "spa": 50, "spd": 105, "spe": 96}, "stats": {"hp": 216, "atk": 188, "def": 172, "spa": 125, "spd": 211, "spe": 197}, "types": ["Ghost", "Fairy"]}, "Kyogre": {"name": "Kyogre", "species": "Kyogre", "speciesId": "kyogre", "gender": "N", "shiny": false, "level": 71, "moves": ["calmmind", "thunder", "originpulse", "icebeam"], "ability": "Drizzle", "evs": {"hp": 85, "atk": 0, "def": 85, "spa": 85, "spd": 85, "spe": 85}, "ivs": {"hp": 31, "atk": 0, "def": 31, "spa": 31, "spd": 31, "spe": 31}, "item": "Leftovers", "teraType": "Dragon", "role": "Bulky Setup", "bvs": {"hp": 100, "atk": 100, "def": 90, "spa": 150, "spd": 140, "spe": 90}, "stats": {"hp": 259, "atk": 147, "def": 169, "spa": 254, "spd": 240, "spe": 169}, "types": ["Water"]}}]}