{"id": "gen9randombattle-2641185919", "format": "[Gen 9] Random Battle", "players": ["SnailBail", "testbotcif"], "log": "|j|\u2606SnailBail\n|j|\u2606testbotcif\n|t:|1782751055\n|gametype|singles\n|player|p1|SnailBail|pokemaniac|1213\n|player|p2|testbotcif|266|1161\n|gen|9\n|tier|[Gen 9] Random Battle\n|rated|\n|rule|Species Clause: Limit one of each Pok\u00e9mon\n|rule|HP Percentage Mod: HP is shown in percentages\n|rule|Sleep Clause Mod: Limit one foe put to sleep\n|rule|Illusion Level Mod: Illusion disguises the Pok\u00e9mon's true level\n|\n|t:|1782751055\n|teamsize|p1|6\n|teamsize|p2|6\n|start\n|switch|p1a: Hitmonlee|Hitmonlee, L85, M|223/223\n|switch|p2a: Ursaring|Ursaring, L84, M|288/288\n|turn|1\n|c|\u2606testbotcif|rlhf\n|inactive|Battle timer is ON: inactive players will automatically lose when time's up. (requested by testbotcif)\n|\n|t:|1782751061\n|-terastallize|p2a: Ursaring|Ghost\n|move|p1a: Hitmonlee|Knock Off|p2a: Ursaring\n|-supereffective|p2a: Ursaring\n|-damage|p2a: Ursaring|106/288\n|-enditem|p2a: Ursaring|Eviolite|[from] move: Knock Off|[of] p1a: Hitmonlee\n|move|p2a: Ursaring|Body Slam|p1a: Hitmonlee\n|-crit|p1a: Hitmonlee\n|-damage|p1a: Hitmonlee|0 fnt\n|faint|p1a: Hitmonlee\n|\n|upkeep\n|\n|t:|1782751080\n|switch|p1a: Umbreon|Umbreon, L84, F|297/297\n|turn|2\n|\n|t:|1782751084\n|move|p1a: Umbreon|Foul Play|p2a: Ursaring\n|-supereffective|p2a: Ursaring\n|-damage|p2a: Ursaring|0 fnt\n|faint|p2a: Ursaring\n|\n|upkeep\n|\n|t:|1782751084\n|switch|p2a: Slither Wing|Slither Wing, L81|270/270\n|-enditem|p2a: Slither Wing|Booster Energy\n|-activate|p2a: Slither Wing|ability: Protosynthesis|[fromitem]\n|-start|p2a: Slither Wing|protosynthesisatk\n|turn|3\n|\n|t:|1782751098\n|-terastallize|p1a: Umbreon|Poison\n|move|p2a: Slither Wing|Bulk Up|p2a: Slither Wing\n|-boost|p2a: Slither Wing|atk|1\n|-boost|p2a: Slither Wing|def|1\n|move|p1a: Umbreon|Toxic|p2a: Slither Wing\n|-status|p2a: Slither Wing|tox\n|\n|-damage|p2a: Slither Wing|254/270 tox|[from] psn\n|upkeep\n|turn|4\n|\n|t:|1782751109\n|move|p1a: Umbreon|Protect|p1a: Umbreon\n|-singleturn|p1a: Umbreon|Protect\n|move|p2a: Slither Wing|Earthquake|p1a: Umbreon\n|-activate|p1a: Umbreon|move: Protect\n|\n|-damage|p2a: Slither Wing|222/270 tox|[from] psn\n|upkeep\n|turn|5\n|\n|t:|1782751117\n|switch|p1a: Latias|Latias, L79, F|256/256\n|move|p2a: Slither Wing|Bulk Up|p2a: Slither Wing\n|-boost|p2a: Slither Wing|atk|1\n|-boost|p2a: Slither Wing|def|1\n|\n|-damage|p2a: Slither Wing|174/270 tox|[from] psn\n|upkeep\n|turn|6\n|\n|t:|1782751131\n|-end|p2a: Slither Wing|Protosynthesis|[silent]\n|switch|p2a: Avalugg|Avalugg, L88, M|310/310\n|move|p1a: Latias|Psyshock|p2a: Avalugg\n|-damage|p2a: Avalugg|258/310\n|\n|upkeep\n|turn|7\n|\n|t:|1782751142\n|switch|p1a: Umbreon|Umbreon, L84, F, tera:Poison|297/297\n|move|p2a: Avalugg|Avalanche|p1a: Umbreon\n|-damage|p1a: Umbreon|224/297\n|\n|-heal|p1a: Umbreon|242/297|[from] item: Leftovers\n|upkeep\n|turn|8\n|\n|t:|1782751152\n|move|p1a: Umbreon|Wish|p1a: Umbreon\n|move|p2a: Avalugg|Body Press|p1a: Umbreon\n|-resisted|p1a: Umbreon\n|-damage|p1a: Umbreon|199/297\n|\n|-heal|p1a: Umbreon|217/297|[from] item: Leftovers\n|upkeep\n|turn|9\n|\n|t:|1782751158\n|move|p1a: Umbreon|Toxic|p2a: Avalugg\n|-status|p2a: Avalugg|tox\n|move|p2a: Avalugg|Body Press|p1a: Umbreon\n|-resisted|p1a: Umbreon\n|-damage|p1a: Umbreon|171/297\n|\n|-heal|p1a: Umbreon|297/297|[from] move: Wish|[wisher] Umbreon\n|-damage|p2a: Avalugg|239/310 tox|[from] psn\n|upkeep\n|turn|10\n|\n|t:|1782751168\n|switch|p2a: Perrserker|Perrserker, L89, F|269/269\n|move|p1a: Umbreon|Foul Play|p2a: Perrserker\n|-damage|p2a: Perrserker|176/269\n|\n|upkeep\n|turn|11\n|\n|t:|1782751175\n|move|p1a: Umbreon|Foul Play|p2a: Perrserker\n|-damage|p2a: Perrserker|80/269\n|move|p2a: Perrserker|Knock Off|p1a: Umbreon\n|-damage|p1a: Umbreon|184/297\n|-enditem|p1a: Umbreon|Leftovers|[from] move: Knock Off|[of] p2a: Perrserker\n|-damage|p2a: Perrserker|54/269|[from] item: Life Orb\n|\n|upkeep\n|turn|12\n|\n|t:|1782751182\n|move|p1a: Umbreon|Foul Play|p2a: Perrserker\n|-damage|p2a: Perrserker|0 fnt\n|faint|p2a: Perrserker\n|\n|upkeep\n|\n|t:|1782751183\n|switch|p2a: Salamence|Salamence, L77, F|273/273\n|turn|13\n|\n|t:|1782751189\n|move|p2a: Salamence|Dragon Dance|p2a: Salamence\n|-boost|p2a: Salamence|atk|1\n|-boost|p2a: Salamence|spe|1\n|move|p1a: Umbreon|Toxic|p2a: Salamence\n|-status|p2a: Salamence|tox\n|\n|-damage|p2a: Salamence|256/273 tox|[from] psn\n|upkeep\n|turn|14\n|\n|t:|1782751196\n|move|p1a: Umbreon|Protect|p1a: Umbreon\n|-singleturn|p1a: Umbreon|Protect\n|move|p2a: Salamence|Outrage|p1a: Umbreon\n|-activate|p1a: Umbreon|move: Protect\n|\n|-damage|p2a: Salamence|222/273 tox|[from] psn\n|upkeep\n|turn|15\n|\n|t:|1782751206\n|switch|p1a: Ribombee|Ribombee, L83, F|235/235\n|move|p2a: Salamence|Outrage|p1a: Ribombee\n|-immune|p1a: Ribombee\n|\n|-damage|p2a: Salamence|171/273 tox|[from] psn\n|upkeep\n|turn|16\n|\n|t:|1782751220\n|move|p2a: Salamence|Dual Wingbeat|p1a: Ribombee\n|-supereffective|p1a: Ribombee\n|-damage|p1a: Ribombee|35/235\n|-supereffective|p1a: Ribombee\n|-damage|p1a: Ribombee|0 fnt\n|faint|p1a: Ribombee\n|-ability|p2a: Salamence|Moxie|boost\n|-boost|p2a: Salamence|atk|1\n|-hitcount|p1: Ribombee|2\n|\n|-damage|p2a: Salamence|103/273 tox|[from] psn\n|upkeep\n|\n|t:|1782751230\n|switch|p1a: Umbreon|Umbreon, L84, F, tera:Poison|184/297\n|turn|17\n|\n|t:|1782751233\n|move|p1a: Umbreon|Protect|p1a: Umbreon\n|-singleturn|p1a: Umbreon|Protect\n|move|p2a: Salamence|Outrage|p1a: Umbreon\n|-activate|p1a: Umbreon|move: Protect\n|\n|-damage|p2a: Salamence|18/273 tox|[from] psn\n|upkeep\n|turn|18\n|\n|t:|1782751252\n|switch|p1a: Iron Treads|Iron Treads, L77|265/265\n|move|p2a: Salamence|Outrage|p1a: Iron Treads\n|-resisted|p1a: Iron Treads\n|-damage|p1a: Iron Treads|149/265\n|\n|-heal|p1a: Iron Treads|165/265|[from] item: Leftovers\n|-damage|p2a: Salamence|0 fnt|[from] psn\n|faint|p2a: Salamence\n|upkeep\n|\n|t:|1782751253\n|switch|p2a: Hariyama|Hariyama, L87, M|392/392\n|turn|19\n|\n|t:|1782751276\n|move|p1a: Iron Treads|Volt Switch|p2a: Hariyama\n|-damage|p2a: Hariyama|347/392\n|\n|t:|1782751282\n|-end|p1a: Iron Treads|Quark Drive|[silent]\n|switch|p1a: Corviknight|Corviknight, L80, F|288/288|[from] Volt Switch\n|-ability|p1a: Corviknight|Pressure\n|move|p2a: Hariyama|Close Combat|p1a: Corviknight\n|-damage|p1a: Corviknight|129/288\n|-unboost|p2a: Hariyama|def|1\n|-unboost|p2a: Hariyama|spd|1\n|-damage|p2a: Hariyama|282/392|[from] item: Rocky Helmet|[of] p1a: Corviknight\n|\n|-status|p2a: Hariyama|brn|[from] item: Flame Orb\n|upkeep\n|turn|20\n|\n|t:|1782751294\n|move|p1a: Corviknight|Brave Bird|p2a: Hariyama\n|-supereffective|p2a: Hariyama\n|-damage|p2a: Hariyama|0 fnt\n|faint|p2a: Hariyama\n|-damage|p1a: Corviknight|36/288|[from] Recoil\n|\n|upkeep\n|\n|t:|1782751295\n|switch|p2a: Avalugg|Avalugg, L88, M|239/310 tox\n|turn|21\n|\n|t:|1782751305\n|move|p1a: Corviknight|Roost|p1a: Corviknight\n|-heal|p1a: Corviknight|180/288\n|-singleturn|p1a: Corviknight|move: Roost\n|move|p2a: Avalugg|Avalanche|p1a: Corviknight\n|-resisted|p1a: Corviknight\n|-damage|p1a: Corviknight|139/288\n|-damage|p2a: Avalugg|188/310 tox|[from] item: Rocky Helmet|[of] p1a: Corviknight\n|\n|-damage|p2a: Avalugg|169/310 tox|[from] psn\n|upkeep\n|turn|22\n|\n|t:|1782751314\n|move|p1a: Corviknight|Roost|p1a: Corviknight\n|-heal|p1a: Corviknight|283/288\n|-singleturn|p1a: Corviknight|move: Roost\n|move|p2a: Avalugg|Recover|p2a: Avalugg\n|-heal|p2a: Avalugg|310/310 tox\n|\n|-damage|p2a: Avalugg|272/310 tox|[from] psn\n|upkeep\n|turn|23\n|\n|t:|1782751324\n|move|p1a: Corviknight|Body Press|p2a: Avalugg\n|-supereffective|p2a: Avalugg\n|-damage|p2a: Avalugg|216/310 tox\n|move|p2a: Avalugg|Recover|p2a: Avalugg\n|-heal|p2a: Avalugg|310/310 tox\n|\n|-damage|p2a: Avalugg|253/310 tox|[from] psn\n|upkeep\n|turn|24\n|\n|t:|1782751331\n|move|p1a: Corviknight|Body Press|p2a: Avalugg\n|-supereffective|p2a: Avalugg\n|-crit|p2a: Avalugg\n|-damage|p2a: Avalugg|157/310 tox\n|move|p2a: Avalugg|Recover|p2a: Avalugg\n|-heal|p2a: Avalugg|310/310 tox\n|\n|-damage|p2a: Avalugg|234/310 tox|[from] psn\n|upkeep\n|turn|25\n|\n|t:|1782751338\n|move|p1a: Corviknight|Body Press|p2a: Avalugg\n|-supereffective|p2a: Avalugg\n|-damage|p2a: Avalugg|178/310 tox\n|move|p2a: Avalugg|Recover|p2a: Avalugg\n|-heal|p2a: Avalugg|310/310 tox\n|\n|-damage|p2a: Avalugg|215/310 tox|[from] psn\n|upkeep\n|turn|26\n|\n|t:|1782751345\n|move|p1a: Corviknight|Body Press|p2a: Avalugg\n|-supereffective|p2a: Avalugg\n|-damage|p2a: Avalugg|151/310 tox\n|move|p2a: Avalugg|Recover|p2a: Avalugg\n|-heal|p2a: Avalugg|306/310 tox\n|\n|-damage|p2a: Avalugg|192/310 tox|[from] psn\n|upkeep\n|turn|27\n|c|\u2606SnailBail|lol gg\n|\n|t:|1782751358\n|move|p1a: Corviknight|Body Press|p2a: Avalugg\n|-supereffective|p2a: Avalugg\n|-damage|p2a: Avalugg|134/310 tox\n|move|p2a: Avalugg|Recover|p2a: Avalugg\n|-heal|p2a: Avalugg|289/310 tox\n|\n|-damage|p2a: Avalugg|156/310 tox|[from] psn\n|upkeep\n|turn|28\n|\n|t:|1782751366\n|move|p1a: Corviknight|Body Press|p2a: Avalugg\n|-supereffective|p2a: Avalugg\n|-damage|p2a: Avalugg|90/310 tox\n|move|p2a: Avalugg|Recover|p2a: Avalugg\n|-heal|p2a: Avalugg|245/310 tox\n|\n|-damage|p2a: Avalugg|93/310 tox|[from] psn\n|upkeep\n|turn|29\n|\n|t:|1782751375\n|move|p1a: Corviknight|Body Press|p2a: Avalugg\n|-supereffective|p2a: Avalugg\n|-damage|p2a: Avalugg|29/310 tox\n|move|p2a: Avalugg|Recover|p2a: Avalugg\n|-heal|p2a: Avalugg|184/310 tox\n|\n|-damage|p2a: Avalugg|13/310 tox|[from] psn\n|upkeep\n|turn|30\n|\n|t:|1782751382\n|move|p1a: Corviknight|Body Press|p2a: Avalugg\n|-supereffective|p2a: Avalugg\n|-damage|p2a: Avalugg|0 fnt\n|faint|p2a: Avalugg\n|\n|upkeep\n|\n|t:|1782751383\n|switch|p2a: Slither Wing|Slither Wing, L81|174/270 tox\n|turn|31\n|\n|t:|1782751388\n|move|p2a: Slither Wing|Close Combat|p1a: Corviknight\n|-damage|p1a: Corviknight|144/288\n|-unboost|p2a: Slither Wing|def|1\n|-unboost|p2a: Slither Wing|spd|1\n|-damage|p2a: Slither Wing|129/270 tox|[from] item: Rocky Helmet|[of] p1a: Corviknight\n|move|p1a: Corviknight|Brave Bird|p2a: Slither Wing\n|-supereffective|p2a: Slither Wing\n|-damage|p2a: Slither Wing|0 fnt\n|faint|p2a: Slither Wing\n|-end|p2a: Slither Wing|Protosynthesis|[silent]\n|-damage|p1a: Corviknight|101/288|[from] Recoil\n|\n|win|SnailBail\n|raw|SnailBail's rating: 1213 &rarr; <strong>1234</strong><br />(+21 for winning)\n|raw|testbotcif's rating: 1161 &rarr; <strong>1140</strong><br />(-21 for losing)\n", "inputlog": ">version f8ac14003a5f27e1bdc8d8c59608a773c1cb96e5\n>start {\"formatid\":\"gen9randombattle\",\"seed\":\"sodium,65c75b21e63c73b904cd9960af6ca9ed\",\"rated\":\"Rated battle\"}\n>player p1 {\"name\":\"SnailBail\",\"avatar\":\"pokemaniac\",\"rating\":1213,\"seed\":\"sodium,ea82ad47d1c24785e573003975e1d7c1\"}\n>player p2 {\"name\":\"testbotcif\",\"avatar\":\"266\",\"rating\":1161,\"seed\":\"sodium,2ffc681d6128ecc1cdca27ddf495a350\"}\n>chat \u2606testbotcif|rlhf\n>p1 move knockoff\n>p2 move bodyslam terastallize\n>p1 switch 6\n>p1 move foulplay\n>p2 move bodyslam\n>p2 switch 5\n>p1 move toxic terastallize\n>p2 move bulkup\n>p1 move protect\n>p2 move earthquake\n>p1 switch 4\n>p2 move bulkup\n>p1 move psyshock\n>p2 switch 2\n>p1 switch 4\n>p2 move avalanche\n>p1 move wish\n>p2 move bodypress\n>p1 move toxic\n>p2 move bodypress\n>p1 move foulplay\n>p2 switch 6\n>p1 move foulplay\n>p2 move knockoff\n>p1 move foulplay\n>p2 move ironhead\n>p2 switch 4\n>p1 move toxic\n>p2 move dragondance\n>p1 move protect\n>p2 move outrage\n>p1 switch 5\n>p2 move outrage\n>p1 move stickyweb\n>p2 move dualwingbeat\n>p1 switch 5\n>p1 move protect\n>p2 move outrage\n>p1 switch 3\n>p2 move outrage\n>p2 switch 3\n>p1 move voltswitch\n>p2 move closecombat\n>p1 switch 2\n>p1 move bravebird\n>p2 move closecombat\n>p2 switch 6\n>p1 move roost\n>p2 move avalanche\n>p1 move roost\n>p2 move recover\n>p1 move bodypress\n>p2 move recover\n>p1 move bodypress\n>p2 move recover\n>p1 move bodypress\n>p2 move recover\n>p1 move bodypress\n>p2 move recover\n>chat \u2606SnailBail|lol gg\n>p1 move bodypress\n>p2 move recover\n>p1 move bodypress\n>p2 move recover\n>p1 move bodypress\n>p2 move recover\n>p1 move bodypress\n>p2 move avalanche\n>p2 switch 2\n>p1 move bravebird\n>p2 move closecombat", "uploadtime": 1782751388, "views": 6, "formatid": "gen9randombattle", "rating": 1140, "private": 0, "password": null, "player_dets": [{"name": "SnailBail", "avatar": "pokemaniac", "rating": 1213, "seed": "sodium,ea82ad47d1c24785e573003975e1d7c1"}, {"name": "testbotcif", "avatar": "266", "rating": 1161, "seed": "sodium,2ffc681d6128ecc1cdca27ddf495a350"}], "teams_full": [{"Hitmonlee": {"name": "Hitmonlee", "species": "Hitmonlee", "speciesId": "hitmonlee", "gender": "M", "shiny": false, "level": 85, "moves": ["stoneedge", "highjumpkick", "knockoff", "poisonjab"], "ability": "Reckless", "evs": {"hp": 81, "atk": 85, "def": 85, "spa": 85, "spd": 85, "spe": 85}, "ivs": {"hp": 31, "atk": 31, "def": 31, "spa": 31, "spd": 31, "spe": 31}, "item": "Choice Band", "teraType": "Fighting", "role": "Fast Attacker", "bvs": {"hp": 50, "atk": 120, "def": 53, "spa": 35, "spd": 110, "spe": 87}, "stats": {"hp": 223, "atk": 253, "def": 139, "spa": 108, "spd": 236, "spe": 197}, "types": ["Fighting"]}, "Corviknight": {"name": "Corviknight", "species": "Corviknight", "speciesId": "corviknight", "gender": "F", "shiny": false, "level": 80, "moves": ["roost", "defog", "bravebird", "bodypress"], "ability": "Pressure", "evs": {"hp": 85, "atk": 85, "def": 85, "spa": 85, "spd": 85, "spe": 85}, "ivs": {"hp": 31, "atk": 31, "def": 31, "spa": 31, "spd": 31, "spe": 31}, "item": "Rocky Helmet", "teraType": "Dragon", "role": "Bulky Support", "bvs": {"hp": 98, "atk": 87, "def": 105, "spa": 53, "spd": 85, "spe": 67}, "stats": {"hp": 288, "atk": 185, "def": 214, "spa": 131, "spd": 182, "spe": 153}, "types": ["Flying", "Steel"]}, "Iron Treads": {"name": "Iron Treads", "species": "Iron Treads", "speciesId": "irontreads", "gender": "N", "shiny": false, "level": 77, "moves": ["stealthrock", "ironhead", "earthquake", "voltswitch"], "ability": "Quark Drive", "evs": {"hp": 85, "atk": 85, "def": 85, "spa": 85, "spd": 85, "spe": 85}, "ivs": {"hp": 31, "atk": 31, "def": 31, "spa": 31, "spd": 31, "spe": 31}, "item": "Leftovers", "teraType": "Dragon", "role": "Bulky Support", "bvs": {"hp": 90, "atk": 112, "def": 120, "spa": 72, "spd": 70, "spe": 106}, "stats": {"hp": 265, "atk": 217, "def": 229, "spa": 155, "spd": 152, "spe": 208}, "types": ["Ground", "Steel"]}, "Latias": {"name": "Latias", "species": "Latias", "speciesId": "latias", "gender": "F", "shiny": false, "level": 79, "moves": ["dracometeor", "calmmind", "recover", "psyshock"], "ability": "Levitate", "evs": {"hp": 85, "atk": 0, "def": 85, "spa": 85, "spd": 85, "spe": 85}, "ivs": {"hp": 31, "atk": 0, "def": 31, "spa": 31, "spd": 31, "spe": 31}, "item": "Soul Dew", "teraType": "Steel", "role": "Fast Bulky Setup", "bvs": {"hp": 80, "atk": 80, "def": 90, "spa": 110, "spd": 130, "spe": 110}, "stats": {"hp": 256, "atk": 131, "def": 188, "spa": 219, "spd": 251, "spe": 219}, "types": ["Dragon", "Psychic"]}, "Ribombee": {"name": "Ribombee", "species": "Ribombee", "speciesId": "ribombee", "gender": "F", "shiny": false, "level": 83, "moves": ["moonblast", "stunspore", "uturn", "stickyweb"], "ability": "Shield Dust", "evs": {"hp": 85, "atk": 85, "def": 85, "spa": 85, "spd": 85, "spe": 85}, "ivs": {"hp": 31, "atk": 31, "def": 31, "spa": 31, "spd": 31, "spe": 31}, "item": "Heavy-Duty Boots", "teraType": "Ghost", "role": "Fast Support", "bvs": {"hp": 60, "atk": 55, "def": 60, "spa": 95, "spd": 70, "spe": 124}, "stats": {"hp": 235, "atk": 139, "def": 147, "spa": 205, "spd": 164, "spe": 254}, "types": ["Bug", "Fairy"]}, "Umbreon": {"name": "Umbreon", "species": "Umbreon", "speciesId": "umbreon", "gender": "F", "shiny": false, "level": 84, "moves": ["wish", "protect", "foulplay", "toxic"], "ability": "Synchronize", "evs": {"hp": 85, "atk": 0, "def": 85, "spa": 85, "spd": 85, "spe": 85}, "ivs": {"hp": 31, "atk": 0, "def": 31, "spa": 31, "spd": 31, "spe": 31}, "item": "Leftovers", "teraType": "Poison", "role": "Bulky Support", "bvs": {"hp": 95, "atk": 65, "def": 110, "spa": 60, "spd": 130, "spe": 65}, "stats": {"hp": 297, "atk": 114, "def": 233, "spa": 149, "spd": 267, "spe": 157}, "types": ["Dark"]}}, {"Ursaring": {"name": "Ursaring", "species": "Ursaring", "speciesId": "ursaring", "gender": "M", "shiny": false, "level": 84, "moves": ["rest", "bodyslam", "throatchop", "sleeptalk"], "ability": "Guts", "evs": {"hp": 85, "atk": 85, "def": 85, "spa": 85, "spd": 85, "spe": 85}, "ivs": {"hp": 31, "atk": 31, "def": 31, "spa": 31, "spd": 31, "spe": 31}, "item": "Eviolite", "teraType": "Ghost", "role": "Bulky Attacker", "bvs": {"hp": 90, "atk": 130, "def": 75, "spa": 75, "spd": 75, "spe": 55}, "stats": {"hp": 288, "atk": 267, "def": 174, "spa": 174, "spd": 174, "spe": 141}, "types": ["Normal"]}, "Avalugg": {"name": "Avalugg", "species": "Avalugg", "speciesId": "avalugg", "gender": "M", "shiny": false, "level": 88, "moves": ["rapidspin", "bodypress", "recover", "avalanche"], "ability": "Sturdy", "evs": {"hp": 85, "atk": 85, "def": 85, "spa": 85, "spd": 85, "spe": 85}, "ivs": {"hp": 31, "atk": 31, "def": 31, "spa": 31, "spd": 31, "spe": 31}, "item": "Heavy-Duty Boots", "teraType": "Fighting", "role": "Bulky Support", "bvs": {"hp": 95, "atk": 117, "def": 184, "spa": 44, "spd": 46, "spe": 28}, "stats": {"hp": 310, "atk": 256, "def": 374, "spa": 128, "spd": 131, "spe": 100}, "types": ["Ice"]}, "Hariyama": {"name": "Hariyama", "species": "Hariyama", "speciesId": "hariyama", "gender": "M", "shiny": false, "level": 87, "moves": ["knockoff", "headlongrush", "facade", "closecombat"], "ability": "Guts", "evs": {"hp": 85, "atk": 85, "def": 85, "spa": 85, "spd": 85, "spe": 85}, "ivs": {"hp": 31, "atk": 31, "def": 31, "spa": 31, "spd": 31, "spe": 31}, "item": "Flame Orb", "teraType": "Normal", "role": "Wallbreaker", "bvs": {"hp": 144, "atk": 120, "def": 60, "spa": 40, "spd": 60, "spe": 50}, "stats": {"hp": 392, "atk": 259, "def": 154, "spa": 119, "spd": 154, "spe": 137}, "types": ["Fighting"]}, "Salamence": {"name": "Salamence", "species": "Salamence", "speciesId": "salamence", "gender": "F", "shiny": false, "level": 77, "moves": ["earthquake", "outrage", "dragondance", "dualwingbeat"], "ability": "Moxie", "evs": {"hp": 85, "atk": 85, "def": 85, "spa": 85, "spd": 85, "spe": 85}, "ivs": {"hp": 31, "atk": 31, "def": 31, "spa": 31, "spd": 31, "spe": 31}, "item": "Heavy-Duty Boots", "teraType": "Dragon", "role": "Setup Sweeper", "bvs": {"hp": 95, "atk": 135, "def": 80, "spa": 110, "spd": 80, "spe": 100}, "stats": {"hp": 273, "atk": 252, "def": 168, "spa": 214, "spd": 168, "spe": 199}, "types": ["Dragon", "Flying"]}, "Slither Wing": {"name": "Slither Wing", "species": "Slither Wing", "speciesId": "slitherwing", "gender": "N", "shiny": false, "level": 81, "moves": ["closecombat", "earthquake", "wildcharge", "bulkup"], "ability": "Protosynthesis", "evs": {"hp": 85, "atk": 85, "def": 85, "spa": 85, "spd": 85, "spe": 85}, "ivs": {"hp": 31, "atk": 31, "def": 31, "spa": 31, "spd": 31, "spe": 31}, "item": "Booster Energy", "teraType": "Electric", "role": "Fast Bulky Setup", "bvs": {"hp": 85, "atk": 135, "def": 79, "spa": 85, "spd": 105, "spe": 81}, "stats": {"hp": 270, "atk": 265, "def": 175, "spa": 184, "spd": 217, "spe": 178}, "types": ["Bug", "Fighting"]}, "Perrserker": {"name": "Perrserker", "species": "Perrserker", "speciesId": "perrserker", "gender": "F", "shiny": false, "level": 89, "moves": ["knockoff", "ironhead", "stealthrock", "closecombat"], "ability": "Tough Claws", "evs": {"hp": 85, "atk": 85, "def": 85, "spa": 85, "spd": 85, "spe": 85}, "ivs": {"hp": 31, "atk": 31, "def": 31, "spa": 31, "spd": 31, "spe": 31}, "item": "Life Orb", "teraType": "Fighting", "role": "Fast Attacker", "bvs": {"hp": 70, "atk": 110, "def": 100, "spa": 50, "spd": 60, "spe": 50}, "stats": {"hp": 269, "atk": 247, "def": 229, "spa": 140, "spd": 158, "spe": 140}, "types": ["Steel"]}}]}