{"id": "gen9randombattle-2641707343", "format": "[Gen 9] Random Battle", "players": ["MATTYICEEE13", "mr clevage"], "log": "|j|\u2606MATTYICEEE13\n|j|\u2606mr clevage\n|t:|1782832314\n|gametype|singles\n|player|p1|MATTYICEEE13|psychic-gen4|2072\n|player|p2|mr clevage|blaine|2080\n|gen|9\n|tier|[Gen 9] Random Battle\n|rated|\n|rule|Species Clause: Limit one of each Pok\u00e9mon\n|rule|HP Percentage Mod: HP is shown in percentages\n|rule|Sleep Clause Mod: Limit one foe put to sleep\n|rule|Illusion Level Mod: Illusion disguises the Pok\u00e9mon's true level\n|\n|t:|1782832314\n|teamsize|p1|6\n|teamsize|p2|6\n|start\n|switch|p1a: Great Tusk|Great Tusk, L77|304/304\n|switch|p2a: Bisharp|Bisharp, L79, M|232/232\n|turn|1\n|inactive|Battle timer is ON: inactive players will automatically lose when time's up. (requested by mr clevage)\n|inactive|MATTYICEEE13 also wants the timer to be on.\n|\n|t:|1782832336\n|switch|p2a: Glalie|Glalie, L96, M|309/309\n|move|p1a: Great Tusk|Bulk Up|p1a: Great Tusk\n|-boost|p1a: Great Tusk|atk|1\n|-boost|p1a: Great Tusk|def|1\n|\n|upkeep\n|turn|2\n|\n|t:|1782832343\n|move|p2a: Glalie|Freeze-Dry|p1a: Great Tusk\n|-supereffective|p1a: Great Tusk\n|-damage|p1a: Great Tusk|26/304\n|move|p1a: Great Tusk|Rapid Spin|p2a: Glalie\n|-damage|p2a: Glalie|256/309\n|-boost|p1a: Great Tusk|spe|1\n|\n|-heal|p1a: Great Tusk|45/304|[from] item: Leftovers\n|upkeep\n|turn|3\n|\n|t:|1782832355\n|switch|p2a: Salamence|Salamence, L77, M|273/273\n|-ability|p2a: Salamence|Intimidate|boost\n|-unboost|p1a: Great Tusk|atk|1\n|move|p1a: Great Tusk|Close Combat|p2a: Salamence\n|-resisted|p2a: Salamence\n|-damage|p2a: Salamence|190/273\n|-unboost|p1a: Great Tusk|def|1\n|-unboost|p1a: Great Tusk|spd|1\n|\n|-heal|p1a: Great Tusk|64/304|[from] item: Leftovers\n|upkeep\n|turn|4\n|\n|t:|1782832365\n|-end|p1a: Great Tusk|Protosynthesis|[silent]\n|switch|p1a: Regice|Regice, L88|284/284\n|switch|p2a: Basculin|Basculin, L86, F|261/261\n|\n|upkeep\n|turn|5\n|\n|t:|1782832369\n|move|p2a: Basculin|Flip Turn|p1a: Regice\n|-damage|p1a: Regice|170/284\n|\n|t:|1782832372\n|switch|p2a: Glalie|Glalie, L96, M|256/309|[from] Flip Turn\n|move|p1a: Regice|Thunder Wave|p2a: Glalie\n|-status|p2a: Glalie|par\n|\n|upkeep\n|turn|6\n|\n|t:|1782832377\n|move|p1a: Regice|Body Press|p2a: Glalie\n|-supereffective|p2a: Glalie\n|-damage|p2a: Glalie|140/309 par\n|move|p2a: Glalie|Spikes|p1a: Regice\n|-sidestart|p1: MATTYICEEE13|Spikes\n|\n|upkeep\n|turn|7\n|\n|t:|1782832382\n|move|p1a: Regice|Body Press|p2a: Glalie\n|-supereffective|p2a: Glalie\n|-damage|p2a: Glalie|20/309 par\n|cant|p2a: Glalie|par\n|\n|upkeep\n|turn|8\n|\n|t:|1782832386\n|move|p1a: Regice|Body Press|p2a: Glalie\n|-supereffective|p2a: Glalie\n|-damage|p2a: Glalie|0 fnt\n|faint|p2a: Glalie\n|\n|upkeep\n|\n|t:|1782832389\n|switch|p2a: Bisharp|Bisharp, L79, M|232/232\n|turn|9\n|\n|t:|1782832395\n|move|p2a: Bisharp|Iron Head|p1a: Regice\n|-supereffective|p1a: Regice\n|-damage|p1a: Regice|0 fnt\n|faint|p1a: Regice\n|\n|upkeep\n|\n|t:|1782832406\n|switch|p1a: Eiscue|Eiscue, L88, M|274/274\n|-damage|p1a: Eiscue|240/274|[from] Spikes\n|turn|10\n|\n|t:|1782832418\n|move|p2a: Bisharp|Iron Head|p1a: Eiscue\n|-activate|p1a: Eiscue|ability: Ice Face\n|-damage|p1a: Eiscue|240/274\n|detailschange|p1a: Eiscue|Eiscue-Noice, L88, M\n|move|p1a: Eiscue|Belly Drum|p1a: Eiscue\n|-damage|p1a: Eiscue|103/274\n|-setboost|p1a: Eiscue|atk|6|[from] move: Belly Drum\n|-enditem|p1a: Eiscue|Sitrus Berry|[eat]\n|-heal|p1a: Eiscue|171/274|[from] item: Sitrus Berry\n|\n|upkeep\n|turn|11\n|\n|t:|1782832425\n|-terastallize|p1a: Eiscue|Water\n|move|p2a: Bisharp|Sucker Punch|p1a: Eiscue\n|-damage|p1a: Eiscue|75/274\n|move|p1a: Eiscue|Liquidation|p2a: Bisharp\n|-damage|p2a: Bisharp|28/232\n|-unboost|p2a: Bisharp|def|1\n|-ability|p2a: Bisharp|Defiant|boost\n|-boost|p2a: Bisharp|atk|2\n|\n|upkeep\n|turn|12\n|\n|t:|1782832440\n|switch|p1a: Dugtrio|Dugtrio, L84, F|196/196\n|-damage|p1a: Dugtrio|172/196|[from] Spikes\n|move|p2a: Bisharp|Sucker Punch||[still]\n|-fail|p2a: Bisharp\n|\n|upkeep\n|turn|13\n|\n|t:|1782832447\n|move|p1a: Dugtrio|Sucker Punch||[still]\n|-fail|p1a: Dugtrio\n|move|p2a: Bisharp|Stealth Rock|p1a: Dugtrio\n|-sidestart|p1: MATTYICEEE13|move: Stealth Rock\n|\n|upkeep\n|turn|14\n|\n|t:|1782832450\n|move|p1a: Dugtrio|Sucker Punch||[still]\n|-fail|p1a: Dugtrio\n|move|p2a: Bisharp|Stealth Rock||[still]\n|-fail|p2a: Bisharp\n|\n|upkeep\n|turn|15\n|\n|t:|1782832453\n|move|p1a: Dugtrio|Sucker Punch||[still]\n|-fail|p1a: Dugtrio\n|move|p2a: Bisharp|Stealth Rock||[still]\n|-fail|p2a: Bisharp\n|\n|upkeep\n|turn|16\n|\n|t:|1782832461\n|switch|p1a: Munkidori|Munkidori, L79, M|269/269\n|-damage|p1a: Munkidori|236/269|[from] Spikes\n|-damage|p1a: Munkidori|203/269|[from] Stealth Rock\n|move|p2a: Bisharp|Iron Head|p1a: Munkidori\n|-damage|p1a: Munkidori|0 fnt\n|faint|p1a: Munkidori\n|\n|upkeep\n|-message|MATTYICEEE13 forfeited.\n|\n|win|mr clevage\n", "inputlog": ">version f8ac14003a5f27e1bdc8d8c59608a773c1cb96e5\n>start {\"formatid\":\"gen9randombattle\",\"seed\":\"sodium,1377124196f417e8214d4b2b2128d11f\",\"rated\":\"Rated battle\"}\n>player p1 {\"name\":\"MATTYICEEE13\",\"avatar\":\"psychic-gen4\",\"rating\":2072,\"seed\":\"sodium,1996172dfd9206f9cec22cc79ed6c5b8\"}\n>player p2 {\"name\":\"mr clevage\",\"avatar\":\"blaine\",\"rating\":2080,\"seed\":\"sodium,a0ce3172df168d364cc11a0c9fab668a\"}\n>p1 move bulkup\n>p2 switch 4\n>p1 move rapidspin\n>p2 move freezedry\n>p1 move closecombat\n>p2 switch 3\n>p1 switch 4\n>p2 switch 6\n>p1 move thunderwave\n>p2 move flipturn\n>p2 switch 3\n>p1 move bodypress\n>p2 move spikes\n>p1 move bodypress\n>p2 move freezedry\n>p1 move bodypress\n>p2 move spikes\n>p2 switch 4\n>p1 move thunderwave\n>p2 move ironhead\n>p1 switch 6\n>p1 move bellydrum\n>p2 move ironhead\n>p1 move liquidation terastallize\n>p2 move suckerpunch\n>p1 switch 2\n>p2 move suckerpunch\n>p1 move suckerpunch\n>p2 move stealthrock\n>p1 move suckerpunch\n>p2 move stealthrock\n>p1 move suckerpunch\n>p2 move stealthrock\n>p1 switch 5\n>p2 move ironhead\n>forcelose p1", "uploadtime": 1782832317, "views": 3, "formatid": "gen9randombattle", "rating": null, "private": 0, "password": null, "player_dets": [{"name": "MATTYICEEE13", "avatar": "psychic-gen4", "rating": 2072, "seed": "sodium,1996172dfd9206f9cec22cc79ed6c5b8"}, {"name": "mr clevage", "avatar": "blaine", "rating": 2080, "seed": "sodium,a0ce3172df168d364cc11a0c9fab668a"}], "teams_full": [{"Great Tusk": {"name": "Great Tusk", "species": "Great Tusk", "speciesId": "greattusk", "gender": "N", "shiny": false, "level": 77, "moves": ["bulkup", "rapidspin", "closecombat", "earthquake"], "ability": "Protosynthesis", "evs": {"hp": 85, "atk": 85, "def": 85, "spa": 85, "spd": 85, "spe": 85}, "ivs": {"hp": 31, "atk": 31, "def": 31, "spa": 31, "spd": 31, "spe": 31}, "item": "Leftovers", "teraType": "Ground", "role": "Bulky Setup", "bvs": {"hp": 115, "atk": 131, "def": 131, "spa": 53, "spd": 53, "spe": 87}, "stats": {"hp": 304, "atk": 246, "def": 246, "spa": 126, "spd": 126, "spe": 179}, "types": ["Ground", "Fighting"]}, "Dugtrio": {"name": "Dugtrio", "species": "Dugtrio", "speciesId": "dugtrio", "gender": "F", "shiny": false, "level": 84, "moves": ["stoneedge", "suckerpunch", "throatchop", "earthquake"], "ability": "Arena Trap", "evs": {"hp": 85, "atk": 85, "def": 85, "spa": 85, "spd": 85, "spe": 85}, "ivs": {"hp": 31, "atk": 31, "def": 31, "spa": 31, "spd": 31, "spe": 31}, "item": "Choice Band", "teraType": "Dark", "role": "Wallbreaker", "bvs": {"hp": 35, "atk": 100, "def": 50, "spa": 50, "spd": 70, "spe": 120}, "stats": {"hp": 196, "atk": 216, "def": 132, "spa": 132, "spd": 166, "spe": 250}, "types": ["Ground"]}, "Bruxish": {"name": "Bruxish", "species": "Bruxish", "speciesId": "bruxish", "gender": "F", "shiny": false, "level": 85, "moves": ["wavecrash", "psychicfangs", "crunch", "icefang"], "ability": "Strong Jaw", "evs": {"hp": 85, "atk": 85, "def": 85, "spa": 85, "spd": 85, "spe": 85}, "ivs": {"hp": 31, "atk": 31, "def": 31, "spa": 31, "spd": 31, "spe": 31}, "item": "Choice Band", "teraType": "Dark", "role": "Fast Attacker", "bvs": {"hp": 68, "atk": 105, "def": 70, "spa": 70, "spd": 70, "spe": 92}, "stats": {"hp": 254, "atk": 227, "def": 168, "spa": 168, "spd": 168, "spe": 205}, "types": ["Water", "Psychic"]}, "Regice": {"name": "Regice", "species": "Regice", "speciesId": "regice", "gender": "N", "shiny": false, "level": 88, "moves": ["thunderbolt", "icebeam", "thunderwave", "bodypress"], "ability": "Clear Body", "evs": {"hp": 85, "atk": 0, "def": 85, "spa": 85, "spd": 85, "spe": 85}, "ivs": {"hp": 31, "atk": 0, "def": 31, "spa": 31, "spd": 31, "spe": 31}, "item": "Heavy-Duty Boots", "teraType": "Electric", "role": "Bulky Attacker", "bvs": {"hp": 80, "atk": 50, "def": 100, "spa": 100, "spd": 200, "spe": 50}, "stats": {"hp": 284, "atk": 93, "def": 226, "spa": 226, "spd": 402, "spe": 138}, "types": ["Ice"]}, "Munkidori": {"name": "Munkidori", "species": "Munkidori", "speciesId": "munkidori", "gender": "M", "shiny": false, "level": 79, "moves": ["uturn", "focusblast", "psyshock", "sludgewave"], "ability": "Toxic Chain", "evs": {"hp": 85, "atk": 85, "def": 85, "spa": 85, "spd": 85, "spe": 85}, "ivs": {"hp": 31, "atk": 31, "def": 31, "spa": 31, "spd": 31, "spe": 31}, "item": "Choice Specs", "teraType": "Poison", "role": "Fast Attacker", "bvs": {"hp": 88, "atk": 75, "def": 66, "spa": 130, "spd": 90, "spe": 106}, "stats": {"hp": 269, "atk": 164, "def": 150, "spa": 251, "spd": 188, "spe": 213}, "types": ["Poison", "Psychic"]}, "Eiscue": {"name": "Eiscue", "species": "Eiscue", "speciesId": "eiscue", "gender": "M", "shiny": false, "level": 88, "moves": ["zenheadbutt", "bellydrum", "icespinner", "liquidation"], "ability": "Ice Face", "evs": {"hp": 81, "atk": 85, "def": 85, "spa": 85, "spd": 85, "spe": 85}, "ivs": {"hp": 31, "atk": 31, "def": 31, "spa": 31, "spd": 31, "spe": 31}, "item": "Sitrus Berry", "teraType": "Water", "role": "Setup Sweeper", "bvs": {"hp": 75, "atk": 80, "def": 110, "spa": 65, "spd": 90, "spe": 50}, "stats": {"hp": 274, "atk": 191, "def": 244, "spa": 165, "spd": 209, "spe": 138}, "types": ["Ice"]}}, {"Bisharp": {"name": "Bisharp", "species": "Bisharp", "speciesId": "bisharp", "gender": "M", "shiny": false, "level": 79, "moves": ["ironhead", "throatchop", "suckerpunch", "stealthrock"], "ability": "Defiant", "evs": {"hp": 85, "atk": 85, "def": 85, "spa": 85, "spd": 85, "spe": 85}, "ivs": {"hp": 31, "atk": 31, "def": 31, "spa": 31, "spd": 31, "spe": 31}, "item": "Eviolite", "teraType": "Flying", "role": "Bulky Attacker", "bvs": {"hp": 65, "atk": 125, "def": 100, "spa": 60, "spd": 70, "spe": 70}, "stats": {"hp": 232, "atk": 243, "def": 204, "spa": 140, "spd": 156, "spe": 156}, "types": ["Dark", "Steel"]}, "Breloom": {"name": "Breloom", "species": "Breloom", "speciesId": "breloom", "gender": "M", "shiny": false, "level": 83, "moves": ["rocktomb", "spore", "machpunch", "bulletseed"], "ability": "Technician", "evs": {"hp": 85, "atk": 85, "def": 85, "spa": 85, "spd": 85, "spe": 85}, "ivs": {"hp": 31, "atk": 31, "def": 31, "spa": 31, "spd": 31, "spe": 31}, "item": "Life Orb", "teraType": "Rock", "role": "Fast Attacker", "bvs": {"hp": 60, "atk": 130, "def": 80, "spa": 60, "spd": 60, "spe": 70}, "stats": {"hp": 235, "atk": 263, "def": 180, "spa": 147, "spd": 147, "spe": 164}, "types": ["Grass", "Fighting"]}, "Salamence": {"name": "Salamence", "species": "Salamence", "speciesId": "salamence", "gender": "M", "shiny": false, "level": 77, "moves": ["dualwingbeat", "outrage", "earthquake", "dragondance"], "ability": "Intimidate", "evs": {"hp": 85, "atk": 85, "def": 85, "spa": 85, "spd": 85, "spe": 85}, "ivs": {"hp": 31, "atk": 31, "def": 31, "spa": 31, "spd": 31, "spe": 31}, "item": "Heavy-Duty Boots", "teraType": "Dragon", "role": "Setup Sweeper", "bvs": {"hp": 95, "atk": 135, "def": 80, "spa": 110, "spd": 80, "spe": 100}, "stats": {"hp": 273, "atk": 252, "def": 168, "spa": 214, "spd": 168, "spe": 199}, "types": ["Dragon", "Flying"]}, "Glalie": {"name": "Glalie", "species": "Glalie", "speciesId": "glalie", "gender": "M", "shiny": false, "level": 96, "moves": ["taunt", "spikes", "freezedry", "earthquake"], "ability": "Inner Focus", "evs": {"hp": 85, "atk": 85, "def": 85, "spa": 85, "spd": 85, "spe": 85}, "ivs": {"hp": 31, "atk": 31, "def": 31, "spa": 31, "spd": 31, "spe": 31}, "item": "Heavy-Duty Boots", "teraType": "Ghost", "role": "Fast Support", "bvs": {"hp": 80, "atk": 80, "def": 80, "spa": 80, "spd": 80, "spe": 80}, "stats": {"hp": 309, "atk": 208, "def": 208, "spa": 208, "spd": 208, "spe": 208}, "types": ["Ice"]}, "Sneasler": {"name": "Sneasler", "species": "Sneasler", "speciesId": "sneasler", "gender": "F", "shiny": false, "level": 74, "moves": ["swordsdance", "closecombat", "acrobatics", "gunkshot"], "ability": "Unburden", "evs": {"hp": 85, "atk": 85, "def": 85, "spa": 85, "spd": 85, "spe": 85}, "ivs": {"hp": 31, "atk": 31, "def": 31, "spa": 31, "spd": 31, "spe": 31}, "item": "White Herb", "teraType": "Flying", "role": "Setup Sweeper", "bvs": {"hp": 80, "atk": 130, "def": 60, "spa": 40, "spd": 80, "spe": 120}, "stats": {"hp": 240, "atk": 235, "def": 132, "spa": 102, "spd": 161, "spe": 221}, "types": ["Fighting", "Poison"]}, "Basculin": {"name": "Basculin", "species": "Basculin", "speciesId": "basculin", "gender": "F", "shiny": false, "level": 86, "moves": ["aquajet", "flipturn", "wavecrash", "doubleedge"], "ability": "Adaptability", "evs": {"hp": 85, "atk": 85, "def": 85, "spa": 85, "spd": 85, "spe": 85}, "ivs": {"hp": 31, "atk": 31, "def": 31, "spa": 31, "spd": 31, "spe": 31}, "item": "Choice Band", "teraType": "Water", "role": "Wallbreaker", "bvs": {"hp": 70, "atk": 92, "def": 65, "spa": 80, "spd": 55, "spe": 98}, "stats": {"hp": 261, "atk": 207, "def": 161, "spa": 187, "spd": 144, "spe": 218}, "types": ["Water"]}}]}