{"id": "gen9randombattle-2641583550", "format": "[Gen 9] Random Battle", "players": ["rpinches", "Marcygengar"], "log": "|j|\u2606rpinches\n|j|\u2606Marcygengar\n|t:|1782812997\n|gametype|singles\n|player|p1|rpinches|266|1374\n|player|p2|Marcygengar|janine|1423\n|gen|9\n|tier|[Gen 9] Random Battle\n|rated|\n|rule|Species Clause: Limit one of each Pok\u00e9mon\n|rule|HP Percentage Mod: HP is shown in percentages\n|rule|Sleep Clause Mod: Limit one foe put to sleep\n|rule|Illusion Level Mod: Illusion disguises the Pok\u00e9mon's true level\n|\n|t:|1782812997\n|teamsize|p1|6\n|teamsize|p2|6\n|start\n|switch|p1a: Chesnaught|Chesnaught, L84, F|285/285\n|switch|p2a: Duraludon|Duraludon, L82, F|249/249\n|turn|1\n|inactive|Battle timer is ON: inactive players will automatically lose when time's up. (requested by rpinches)\n|inactive|Marcygengar has 120 seconds left.\n|\n|t:|1782813031\n|switch|p2a: Emboar|Emboar, L84, F|322/322\n|move|p1a: Chesnaught|Iron Defense|p1a: Chesnaught\n|-boost|p1a: Chesnaught|def|2\n|\n|upkeep\n|turn|2\n|\n|t:|1782813049\n|move|p2a: Emboar|Flare Blitz|p1a: Chesnaught\n|-supereffective|p1a: Chesnaught\n|-damage|p1a: Chesnaught|145/285\n|-status|p1a: Chesnaught|brn\n|-damage|p2a: Emboar|276/322|[from] Recoil\n|move|p1a: Chesnaught|Body Press|p2a: Emboar\n|-damage|p2a: Emboar|147/322\n|\n|-heal|p1a: Chesnaught|162/285 brn|[from] item: Leftovers\n|-damage|p1a: Chesnaught|145/285 brn|[from] brn\n|upkeep\n|turn|3\n|\n|t:|1782813059\n|move|p2a: Emboar|Flare Blitz|p1a: Chesnaught\n|-supereffective|p1a: Chesnaught\n|-damage|p1a: Chesnaught|5/285 brn\n|-damage|p2a: Emboar|101/322|[from] Recoil\n|move|p1a: Chesnaught|Body Press|p2a: Emboar\n|-damage|p2a: Emboar|0 fnt\n|faint|p2a: Emboar\n|\n|-heal|p1a: Chesnaught|22/285 brn|[from] item: Leftovers\n|-damage|p1a: Chesnaught|5/285 brn|[from] brn\n|upkeep\n|inactive|Marcygengar has 120 seconds left.\n|\n|t:|1782813105\n|switch|p2a: Dragonite|Dragonite, L74, M|257/257\n|turn|4\n|\n|t:|1782813113\n|move|p2a: Dragonite|Dragon Dance|p2a: Dragonite\n|-boost|p2a: Dragonite|atk|1\n|-boost|p2a: Dragonite|spe|1\n|move|p1a: Chesnaught|Body Press|p2a: Dragonite\n|-resisted|p2a: Dragonite\n|-damage|p2a: Dragonite|229/257\n|\n|-heal|p1a: Chesnaught|22/285 brn|[from] item: Leftovers\n|-damage|p1a: Chesnaught|5/285 brn|[from] brn\n|upkeep\n|turn|5\n|\n|t:|1782813124\n|switch|p1a: Carbink|Carbink, L90|236/236\n|move|p2a: Dragonite|Dragon Dance|p2a: Dragonite\n|-boost|p2a: Dragonite|atk|1\n|-boost|p2a: Dragonite|spe|1\n|\n|upkeep\n|turn|6\n|\n|t:|1782813132\n|move|p2a: Dragonite|Earthquake|p1a: Carbink\n|-supereffective|p1a: Carbink\n|-damage|p1a: Carbink|64/236\n|move|p1a: Carbink|Moonblast|p2a: Dragonite\n|-supereffective|p2a: Dragonite\n|-damage|p2a: Dragonite|89/257\n|-unboost|p2a: Dragonite|spa|1\n|\n|upkeep\n|turn|7\n|\n|t:|1782813141\n|move|p2a: Dragonite|Earthquake|p1a: Carbink\n|-supereffective|p1a: Carbink\n|-damage|p1a: Carbink|0 fnt\n|faint|p1a: Carbink\n|\n|upkeep\n|\n|t:|1782813150\n|switch|p1a: Palossand|Palossand, L89, F|296/296\n|turn|8\n|\n|t:|1782813156\n|move|p2a: Dragonite|Roost|p2a: Dragonite\n|-heal|p2a: Dragonite|218/257\n|-singleturn|p2a: Dragonite|move: Roost\n|move|p1a: Palossand|Shadow Ball|p2a: Dragonite\n|-damage|p2a: Dragonite|125/257\n|\n|upkeep\n|turn|9\n|\n|t:|1782813164\n|move|p2a: Dragonite|Outrage|p1a: Palossand\n|-damage|p1a: Palossand|76/296\n|move|p1a: Palossand|Shadow Ball|p2a: Dragonite\n|-damage|p2a: Dragonite|20/257\n|\n|-heal|p1a: Palossand|94/296|[from] item: Leftovers\n|upkeep\n|turn|10\n|\n|t:|1782813172\n|move|p2a: Dragonite|Outrage|p1a: Palossand|[from] lockedmove\n|-damage|p1a: Palossand|0 fnt\n|faint|p1a: Palossand\n|-start|p2a: Dragonite|confusion|[fatigue]\n|\n|upkeep\n|\n|t:|1782813179\n|switch|p1a: Scizor|Scizor, L79, M|240/240\n|turn|11\n|\n|t:|1782813185\n|move|p1a: Scizor|Bullet Punch|p2a: Dragonite\n|-crit|p2a: Dragonite\n|-damage|p2a: Dragonite|0 fnt\n|faint|p2a: Dragonite\n|\n|upkeep\n|\n|t:|1782813202\n|switch|p2a: Muk|Muk-Alola, L82, F|306/306\n|turn|12\n|\n|t:|1782813206\n|move|p1a: Scizor|Knock Off|p2a: Muk\n|-resisted|p2a: Muk\n|-damage|p2a: Muk|261/306\n|-enditem|p2a: Muk|Assault Vest|[from] move: Knock Off|[of] p1a: Scizor\n|move|p2a: Muk|Knock Off|p1a: Scizor\n|-damage|p1a: Scizor|143/240\n|-enditem|p1a: Scizor|Leftovers|[from] move: Knock Off|[of] p2a: Muk\n|\n|upkeep\n|turn|13\n|\n|t:|1782813214\n|move|p1a: Scizor|Bullet Punch|p2a: Muk\n|-damage|p2a: Muk|183/306\n|move|p2a: Muk|Drain Punch|p1a: Scizor\n|-damage|p1a: Scizor|95/240\n|-heal|p2a: Muk|207/306|[from] drain|[of] p1a: Scizor\n|\n|upkeep\n|turn|14\n|\n|t:|1782813221\n|move|p1a: Scizor|Bullet Punch|p2a: Muk\n|-damage|p2a: Muk|131/306\n|move|p2a: Muk|Drain Punch|p1a: Scizor\n|-damage|p1a: Scizor|43/240\n|-heal|p2a: Muk|157/306|[from] drain|[of] p1a: Scizor\n|\n|upkeep\n|turn|15\n|\n|t:|1782813228\n|move|p1a: Scizor|Bullet Punch|p2a: Muk\n|-damage|p2a: Muk|79/306\n|move|p2a: Muk|Drain Punch|p1a: Scizor\n|-damage|p1a: Scizor|0 fnt\n|-heal|p2a: Muk|101/306|[from] drain|[of] p1a: Scizor\n|faint|p1a: Scizor\n|\n|upkeep\n|\n|t:|1782813241\n|switch|p1a: Cinderace|Cinderace, L77, F|249/249\n|turn|16\n|\n|t:|1782813252\n|move|p1a: Cinderace|Pyro Ball|p2a: Muk\n|-damage|p2a: Muk|0 fnt\n|faint|p2a: Muk\n|\n|upkeep\n|\n|t:|1782813261\n|switch|p2a: Scrafty|Scrafty, L83, M|244/244\n|-ability|p2a: Scrafty|Intimidate|boost\n|-unboost|p1a: Cinderace|atk|1\n|turn|17\n|\n|t:|1782813268\n|move|p1a: Cinderace|High Jump Kick|p2a: Scrafty\n|-start|p1a: Cinderace|typechange|Fighting|[from] ability: Libero\n|-supereffective|p2a: Scrafty\n|-damage|p2a: Scrafty|88/244\n|move|p2a: Scrafty|Dragon Dance|p2a: Scrafty\n|-boost|p2a: Scrafty|atk|1\n|-boost|p2a: Scrafty|spe|1\n|\n|-heal|p2a: Scrafty|103/244|[from] item: Leftovers\n|upkeep\n|turn|18\n|\n|t:|1782813281\n|-terastallize|p2a: Scrafty|Poison\n|move|p1a: Cinderace|High Jump Kick|p2a: Scrafty\n|-resisted|p2a: Scrafty\n|-damage|p2a: Scrafty|66/244\n|move|p2a: Scrafty|Drain Punch|p1a: Cinderace\n|-damage|p1a: Cinderace|117/249\n|-heal|p2a: Scrafty|132/244|[from] drain|[of] p1a: Cinderace\n|\n|-heal|p2a: Scrafty|147/244|[from] item: Leftovers\n|upkeep\n|turn|19\n|\n|t:|1782813292\n|switch|p1a: Chesnaught|Chesnaught, L84, F|5/285 brn\n|move|p2a: Scrafty|Dragon Dance|p2a: Scrafty\n|-boost|p2a: Scrafty|atk|1\n|-boost|p2a: Scrafty|spe|1\n|\n|-heal|p2a: Scrafty|162/244|[from] item: Leftovers\n|-heal|p1a: Chesnaught|22/285 brn|[from] item: Leftovers\n|-damage|p1a: Chesnaught|5/285 brn|[from] brn\n|upkeep\n|turn|20\n|\n|t:|1782813304\n|move|p2a: Scrafty|Dragon Dance|p2a: Scrafty\n|-boost|p2a: Scrafty|atk|1\n|-boost|p2a: Scrafty|spe|1\n|move|p1a: Chesnaught|Body Press|p2a: Scrafty\n|-resisted|p2a: Scrafty\n|-damage|p2a: Scrafty|142/244\n|\n|-heal|p2a: Scrafty|157/244|[from] item: Leftovers\n|-heal|p1a: Chesnaught|22/285 brn|[from] item: Leftovers\n|-damage|p1a: Chesnaught|5/285 brn|[from] brn\n|upkeep\n|turn|21\n|\n|t:|1782813314\n|switch|p1a: Fezandipiti|Fezandipiti, L82, M|278/278\n|move|p2a: Scrafty|Poison Jab|p1a: Fezandipiti\n|-damage|p1a: Fezandipiti|55/278\n|\n|-heal|p2a: Scrafty|172/244|[from] item: Leftovers\n|-heal|p1a: Fezandipiti|72/278|[from] item: Leftovers\n|upkeep\n|turn|22\n|\n|t:|1782813331\n|-terastallize|p1a: Fezandipiti|Steel\n|move|p2a: Scrafty|Poison Jab|p1a: Fezandipiti\n|-immune|p1a: Fezandipiti\n|move|p1a: Fezandipiti|Beat Up|p2a: Scrafty\n|-damage|p2a: Scrafty|165/244\n|-crit|p2a: Scrafty\n|-damage|p2a: Scrafty|151/244\n|-hitcount|p2a: Scrafty|2\n|\n|-heal|p2a: Scrafty|166/244|[from] item: Leftovers\n|-heal|p1a: Fezandipiti|89/278|[from] item: Leftovers\n|upkeep\n|turn|23\n|\n|t:|1782813342\n|move|p2a: Scrafty|Drain Punch|p1a: Fezandipiti\n|-supereffective|p1a: Fezandipiti\n|-damage|p1a: Fezandipiti|0 fnt\n|-heal|p2a: Scrafty|211/244|[from] drain|[of] p1a: Fezandipiti\n|faint|p1a: Fezandipiti\n|\n|-heal|p2a: Scrafty|226/244|[from] item: Leftovers\n|upkeep\n|-message|rpinches forfeited.\n|\n|win|Marcygengar\n|raw|rpinches's rating: 1374 &rarr; <strong>1357</strong><br />(-17 for losing)\n|raw|Marcygengar's rating: 1423 &rarr; <strong>1440</strong><br />(+17 for winning)\n|l|\u2606rpinches\n|player|p1|\n|c|\u2606Marcygengar|im sorry little one\n", "inputlog": ">version f8ac14003a5f27e1bdc8d8c59608a773c1cb96e5\n>start {\"formatid\":\"gen9randombattle\",\"seed\":\"sodium,57504cc5fc873eb4ead8058afb5edefe\",\"rated\":\"Rated battle\"}\n>player p1 {\"name\":\"rpinches\",\"avatar\":\"266\",\"rating\":1374,\"seed\":\"sodium,a4d2bc081a8681aca1efe66d127c42ab\"}\n>player p2 {\"name\":\"Marcygengar\",\"avatar\":\"janine\",\"rating\":1423,\"seed\":\"sodium,52b4d77051235e070628ade7541a1daa\"}\n>p1 move irondefense\n>p2 switch 6\n>p1 move bodypress\n>p2 move flareblitz\n>p1 move bodypress\n>p2 move flareblitz\n>p2 switch 4\n>p1 move bodypress\n>p2 move dragondance\n>p1 switch 6\n>p2 move dragondance\n>p1 move moonblast\n>p2 move earthquake\n>p1 move moonblast\n>p2 move earthquake\n>p1 switch 2\n>p1 move shadowball\n>p2 move roost\n>p1 move shadowball\n>p2 move outrage\n>p1 move shadowball\n>p2 move outrage\n>p1 switch 4\n>p1 move bulletpunch\n>p2 move roost\n>p2 switch 5\n>p1 move knockoff\n>p2 move knockoff\n>p1 move bulletpunch\n>p2 move drainpunch\n>p1 move bulletpunch\n>p2 move drainpunch\n>p1 move bulletpunch\n>p2 move drainpunch\n>p1 switch 5\n>p1 move pyroball\n>p2 move knockoff\n>p2 switch 2\n>p1 move highjumpkick\n>p2 move dragondance\n>p1 move highjumpkick\n>p2 move drainpunch terastallize\n>p1 switch 6\n>p2 move dragondance\n>p1 move bodypress\n>p2 move dragondance\n>p1 switch 3\n>p2 move poisonjab\n>p1 move beatup terastallize\n>p2 move poisonjab\n>p1 move gunkshot\n>p2 move drainpunch\n>forcelose p1", "uploadtime": 1782813354, "views": 3, "formatid": "gen9randombattle", "rating": 1357, "private": 0, "password": null, "player_dets": [{"name": "rpinches", "avatar": "266", "rating": 1374, "seed": "sodium,a4d2bc081a8681aca1efe66d127c42ab"}, {"name": "Marcygengar", "avatar": "janine", "rating": 1423, "seed": "sodium,52b4d77051235e070628ade7541a1daa"}], "teams_full": [{"Chesnaught": {"name": "Chesnaught", "species": "Chesnaught", "speciesId": "chesnaught", "gender": "F", "shiny": false, "level": 84, "moves": ["irondefense", "synthesis", "bodypress", "trailblaze"], "ability": "Bulletproof", "evs": {"hp": 85, "atk": 85, "def": 85, "spa": 85, "spd": 85, "spe": 85}, "ivs": {"hp": 31, "atk": 31, "def": 31, "spa": 31, "spd": 31, "spe": 31}, "item": "Leftovers", "teraType": "Steel", "role": "Fast Bulky Setup", "bvs": {"hp": 88, "atk": 107, "def": 122, "spa": 74, "spd": 75, "spe": 64}, "stats": {"hp": 285, "atk": 228, "def": 253, "spa": 173, "spd": 174, "spe": 156}, "types": ["Grass", "Fighting"]}, "Palossand": {"name": "Palossand", "species": "Palossand", "speciesId": "palossand", "gender": "F", "shiny": false, "level": 89, "moves": ["stealthrock", "shoreup", "shadowball", "earthpower"], "ability": "Water Compaction", "evs": {"hp": 85, "atk": 0, "def": 85, "spa": 85, "spd": 85, "spe": 85}, "ivs": {"hp": 31, "atk": 0, "def": 31, "spa": 31, "spd": 31, "spe": 31}, "item": "Leftovers", "teraType": "Water", "role": "Bulky Support", "bvs": {"hp": 85, "atk": 75, "def": 110, "spa": 100, "spd": 75, "spe": 35}, "stats": {"hp": 296, "atk": 138, "def": 247, "spa": 229, "spd": 184, "spe": 113}, "types": ["Ghost", "Ground"]}, "Fezandipiti": {"name": "Fezandipiti", "species": "Fezandipiti", "speciesId": "fezandipiti", "gender": "M", "shiny": false, "level": 82, "moves": ["beatup", "moonblast", "gunkshot", "roost"], "ability": "Toxic Chain", "evs": {"hp": 85, "atk": 85, "def": 85, "spa": 85, "spd": 85, "spe": 85}, "ivs": {"hp": 31, "atk": 31, "def": 31, "spa": 31, "spd": 31, "spe": 31}, "item": "Leftovers", "teraType": "Steel", "role": "Bulky Attacker", "bvs": {"hp": 88, "atk": 91, "def": 82, "spa": 70, "spd": 125, "spe": 99}, "stats": {"hp": 278, "atk": 196, "def": 182, "spa": 162, "spd": 252, "spe": 210}, "types": ["Poison", "Fairy"]}, "Scizor": {"name": "Scizor", "species": "Scizor", "speciesId": "scizor", "gender": "M", "shiny": false, "level": 79, "moves": ["uturn", "knockoff", "defog", "bulletpunch"], "ability": "Technician", "evs": {"hp": 85, "atk": 85, "def": 85, "spa": 85, "spd": 85, "spe": 85}, "ivs": {"hp": 31, "atk": 31, "def": 31, "spa": 31, "spd": 31, "spe": 31}, "item": "Leftovers", "teraType": "Steel", "role": "Bulky Support", "bvs": {"hp": 70, "atk": 130, "def": 100, "spa": 55, "spd": 80, "spe": 65}, "stats": {"hp": 240, "atk": 251, "def": 204, "spa": 132, "spd": 172, "spe": 148}, "types": ["Bug", "Steel"]}, "Cinderace": {"name": "Cinderace", "species": "Cinderace", "speciesId": "cinderace", "gender": "F", "shiny": false, "level": 77, "moves": ["gunkshot", "courtchange", "highjumpkick", "pyroball"], "ability": "Libero", "evs": {"hp": 81, "atk": 85, "def": 85, "spa": 85, "spd": 85, "spe": 85}, "ivs": {"hp": 31, "atk": 31, "def": 31, "spa": 31, "spd": 31, "spe": 31}, "item": "Heavy-Duty Boots", "teraType": "Fighting", "role": "Fast Attacker", "bvs": {"hp": 80, "atk": 116, "def": 75, "spa": 65, "spd": 75, "spe": 119}, "stats": {"hp": 249, "atk": 223, "def": 160, "spa": 145, "spd": 160, "spe": 228}, "types": ["Fire"]}, "Carbink": {"name": "Carbink", "species": "Carbink", "speciesId": "carbink", "gender": "N", "shiny": false, "level": 90, "moves": ["bodypress", "irondefense", "moonblast", "rest"], "ability": "Clear Body", "evs": {"hp": 85, "atk": 0, "def": 85, "spa": 85, "spd": 85, "spe": 85}, "ivs": {"hp": 31, "atk": 0, "def": 31, "spa": 31, "spd": 31, "spe": 31}, "item": "Chesto Berry", "teraType": "Fighting", "role": "Fast Bulky Setup", "bvs": {"hp": 50, "atk": 50, "def": 150, "spa": 50, "spd": 150, "spe": 50}, "stats": {"hp": 236, "atk": 95, "def": 321, "spa": 141, "spd": 321, "spe": 141}, "types": ["Rock", "Fairy"]}}, {"Duraludon": {"name": "Duraludon", "species": "Duraludon", "speciesId": "duraludon", "gender": "F", "shiny": false, "level": 82, "moves": ["dragontail", "flashcannon", "bodypress", "dracometeor"], "ability": "Light Metal", "evs": {"hp": 85, "atk": 85, "def": 85, "spa": 85, "spd": 85, "spe": 85}, "ivs": {"hp": 31, "atk": 31, "def": 31, "spa": 31, "spd": 31, "spe": 31}, "item": "Eviolite", "teraType": "Fighting", "role": "Bulky Attacker", "bvs": {"hp": 70, "atk": 95, "def": 115, "spa": 120, "spd": 50, "spe": 85}, "stats": {"hp": 249, "atk": 203, "def": 236, "spa": 244, "spd": 129, "spe": 187}, "types": ["Steel", "Dragon"]}, "Scrafty": {"name": "Scrafty", "species": "Scrafty", "speciesId": "scrafty", "gender": "M", "shiny": false, "level": 83, "moves": ["dragondance", "poisonjab", "drainpunch", "knockoff"], "ability": "Intimidate", "evs": {"hp": 85, "atk": 85, "def": 85, "spa": 85, "spd": 85, "spe": 85}, "ivs": {"hp": 31, "atk": 31, "def": 31, "spa": 31, "spd": 31, "spe": 31}, "item": "Leftovers", "teraType": "Poison", "role": "Bulky Attacker", "bvs": {"hp": 65, "atk": 90, "def": 115, "spa": 45, "spd": 115, "spe": 58}, "stats": {"hp": 244, "atk": 197, "def": 239, "spa": 122, "spd": 239, "spe": 144}, "types": ["Dark", "Fighting"]}, "Mewtwo": {"name": "Mewtwo", "species": "Mewtwo", "speciesId": "mewtwo", "gender": "N", "shiny": false, "level": 72, "moves": ["nastyplot", "psystrike", "recover", "darkpulse"], "ability": "Pressure", "evs": {"hp": 85, "atk": 0, "def": 85, "spa": 85, "spd": 85, "spe": 85}, "ivs": {"hp": 31, "atk": 0, "def": 31, "spa": 31, "spd": 31, "spe": 31}, "item": "Life Orb", "teraType": "Psychic", "role": "Setup Sweeper", "bvs": {"hp": 106, "atk": 110, "def": 90, "spa": 154, "spd": 90, "spe": 130}, "stats": {"hp": 272, "atk": 163, "def": 172, "spa": 264, "spd": 172, "spe": 229}, "types": ["Psychic"]}, "Dragonite": {"name": "Dragonite", "species": "Dragonite", "speciesId": "dragonite", "gender": "M", "shiny": false, "level": 74, "moves": ["earthquake", "dragondance", "outrage", "roost"], "ability": "Multiscale", "evs": {"hp": 85, "atk": 85, "def": 85, "spa": 85, "spd": 85, "spe": 85}, "ivs": {"hp": 31, "atk": 31, "def": 31, "spa": 31, "spd": 31, "spe": 31}, "item": "Heavy-Duty Boots", "teraType": "Ground", "role": "Bulky Setup", "bvs": {"hp": 91, "atk": 134, "def": 95, "spa": 100, "spd": 100, "spe": 80}, "stats": {"hp": 257, "atk": 241, "def": 184, "spa": 191, "spd": 191, "spe": 161}, "types": ["Dragon", "Flying"]}, "Muk": {"name": "Muk", "species": "Muk-Alola", "speciesId": "mukalola", "gender": "F", "shiny": false, "level": 82, "moves": ["icepunch", "poisonjab", "knockoff", "drainpunch"], "ability": "Poison Touch", "evs": {"hp": 85, "atk": 85, "def": 85, "spa": 85, "spd": 85, "spe": 85}, "ivs": {"hp": 31, "atk": 31, "def": 31, "spa": 31, "spd": 31, "spe": 31}, "item": "Assault Vest", "teraType": "Fighting", "role": "AV Pivot", "bvs": {"hp": 105, "atk": 105, "def": 75, "spa": 65, "spd": 100, "spe": 50}, "stats": {"hp": 306, "atk": 219, "def": 170, "spa": 154, "spd": 211, "spe": 129}, "types": ["Poison", "Dark"]}, "Emboar": {"name": "Emboar", "species": "Emboar", "speciesId": "emboar", "gender": "F", "shiny": false, "level": 84, "moves": ["closecombat", "flareblitz", "suckerpunch", "wildcharge"], "ability": "Reckless", "evs": {"hp": 85, "atk": 85, "def": 85, "spa": 85, "spd": 85, "spe": 85}, "ivs": {"hp": 31, "atk": 31, "def": 31, "spa": 31, "spd": 31, "spe": 31}, "item": "Assault Vest", "teraType": "Electric", "role": "AV Pivot", "bvs": {"hp": 110, "atk": 123, "def": 65, "spa": 100, "spd": 65, "spe": 65}, "stats": {"hp": 322, "atk": 255, "def": 157, "spa": 216, "spd": 157, "spe": 157}, "types": ["Fire", "Fighting"]}}]}