{"id": "gen9randombattle-2641408800", "format": "[Gen 9] Random Battle", "players": ["thzhin", "Bleach Your Soul"], "log": "|j|\u2606thzhin\n|j|\u2606Bleach Your Soul\n|t:|1782780368\n|gametype|singles\n|player|p1|thzhin|101|1403\n|player|p2|Bleach Your Soul|265|1378\n|gen|9\n|tier|[Gen 9] Random Battle\n|rated|\n|rule|Species Clause: Limit one of each Pok\u00e9mon\n|rule|HP Percentage Mod: HP is shown in percentages\n|rule|Sleep Clause Mod: Limit one foe put to sleep\n|rule|Illusion Level Mod: Illusion disguises the Pok\u00e9mon's true level\n|\n|t:|1782780368\n|teamsize|p1|6\n|teamsize|p2|6\n|start\n|switch|p1a: Latias|Latias, L79, F|256/256\n|switch|p2a: Heatran|Heatran, L79, M|273/273\n|-item|p2a: Heatran|Air Balloon\n|turn|1\n|\n|t:|1782780386\n|switch|p1a: Tentacruel|Tentacruel, L84, F|272/272\n|switch|p2a: Uxie|Uxie, L83|260/260\n|\n|upkeep\n|turn|2\n|\n|t:|1782780423\n|switch|p1a: Polteageist|Polteageist, L78|222/222\n|move|p2a: Uxie|Thunder Wave|p1a: Polteageist\n|-status|p1a: Polteageist|par\n|\n|upkeep\n|turn|3\n|\n|t:|1782780433\n|move|p2a: Uxie|U-turn|p1a: Polteageist\n|-resisted|p1a: Polteageist\n|-damage|p1a: Polteageist|196/222 par\n|\n|t:|1782780436\n|switch|p2a: Hitmontop|Hitmontop, L88, M|231/231|[from] U-turn\n|-ability|p2a: Hitmontop|Intimidate|boost\n|-unboost|p1a: Polteageist|atk|1\n|-enditem|p1a: Polteageist|White Herb\n|-clearnegativeboost|p1a: Polteageist|[silent]\n|move|p1a: Polteageist|Shell Smash|p1a: Polteageist\n|-unboost|p1a: Polteageist|def|1\n|-unboost|p1a: Polteageist|spd|1\n|-boost|p1a: Polteageist|atk|2\n|-boost|p1a: Polteageist|spa|2\n|-boost|p1a: Polteageist|spe|2\n|\n|upkeep\n|turn|4\n|\n|t:|1782780456\n|switch|p2a: Heatran|Heatran, L79, M|273/273\n|-item|p2a: Heatran|Air Balloon\n|move|p1a: Polteageist|Stored Power|p2a: Heatran\n|-resisted|p2a: Heatran\n|-damage|p2a: Heatran|171/273\n|-enditem|p2a: Heatran|Air Balloon\n|\n|upkeep\n|turn|5\n|\n|t:|1782780477\n|move|p2a: Heatran|Heavy Slam|p1a: Polteageist\n|-damage|p1a: Polteageist|0 fnt\n|-start|p2a: Heatran|Disable|Heavy Slam|[from] ability: Cursed Body|[of] p1a: Polteageist\n|faint|p1a: Polteageist\n|\n|upkeep\n|\n|t:|1782780488\n|switch|p1a: Tentacruel|Tentacruel, L84, F|272/272\n|turn|6\n|\n|t:|1782780496\n|switch|p2a: Uxie|Uxie, L83|260/260\n|move|p1a: Tentacruel|Knock Off|p2a: Uxie\n|-supereffective|p2a: Uxie\n|-damage|p2a: Uxie|186/260\n|-enditem|p2a: Uxie|Leftovers|[from] move: Knock Off|[of] p1a: Tentacruel\n|\n|upkeep\n|turn|7\n|\n|t:|1782780512\n|switch|p1a: Excadrill|Excadrill, L79, M|303/303\n|-ability|p1a: Excadrill|Mold Breaker\n|move|p2a: Uxie|Thunder Wave|p1a: Excadrill\n|-immune|p1a: Excadrill\n|\n|upkeep\n|turn|8\n|\n|t:|1782780534\n|move|p2a: Uxie|U-turn|p1a: Excadrill\n|-resisted|p1a: Excadrill\n|-damage|p1a: Excadrill|276/303\n|\n|t:|1782780536\n|switch|p2a: Hitmontop|Hitmontop, L88, M|231/231|[from] U-turn\n|-ability|p2a: Hitmontop|Intimidate|boost\n|-unboost|p1a: Excadrill|atk|1\n|move|p1a: Excadrill|Rapid Spin|p2a: Hitmontop\n|-damage|p2a: Hitmontop|207/231\n|-boost|p1a: Excadrill|spe|1\n|\n|upkeep\n|turn|9\n|\n|t:|1782780580\n|switch|p1a: Latias|Latias, L79, F|256/256\n|switch|p2a: Uxie|Uxie, L83|186/260\n|\n|upkeep\n|turn|10\n|\n|t:|1782780595\n|switch|p1a: Excadrill|Excadrill, L79, M|276/303\n|-ability|p1a: Excadrill|Mold Breaker\n|move|p2a: Uxie|Thunder Wave|p1a: Excadrill\n|-immune|p1a: Excadrill\n|\n|upkeep\n|turn|11\n|\n|t:|1782780612\n|switch|p1a: Azelf|Azelf, L82|257/257\n|move|p2a: Uxie|Psychic Noise|p1a: Azelf\n|-resisted|p1a: Azelf\n|-damage|p1a: Azelf|215/257\n|-start|p1a: Azelf|move: Heal Block\n|\n|upkeep\n|turn|12\n|\n|t:|1782780624\n|move|p1a: Azelf|Nasty Plot|p1a: Azelf\n|-boost|p1a: Azelf|spa|2\n|move|p2a: Uxie|Thunder Wave|p1a: Azelf\n|-status|p1a: Azelf|par\n|\n|-end|p1a: Azelf|move: Heal Block\n|upkeep\n|turn|13\n|\n|t:|1782780641\n|move|p2a: Uxie|Encore|p1a: Azelf\n|-start|p1a: Azelf|Encore\n|cant|p1a: Azelf|par\n|\n|upkeep\n|turn|14\n|\n|t:|1782780657\n|switch|p1a: Excadrill|Excadrill, L79, M|276/303\n|-ability|p1a: Excadrill|Mold Breaker\n|move|p2a: Uxie|U-turn|p1a: Excadrill\n|-resisted|p1a: Excadrill\n|-damage|p1a: Excadrill|250/303\n|\n|t:|1782780664\n|switch|p2a: Hitmontop|Hitmontop, L88, M|207/231|[from] U-turn\n|-ability|p2a: Hitmontop|Intimidate|boost\n|-unboost|p1a: Excadrill|atk|1\n|\n|upkeep\n|turn|15\n|inactive|Battle timer is ON: inactive players will automatically lose when time's up. (requested by Bleach Your Soul)\n|\n|t:|1782780673\n|switch|p1a: Azelf|Azelf, L82|215/257 par\n|move|p2a: Hitmontop|Close Combat|p1a: Azelf\n|-resisted|p1a: Azelf\n|-damage|p1a: Azelf|137/257 par\n|-unboost|p2a: Hitmontop|def|1\n|-unboost|p2a: Hitmontop|spd|1\n|\n|upkeep\n|turn|16\n|\n|t:|1782780701\n|switch|p2a: Heatran|Heatran, L79, M|171/273\n|move|p1a: Azelf|Psychic|p2a: Heatran\n|-resisted|p2a: Heatran\n|-damage|p2a: Heatran|111/273\n|-damage|p1a: Azelf|112/257 par|[from] item: Life Orb\n|\n|upkeep\n|turn|17\n|\n|t:|1782780719\n|move|p2a: Heatran|Heavy Slam|p1a: Azelf\n|-crit|p1a: Azelf\n|-damage|p1a: Azelf|0 fnt\n|faint|p1a: Azelf\n|\n|upkeep\n|inactive|thzhin has 120 seconds left.\n|\n|t:|1782780741\n|switch|p1a: Tentacruel|Tentacruel, L84, F|272/272\n|turn|18\n|inactive|thzhin has 120 seconds left.\n|\n|t:|1782780762\n|move|p1a: Tentacruel|Knock Off|p2a: Heatran\n|-damage|p2a: Heatran|77/273\n|move|p2a: Heatran|Earth Power|p1a: Tentacruel\n|-supereffective|p1a: Tentacruel\n|-damage|p1a: Tentacruel|162/272\n|\n|-heal|p1a: Tentacruel|179/272|[from] item: Leftovers\n|upkeep\n|turn|19\n|inactive|thzhin has 120 seconds left.\n|\n|t:|1782780773\n|move|p1a: Tentacruel|Surf|p2a: Heatran\n|-supereffective|p2a: Heatran\n|-damage|p2a: Heatran|0 fnt\n|faint|p2a: Heatran\n|\n|-heal|p1a: Tentacruel|196/272|[from] item: Leftovers\n|upkeep\n|\n|t:|1782780776\n|switch|p2a: Mewtwo|Mewtwo, L72|272/272\n|-ability|p2a: Mewtwo|Unnerve\n|turn|20\n|inactive|thzhin has 120 seconds left.\n|\n|t:|1782780799\n|-terastallize|p1a: Tentacruel|Flying\n|move|p2a: Mewtwo|Nasty Plot|p2a: Mewtwo\n|-boost|p2a: Mewtwo|spa|2\n|move|p1a: Tentacruel|Knock Off|p2a: Mewtwo\n|-supereffective|p2a: Mewtwo\n|-damage|p2a: Mewtwo|138/272\n|-enditem|p2a: Mewtwo|Life Orb|[from] move: Knock Off|[of] p1a: Tentacruel\n|\n|-heal|p1a: Tentacruel|213/272|[from] item: Leftovers\n|upkeep\n|turn|21\n|inactive|thzhin has 120 seconds left.\n|\n|t:|1782780810\n|move|p2a: Mewtwo|Psystrike|p1a: Tentacruel\n|-damage|p1a: Tentacruel|0 fnt\n|faint|p1a: Tentacruel\n|\n|upkeep\n|inactive|thzhin has 90 seconds left.\n|\n|t:|1782780842\n|switch|p1a: Latias|Latias, L79, F|256/256\n|turn|22\n|inactive|thzhin has 90 seconds left.\n|\n|t:|1782780858\n|move|p2a: Mewtwo|Dark Pulse|p1a: Latias\n|-supereffective|p1a: Latias\n|-damage|p1a: Latias|78/256\n|cant|p1a: Latias|flinch\n|\n|upkeep\n|turn|23\n|inactive|thzhin has 90 seconds left.\n|-message|thzhin forfeited.\n|\n|win|Bleach Your Soul\n|raw|thzhin's rating: 1403 &rarr; <strong>1382</strong><br />(-21 for losing)\n|raw|Bleach Your Soul's rating: 1378 &rarr; <strong>1399</strong><br />(+21 for winning)\n|l|\u2606thzhin\n|player|p1|\n", "inputlog": ">version f8ac14003a5f27e1bdc8d8c59608a773c1cb96e5\n>start {\"formatid\":\"gen9randombattle\",\"seed\":\"sodium,74eaba6e0bb1c38625339ea64a97dc20\",\"rated\":\"Rated battle\"}\n>player p1 {\"name\":\"thzhin\",\"avatar\":\"101\",\"rating\":1403,\"seed\":\"sodium,013b7383bc8a2aa9425d794ed3410fee\"}\n>player p2 {\"name\":\"Bleach Your Soul\",\"avatar\":\"265\",\"rating\":1378,\"seed\":\"sodium,ae7543ea0401f900be272436b3f75f93\"}\n>p1 switch 6\n>p2 switch 3\n>p1 switch 4\n>p2 move thunderwave\n>p1 move shellsmash\n>p2 move uturn\n>p2 switch 5\n>p1 move storedpower\n>p2 switch 3\n>p1 move shadowball\n>p2 move heavyslam\n>p1 switch 4\n>p1 move knockoff\n>p2 switch 5\n>p1 switch 3\n>p2 move thunderwave\n>p1 move rapidspin\n>p2 move uturn\n>p2 switch 3\n>p1 switch 6\n>p2 switch 3\n>p1 switch 6\n>p2 move thunderwave\n>p1 switch 2\n>p2 move psychicnoise\n>p1 move nastyplot\n>p2 move thunderwave\n>p1 move dazzlinggleam\n>p2 move encore\n>p1 switch 2\n>p2 move uturn\n>p2 switch 3\n>p1 switch 2\n>p2 move closecombat\n>p1 move psychic\n>p2 switch 5\n>p1 move psychic\n>p2 move heavyslam\n>p1 switch 3\n>p1 move knockoff\n>p2 move earthpower\n>p1 move surf\n>p2 move earthpower\n>p2 switch 6\n>p1 move knockoff terastallize\n>p2 move nastyplot\n>p1 move knockoff\n>p2 move psystrike\n>p1 switch 6\n>p1 move dracometeor\n>p2 move darkpulse\n>forcelose p1", "uploadtime": 1782780885, "views": 2, "formatid": "gen9randombattle", "rating": 1382, "private": 0, "password": null, "player_dets": [{"name": "thzhin", "avatar": "101", "rating": 1403, "seed": "sodium,013b7383bc8a2aa9425d794ed3410fee"}, {"name": "Bleach Your Soul", "avatar": "265", "rating": 1378, "seed": "sodium,ae7543ea0401f900be272436b3f75f93"}], "teams_full": [{"Latias": {"name": "Latias", "species": "Latias", "speciesId": "latias", "gender": "F", "shiny": false, "level": 79, "moves": ["calmmind", "psyshock", "dracometeor", "recover"], "ability": "Levitate", "evs": {"hp": 85, "atk": 0, "def": 85, "spa": 85, "spd": 85, "spe": 85}, "ivs": {"hp": 31, "atk": 0, "def": 31, "spa": 31, "spd": 31, "spe": 31}, "item": "Soul Dew", "teraType": "Steel", "role": "Fast Bulky Setup", "bvs": {"hp": 80, "atk": 80, "def": 90, "spa": 110, "spd": 130, "spe": 110}, "stats": {"hp": 256, "atk": 131, "def": 188, "spa": 219, "spd": 251, "spe": 219}, "types": ["Dragon", "Psychic"]}, "Azelf": {"name": "Azelf", "species": "Azelf", "speciesId": "azelf", "gender": "N", "shiny": false, "level": 82, "moves": ["dazzlinggleam", "fireblast", "nastyplot", "psychic"], "ability": "Levitate", "evs": {"hp": 85, "atk": 0, "def": 85, "spa": 85, "spd": 85, "spe": 85}, "ivs": {"hp": 31, "atk": 0, "def": 31, "spa": 31, "spd": 31, "spe": 31}, "item": "Life Orb", "teraType": "Psychic", "role": "Fast Attacker", "bvs": {"hp": 75, "atk": 125, "def": 70, "spa": 125, "spd": 70, "spe": 115}, "stats": {"hp": 257, "atk": 210, "def": 162, "spa": 252, "spd": 162, "spe": 236}, "types": ["Psychic"]}, "Excadrill": {"name": "Excadrill", "species": "Excadrill", "speciesId": "excadrill", "gender": "M", "shiny": false, "level": 79, "moves": ["rockslide", "earthquake", "ironhead", "rapidspin"], "ability": "Mold Breaker", "evs": {"hp": 85, "atk": 85, "def": 85, "spa": 85, "spd": 85, "spe": 85}, "ivs": {"hp": 31, "atk": 31, "def": 31, "spa": 31, "spd": 31, "spe": 31}, "item": "Assault Vest", "teraType": "Water", "role": "AV Pivot", "bvs": {"hp": 110, "atk": 135, "def": 60, "spa": 50, "spd": 65, "spe": 88}, "stats": {"hp": 303, "atk": 259, "def": 140, "spa": 125, "spd": 148, "spe": 185}, "types": ["Ground", "Steel"]}, "Polteageist": {"name": "Polteageist", "species": "Polteageist", "speciesId": "polteageist", "gender": "N", "shiny": false, "level": 78, "moves": ["storedpower", "terablast", "shellsmash", "shadowball"], "ability": "Cursed Body", "evs": {"hp": 85, "atk": 0, "def": 85, "spa": 85, "spd": 85, "spe": 85}, "ivs": {"hp": 31, "atk": 0, "def": 31, "spa": 31, "spd": 31, "spe": 31}, "item": "White Herb", "teraType": "Fighting", "role": "Tera Blast user", "bvs": {"hp": 60, "atk": 65, "def": 65, "spa": 134, "spd": 114, "spe": 70}, "stats": {"hp": 222, "atk": 106, "def": 146, "spa": 254, "spd": 223, "spe": 154}, "types": ["Ghost"]}, "Hydrapple": {"name": "Hydrapple", "species": "Hydrapple", "speciesId": "hydrapple", "gender": "F", "shiny": false, "level": 83, "moves": ["earthpower", "dracometeor", "leafstorm", "ficklebeam"], "ability": "Regenerator", "evs": {"hp": 85, "atk": 0, "def": 85, "spa": 85, "spd": 85, "spe": 85}, "ivs": {"hp": 31, "atk": 0, "def": 31, "spa": 31, "spd": 31, "spe": 31}, "item": "Choice Specs", "teraType": "Steel", "role": "Wallbreaker", "bvs": {"hp": 106, "atk": 80, "def": 110, "spa": 120, "spd": 80, "spe": 44}, "stats": {"hp": 312, "atk": 137, "def": 230, "spa": 247, "spd": 180, "spe": 121}, "types": ["Grass", "Dragon"]}, "Tentacruel": {"name": "Tentacruel", "species": "Tentacruel", "speciesId": "tentacruel", "gender": "F", "shiny": false, "level": 84, "moves": ["sludgebomb", "surf", "haze", "knockoff"], "ability": "Liquid Ooze", "evs": {"hp": 85, "atk": 85, "def": 85, "spa": 85, "spd": 85, "spe": 85}, "ivs": {"hp": 31, "atk": 31, "def": 31, "spa": 31, "spd": 31, "spe": 31}, "item": "Leftovers", "teraType": "Flying", "role": "Bulky Support", "bvs": {"hp": 80, "atk": 70, "def": 65, "spa": 80, "spd": 120, "spe": 100}, "stats": {"hp": 272, "atk": 166, "def": 157, "spa": 183, "spd": 250, "spe": 216}, "types": ["Water", "Poison"]}}, {"Heatran": {"name": "Heatran", "species": "Heatran", "speciesId": "heatran", "gender": "M", "shiny": false, "level": 79, "moves": ["earthpower", "heavyslam", "magmastorm", "stealthrock"], "ability": "Flash Fire", "evs": {"hp": 85, "atk": 85, "def": 85, "spa": 85, "spd": 85, "spe": 85}, "ivs": {"hp": 31, "atk": 31, "def": 31, "spa": 31, "spd": 31, "spe": 31}, "item": "Air Balloon", "teraType": "Flying", "role": "Bulky Support", "bvs": {"hp": 91, "atk": 90, "def": 106, "spa": 130, "spd": 106, "spe": 77}, "stats": {"hp": 273, "atk": 188, "def": 213, "spa": 251, "spd": 213, "spe": 167}, "types": ["Fire", "Steel"]}, "Cetitan": {"name": "Cetitan", "species": "Cetitan", "speciesId": "cetitan", "gender": "F", "shiny": false, "level": 82, "moves": ["superpower", "iciclecrash", "iceshard", "liquidation"], "ability": "Sheer Force", "evs": {"hp": 85, "atk": 85, "def": 85, "spa": 85, "spd": 85, "spe": 85}, "ivs": {"hp": 31, "atk": 31, "def": 31, "spa": 31, "spd": 31, "spe": 31}, "item": "Life Orb", "teraType": "Water", "role": "Wallbreaker", "bvs": {"hp": 170, "atk": 113, "def": 65, "spa": 45, "spd": 55, "spe": 73}, "stats": {"hp": 413, "atk": 232, "def": 154, "spa": 121, "spd": 137, "spe": 167}, "types": ["Ice"]}, "Uxie": {"name": "Uxie", "species": "Uxie", "speciesId": "uxie", "gender": "N", "shiny": false, "level": 83, "moves": ["encore", "uturn", "thunderwave", "psychicnoise"], "ability": "Levitate", "evs": {"hp": 85, "atk": 85, "def": 85, "spa": 85, "spd": 85, "spe": 85}, "ivs": {"hp": 31, "atk": 31, "def": 31, "spa": 31, "spd": 31, "spe": 31}, "item": "Leftovers", "teraType": "Electric", "role": "Bulky Support", "bvs": {"hp": 75, "atk": 75, "def": 130, "spa": 75, "spd": 130, "spe": 95}, "stats": {"hp": 260, "atk": 172, "def": 263, "spa": 172, "spd": 263, "spe": 205}, "types": ["Psychic"]}, "Garganacl": {"name": "Garganacl", "species": "Garganacl", "speciesId": "garganacl", "gender": "F", "shiny": false, "level": 80, "moves": ["earthquake", "recover", "protect", "saltcure"], "ability": "Purifying Salt", "evs": {"hp": 85, "atk": 85, "def": 85, "spa": 85, "spd": 85, "spe": 85}, "ivs": {"hp": 31, "atk": 31, "def": 31, "spa": 31, "spd": 31, "spe": 31}, "item": "Leftovers", "teraType": "Ghost", "role": "Bulky Attacker", "bvs": {"hp": 100, "atk": 100, "def": 130, "spa": 45, "spd": 90, "spe": 35}, "stats": {"hp": 291, "atk": 206, "def": 254, "spa": 118, "spd": 190, "spe": 102}, "types": ["Rock"]}, "Hitmontop": {"name": "Hitmontop", "species": "Hitmontop", "speciesId": "hitmontop", "gender": "M", "shiny": false, "level": 88, "moves": ["stoneedge", "closecombat", "earthquake", "rapidspin"], "ability": "Intimidate", "evs": {"hp": 85, "atk": 85, "def": 85, "spa": 85, "spd": 85, "spe": 85}, "ivs": {"hp": 31, "atk": 31, "def": 31, "spa": 31, "spd": 31, "spe": 31}, "item": "Assault Vest", "teraType": "Steel", "role": "Bulky Support", "bvs": {"hp": 50, "atk": 95, "def": 95, "spa": 35, "spd": 110, "spe": 70}, "stats": {"hp": 231, "atk": 217, "def": 217, "spa": 112, "spd": 244, "spe": 173}, "types": ["Fighting"]}, "Mewtwo": {"name": "Mewtwo", "species": "Mewtwo", "speciesId": "mewtwo", "gender": "N", "shiny": false, "level": 72, "moves": ["psystrike", "nastyplot", "darkpulse", "aurasphere"], "ability": "Unnerve", "evs": {"hp": 85, "atk": 0, "def": 85, "spa": 85, "spd": 85, "spe": 85}, "ivs": {"hp": 31, "atk": 0, "def": 31, "spa": 31, "spd": 31, "spe": 31}, "item": "Life Orb", "teraType": "Fighting", "role": "Setup Sweeper", "bvs": {"hp": 106, "atk": 110, "def": 90, "spa": 154, "spd": 90, "spe": 130}, "stats": {"hp": 272, "atk": 163, "def": 172, "spa": 264, "spd": 172, "spe": 229}, "types": ["Psychic"]}}]}