{"id": "gen9randombattle-2641672178", "format": "[Gen 9] Random Battle", "players": ["Theburgerking14", "knockdown3s"], "log": "|j|\u2606Theburgerking14\n|j|\u2606knockdown3s\n|t:|1782827944\n|gametype|singles\n|player|p1|Theburgerking14|266|1961\n|player|p2|knockdown3s|cynthia-gen4|1902\n|gen|9\n|tier|[Gen 9] Random Battle\n|rated|\n|rule|Species Clause: Limit one of each Pok\u00e9mon\n|rule|HP Percentage Mod: HP is shown in percentages\n|rule|Sleep Clause Mod: Limit one foe put to sleep\n|rule|Illusion Level Mod: Illusion disguises the Pok\u00e9mon's true level\n|\n|t:|1782827944\n|teamsize|p1|6\n|teamsize|p2|6\n|start\n|switch|p1a: Shiftry|Shiftry, L89, M|305/305\n|switch|p2a: Electrode|Electrode, L92|260/260\n|turn|1\n|inactive|Battle timer is ON: inactive players will automatically lose when time's up. (requested by Theburgerking14)\n|inactive|Theburgerking14 has 120 seconds left.\n|\n|t:|1782827978\n|switch|p2a: Articuno|Articuno, L86|295/295\n|-ability|p2a: Articuno|Pressure\n|switch|p1a: Bellossom|Bellossom, L84, F|263/263\n|\n|upkeep\n|turn|2\n|\n|t:|1782827994\n|switch|p1a: Iron Bundle|Iron Bundle, L78|215/215\n|move|p2a: Articuno|Brave Bird|p1a: Iron Bundle\n|-damage|p1a: Iron Bundle|103/215\n|-damage|p2a: Articuno|258/295|[from] Recoil\n|\n|upkeep\n|turn|3\n|\n|t:|1782828004\n|move|p1a: Iron Bundle|Hydro Pump|p2a: Articuno\n|-damage|p2a: Articuno|159/295\n|move|p2a: Articuno|Roost|p2a: Articuno\n|-heal|p2a: Articuno|295/295\n|-singleturn|p2a: Articuno|move: Roost\n|\n|upkeep\n|turn|4\n|\n|t:|1782828017\n|move|p1a: Iron Bundle|Encore|p2a: Articuno\n|-start|p2a: Articuno|Encore\n|move|p2a: Articuno|Roost||[still]\n|-fail|p2a: Articuno|heal\n|\n|upkeep\n|turn|5\n|\n|t:|1782828034\n|switch|p2a: Electrode|Electrode, L92|260/260\n|move|p1a: Iron Bundle|Hydro Pump|p2a: Electrode\n|-damage|p2a: Electrode|142/260\n|\n|-heal|p2a: Electrode|158/260|[from] item: Leftovers\n|upkeep\n|turn|6\n|\n|t:|1782828043\n|-end|p1a: Iron Bundle|Quark Drive|[silent]\n|switch|p1a: Bellossom|Bellossom, L84, F|263/263\n|move|p2a: Electrode|Thunder Wave|p1a: Bellossom|[miss]\n|-miss|p2a: Electrode|p1a: Bellossom\n|\n|-heal|p2a: Electrode|174/260|[from] item: Leftovers\n|upkeep\n|turn|7\n|\n|t:|1782828053\n|move|p2a: Electrode|Taunt|p1a: Bellossom\n|-start|p1a: Bellossom|move: Taunt\n|cant|p1a: Bellossom|move: Taunt|Quiver Dance\n|\n|-heal|p2a: Electrode|190/260|[from] item: Leftovers\n|upkeep\n|turn|8\n|\n|t:|1782828066\n|move|p2a: Electrode|Thunder Wave|p1a: Bellossom\n|-status|p1a: Bellossom|par\n|move|p1a: Bellossom|Giga Drain|p2a: Electrode\n|-damage|p2a: Electrode|121/260\n|\n|-heal|p2a: Electrode|137/260|[from] item: Leftovers\n|upkeep\n|turn|9\n|\n|t:|1782828084\n|switch|p2a: Articuno|Articuno, L86|295/295\n|-ability|p2a: Articuno|Pressure\n|switch|p1a: Iron Bundle|Iron Bundle, L78|103/215\n|\n|upkeep\n|turn|10\n|\n|t:|1782828091\n|move|p1a: Iron Bundle|Hydro Pump|p2a: Articuno\n|-damage|p2a: Articuno|205/295\n|move|p2a: Articuno|Freeze-Dry|p1a: Iron Bundle\n|-damage|p1a: Iron Bundle|1/215\n|\n|upkeep\n|turn|11\n|inactive|knockdown3s has 120 seconds left.\n|\n|t:|1782828149\n|move|p1a: Iron Bundle|Hydro Pump|p2a: Articuno\n|-damage|p2a: Articuno|121/295\n|move|p2a: Articuno|Roost|p2a: Articuno\n|-heal|p2a: Articuno|269/295\n|-singleturn|p2a: Articuno|move: Roost\n|\n|upkeep\n|turn|12\n|inactive|knockdown3s has 90 seconds left.\n|\n|t:|1782828167\n|switch|p2a: Mimikyu|Mimikyu, L79, F|216/216\n|move|p1a: Iron Bundle|Hydro Pump|p2a: Mimikyu|[miss]\n|-miss|p1a: Iron Bundle|p2a: Mimikyu\n|\n|upkeep\n|turn|13\n|\n|t:|1782828174\n|move|p2a: Mimikyu|Shadow Sneak|p1a: Iron Bundle\n|-damage|p1a: Iron Bundle|0 fnt\n|faint|p1a: Iron Bundle\n|-end|p1a: Iron Bundle|Quark Drive|[silent]\n|-damage|p2a: Mimikyu|195/216|[from] item: Life Orb\n|\n|upkeep\n|\n|t:|1782828181\n|switch|p1a: Illumise|Illumise, L91, F|266/266\n|turn|14\n|\n|t:|1782828190\n|switch|p2a: Camerupt|Camerupt, L91, M|275/275\n|move|p1a: Illumise|Encore||[still]\n|-fail|p1a: Illumise\n|\n|upkeep\n|turn|15\n|\n|t:|1782828206\n|switch|p1a: Ditto|Ditto, L87|225/225\n|-transform|p1a: Ditto|p2a: Camerupt|[from] ability: Imposter\n|move|p2a: Camerupt|Overheat|p1a: Ditto\n|-resisted|p1a: Ditto\n|-damage|p1a: Ditto|131/225\n|-unboost|p2a: Camerupt|spa|2\n|\n|upkeep\n|turn|16\n|\n|t:|1782828223\n|switch|p2a: Iron Jugulis|Iron Jugulis, L77|271/271\n|move|p1a: Ditto|Earthquake|p2a: Iron Jugulis\n|-immune|p2a: Iron Jugulis\n|\n|upkeep\n|turn|17\n|\n|t:|1782828232\n|switch|p1a: Bellossom|Bellossom, L84, F|263/263 par\n|move|p2a: Iron Jugulis|Meteor Beam||[still]\n|-prepare|p2a: Iron Jugulis|Meteor Beam\n|-boost|p2a: Iron Jugulis|spa|1\n|-enditem|p2a: Iron Jugulis|Power Herb\n|-anim|p2a: Iron Jugulis|Meteor Beam|p1a: Bellossom\n|-damage|p1a: Bellossom|147/263 par\n|\n|-heal|p1a: Bellossom|163/263 par|[from] item: Leftovers\n|upkeep\n|turn|18\n|inactive|knockdown3s has 120 seconds left.\n|\n|t:|1782828244\n|move|p2a: Iron Jugulis|Hurricane|p1a: Bellossom|[miss]\n|-miss|p2a: Iron Jugulis|p1a: Bellossom\n|move|p1a: Bellossom|Quiver Dance|p1a: Bellossom\n|-boost|p1a: Bellossom|spa|1\n|-boost|p1a: Bellossom|spd|1\n|-boost|p1a: Bellossom|spe|1\n|\n|-heal|p1a: Bellossom|179/263 par|[from] item: Leftovers\n|upkeep\n|turn|19\n|\n|t:|1782828248\n|move|p2a: Iron Jugulis|Hurricane|p1a: Bellossom\n|-supereffective|p1a: Bellossom\n|-damage|p1a: Bellossom|0 fnt\n|faint|p1a: Bellossom\n|\n|upkeep\n|\n|t:|1782828251\n|switch|p1a: Typhlosion|Typhlosion, L84, M|267/267\n|turn|20\n|\n|t:|1782828261\n|move|p1a: Typhlosion|Eruption|p2a: Iron Jugulis\n|-damage|p2a: Iron Jugulis|0 fnt\n|faint|p2a: Iron Jugulis\n|-end|p2a: Iron Jugulis|Quark Drive|[silent]\n|\n|upkeep\n|c|\u2606knockdown3s|raw kill\n|c|\u2606knockdown3s|wow\n|\n|t:|1782828274\n|switch|p2a: Mimikyu|Mimikyu, L79, F|195/216\n|turn|21\n|\n|t:|1782828284\n|switch|p1a: Illumise|Illumise, L91, F|266/266\n|move|p2a: Mimikyu|Drain Punch|p1a: Illumise\n|-resisted|p1a: Illumise\n|-damage|p1a: Illumise|237/266\n|-heal|p2a: Mimikyu|210/216|[from] drain|[of] p1a: Illumise\n|-damage|p2a: Mimikyu|189/216|[from] item: Life Orb\n|\n|upkeep\n|turn|22\n|\n|t:|1782828295\n|switch|p1a: Ditto|Ditto, L87|131/225\n|-transform|p1a: Ditto|p2a: Mimikyu|[from] ability: Imposter\n|switch|p2a: Camerupt|Camerupt, L91, M|275/275\n|\n|upkeep\n|turn|23\n|l|\u2606Theburgerking14\n|inactive|Theburgerking14 disconnected and has a minute to reconnect!\n|player|p1|\n|inactive|Theburgerking14 has 30 seconds to reconnect!\n|inactive|Theburgerking14 has 20 seconds to reconnect!\n|inactive|Theburgerking14 has 15 seconds to reconnect!\n|inactive|Theburgerking14 has 10 seconds to reconnect!\n|inactive|Theburgerking14 has 5 seconds to reconnect!\n|-message|Theburgerking14 lost due to inactivity.\n|\n|win|knockdown3s\n", "inputlog": ">version f8ac14003a5f27e1bdc8d8c59608a773c1cb96e5\n>start {\"formatid\":\"gen9randombattle\",\"seed\":\"sodium,7cb7b71b62e65ab40a23ff2051a2f32d\",\"rated\":\"Rated battle\"}\n>player p1 {\"name\":\"Theburgerking14\",\"avatar\":\"266\",\"rating\":1961,\"seed\":\"sodium,d76ae5983deca72f45d676f9dc0548a3\"}\n>player p2 {\"name\":\"knockdown3s\",\"avatar\":\"cynthia-gen4\",\"rating\":1902,\"seed\":\"sodium,ed54ec327cfe75a78afb55cc5e4c94e9\"}\n>p1 switch 2\n>p2 switch 5\n>p1 switch 4\n>p2 move bravebird\n>p1 move hydropump\n>p2 move roost\n>p1 move encore\n>p2 move bravebird\n>p1 move hydropump\n>p2 switch 5\n>p1 switch 4\n>p2 move thunderwave\n>p1 move quiverdance\n>p2 move taunt\n>p1 move gigadrain\n>p2 move thunderwave\n>p1 switch 4\n>p2 switch 5\n>p1 move hydropump\n>p2 move freezedry\n>p1 move hydropump\n>p2 move roost\n>p1 move hydropump\n>p2 switch 2\n>p1 move freezedry\n>p2 move shadowsneak\n>p1 switch 3\n>p1 move encore\n>p2 switch 4\n>p1 switch 5\n>p2 move overheat\n>p1 move earthquake\n>p2 switch 3\n>p1 switch 4\n>p2 move meteorbeam\n>p1 move quiverdance\n>p2 move hurricane\n>p1 move quiverdance\n>p2 move hurricane\n>p1 switch 6\n>p1 move eruption\n>p2 move earthpower\n>chat \u2606knockdown3s|raw kill\n>chat \u2606knockdown3s|wow\n>p2 switch 4\n>p1 switch 5\n>p2 move drainpunch\n>p1 switch 4\n>p2 switch 3\n>forcelose p1", "uploadtime": 1782827946, "views": 4, "formatid": "gen9randombattle", "rating": null, "private": 0, "password": null, "player_dets": [{"name": "Theburgerking14", "avatar": "266", "rating": 1961, "seed": "sodium,d76ae5983deca72f45d676f9dc0548a3"}, {"name": "knockdown3s", "avatar": "cynthia-gen4", "rating": 1902, "seed": "sodium,ed54ec327cfe75a78afb55cc5e4c94e9"}], "teams_full": [{"Shiftry": {"name": "Shiftry", "species": "Shiftry", "speciesId": "shiftry", "gender": "M", "shiny": false, "level": 89, "moves": ["swordsdance", "suckerpunch", "knockoff", "leafblade"], "ability": "Wind Rider", "evs": {"hp": 85, "atk": 85, "def": 85, "spa": 85, "spd": 85, "spe": 85}, "ivs": {"hp": 31, "atk": 31, "def": 31, "spa": 31, "spd": 31, "spe": 31}, "item": "Life Orb", "teraType": "Dark", "role": "Fast Bulky Setup", "bvs": {"hp": 90, "atk": 100, "def": 60, "spa": 90, "spd": 60, "spe": 80}, "stats": {"hp": 305, "atk": 229, "def": 158, "spa": 211, "spd": 158, "spe": 193}, "types": ["Grass", "Dark"]}, "Bellossom": {"name": "Bellossom", "species": "Bellossom", "speciesId": "bellossom", "gender": "F", "shiny": false, "level": 84, "moves": ["gigadrain", "terablast", "quiverdance", "strengthsap"], "ability": "Chlorophyll", "evs": {"hp": 85, "atk": 0, "def": 85, "spa": 85, "spd": 85, "spe": 85}, "ivs": {"hp": 31, "atk": 0, "def": 31, "spa": 31, "spd": 31, "spe": 31}, "item": "Leftovers", "teraType": "Rock", "role": "Tera Blast user", "bvs": {"hp": 75, "atk": 80, "def": 95, "spa": 90, "spd": 100, "spe": 50}, "stats": {"hp": 263, "atk": 139, "def": 208, "spa": 199, "spd": 216, "spe": 132}, "types": ["Grass"]}, "Illumise": {"name": "Illumise", "species": "Illumise", "speciesId": "illumise", "gender": "F", "shiny": false, "level": 91, "moves": ["bugbuzz", "encore", "thunderwave", "roost"], "ability": "Prankster", "evs": {"hp": 85, "atk": 0, "def": 85, "spa": 85, "spd": 85, "spe": 85}, "ivs": {"hp": 31, "atk": 0, "def": 31, "spa": 31, "spd": 31, "spe": 31}, "item": "Heavy-Duty Boots", "teraType": "Water", "role": "Bulky Support", "bvs": {"hp": 65, "atk": 47, "def": 75, "spa": 73, "spd": 85, "spe": 85}, "stats": {"hp": 266, "atk": 90, "def": 188, "spa": 185, "spd": 207, "spe": 207}, "types": ["Bug"]}, "Iron Bundle": {"name": "Iron Bundle", "species": "Iron Bundle", "speciesId": "ironbundle", "gender": "N", "shiny": false, "level": 78, "moves": ["icebeam", "encore", "hydropump", "freezedry"], "ability": "Quark Drive", "evs": {"hp": 85, "atk": 0, "def": 85, "spa": 85, "spd": 85, "spe": 85}, "ivs": {"hp": 31, "atk": 0, "def": 31, "spa": 31, "spd": 31, "spe": 31}, "item": "Heavy-Duty Boots", "teraType": "Water", "role": "Fast Attacker", "bvs": {"hp": 56, "atk": 80, "def": 114, "spa": 124, "spd": 60, "spe": 136}, "stats": {"hp": 215, "atk": 129, "def": 223, "spa": 239, "spd": 139, "spe": 257}, "types": ["Ice", "Water"]}, "Ditto": {"name": "Ditto", "species": "Ditto", "speciesId": "ditto", "gender": "N", "shiny": false, "level": 87, "moves": ["transform"], "ability": "Imposter", "evs": {"hp": 85, "atk": 85, "def": 85, "spa": 85, "spd": 85, "spe": 85}, "ivs": {"hp": 31, "atk": 31, "def": 31, "spa": 31, "spd": 31, "spe": 31}, "item": "Choice Scarf", "teraType": "Ghost", "role": "Fast Support", "bvs": {"hp": 48, "atk": 48, "def": 48, "spa": 48, "spd": 48, "spe": 48}, "stats": {"hp": 225, "atk": 133, "def": 133, "spa": 133, "spd": 133, "spe": 133}, "types": ["Normal"]}, "Typhlosion": {"name": "Typhlosion", "species": "Typhlosion", "speciesId": "typhlosion", "gender": "M", "shiny": false, "level": 84, "moves": ["scorchingsands", "fireblast", "focusblast", "eruption"], "ability": "Blaze", "evs": {"hp": 81, "atk": 0, "def": 85, "spa": 85, "spd": 85, "spe": 85}, "ivs": {"hp": 31, "atk": 0, "def": 31, "spa": 31, "spd": 31, "spe": 31}, "item": "Choice Specs", "teraType": "Fire", "role": "Fast Attacker", "bvs": {"hp": 78, "atk": 84, "def": 78, "spa": 109, "spd": 85, "spe": 100}, "stats": {"hp": 267, "atk": 146, "def": 179, "spa": 231, "spd": 191, "spe": 216}, "types": ["Fire"]}}, {"Electrode": {"name": "Electrode", "species": "Electrode", "speciesId": "electrode", "gender": "N", "shiny": false, "level": 92, "moves": ["foulplay", "thunderwave", "thunderbolt", "taunt"], "ability": "Soundproof", "evs": {"hp": 85, "atk": 0, "def": 85, "spa": 85, "spd": 85, "spe": 85}, "ivs": {"hp": 31, "atk": 0, "def": 31, "spa": 31, "spd": 31, "spe": 31}, "item": "Leftovers", "teraType": "Dark", "role": "Fast Support", "bvs": {"hp": 60, "atk": 50, "def": 70, "spa": 80, "spd": 80, "spe": 150}, "stats": {"hp": 260, "atk": 97, "def": 181, "spa": 200, "spd": 200, "spe": 328}, "types": ["Electric"]}, "Mimikyu": {"name": "Mimikyu", "species": "Mimikyu", "speciesId": "mimikyu", "gender": "F", "shiny": false, "level": 79, "moves": ["swordsdance", "shadowsneak", "playrough", "drainpunch"], "ability": "Disguise", "evs": {"hp": 85, "atk": 85, "def": 85, "spa": 85, "spd": 85, "spe": 85}, "ivs": {"hp": 31, "atk": 31, "def": 31, "spa": 31, "spd": 31, "spe": 31}, "item": "Life Orb", "teraType": "Fighting", "role": "Setup Sweeper", "bvs": {"hp": 55, "atk": 90, "def": 80, "spa": 50, "spd": 105, "spe": 96}, "stats": {"hp": 216, "atk": 188, "def": 172, "spa": 125, "spd": 211, "spe": 197}, "types": ["Ghost", "Fairy"]}, "Iron Jugulis": {"name": "Iron Jugulis", "species": "Iron Jugulis", "speciesId": "ironjugulis", "gender": "N", "shiny": false, "level": 77, "moves": ["darkpulse", "earthpower", "hurricane", "meteorbeam"], "ability": "Quark Drive", "evs": {"hp": 85, "atk": 0, "def": 85, "spa": 85, "spd": 85, "spe": 85}, "ivs": {"hp": 31, "atk": 0, "def": 31, "spa": 31, "spd": 31, "spe": 31}, "item": "Power Herb", "teraType": "Dark", "role": "Setup Sweeper", "bvs": {"hp": 94, "atk": 80, "def": 86, "spa": 122, "spd": 80, "spe": 108}, "stats": {"hp": 271, "atk": 128, "def": 177, "spa": 232, "spd": 168, "spe": 211}, "types": ["Dark", "Flying"]}, "Camerupt": {"name": "Camerupt", "species": "Camerupt", "speciesId": "camerupt", "gender": "M", "shiny": false, "level": 91, "moves": ["roar", "stealthrock", "earthquake", "overheat"], "ability": "Solid Rock", "evs": {"hp": 85, "atk": 85, "def": 85, "spa": 85, "spd": 85, "spe": 85}, "ivs": {"hp": 31, "atk": 31, "def": 31, "spa": 31, "spd": 31, "spe": 31}, "item": "Leftovers", "teraType": "Grass", "role": "Bulky Support", "bvs": {"hp": 70, "atk": 100, "def": 70, "spa": 105, "spd": 75, "spe": 40}, "stats": {"hp": 275, "atk": 234, "def": 179, "spa": 243, "spd": 188, "spe": 125}, "types": ["Fire", "Ground"]}, "Articuno": {"name": "Articuno", "species": "Articuno", "speciesId": "articuno", "gender": "N", "shiny": false, "level": 86, "moves": ["uturn", "roost", "freezedry", "bravebird"], "ability": "Pressure", "evs": {"hp": 85, "atk": 85, "def": 85, "spa": 85, "spd": 85, "spe": 85}, "ivs": {"hp": 31, "atk": 31, "def": 31, "spa": 31, "spd": 31, "spe": 31}, "item": "Heavy-Duty Boots", "teraType": "Steel", "role": "Bulky Support", "bvs": {"hp": 90, "atk": 85, "def": 100, "spa": 95, "spd": 125, "spe": 85}, "stats": {"hp": 295, "atk": 195, "def": 221, "spa": 213, "spd": 264, "spe": 195}, "types": ["Ice", "Flying"]}, "Zangoose": {"name": "Zangoose", "species": "Zangoose", "speciesId": "zangoose", "gender": "F", "shiny": false, "level": 85, "moves": ["facade", "knockoff", "closecombat", "quickattack"], "ability": "Toxic Boost", "evs": {"hp": 85, "atk": 85, "def": 85, "spa": 85, "spd": 85, "spe": 85}, "ivs": {"hp": 31, "atk": 31, "def": 31, "spa": 31, "spd": 31, "spe": 31}, "item": "Toxic Orb", "teraType": "Normal", "role": "Fast Attacker", "bvs": {"hp": 73, "atk": 115, "def": 60, "spa": 60, "spd": 60, "spe": 90}, "stats": {"hp": 263, "atk": 244, "def": 151, "spa": 151, "spd": 151, "spe": 202}, "types": ["Normal"]}}]}