{"id": "gen9randombattle-2641417183", "format": "[Gen 9] Random Battle", "players": ["Agnes Digitals alt", "where they go"], "log": "|badge|p2|bronze|gen9randombattle|100-9\n|html|<div class=\"broadcast-red\"><strong>This battle is required to be public due to one or more player having a season medal.</strong><br />During the public phase, you can discuss the state of the ladder <a href=\"/seasondiscussion\">in a special chatroom.</a></div>\n|uhtml|medal-msg|<div class=\"broadcast-blue\">Curious what those medals under the avatar are? PS now has Ladder Seasons! For more information, check out the <a href=\"https://www.smogon.com/forums/threads/3740067/\">thread on Smogon.</a></div>\n|raw|<div class=\"broadcast-blue\"><strong>This battle is required to be public due to a player having a name starting with 'medal'.</div>\n|j|\u2606Agnes Digitals alt\n|j|\u2606where they go\n|t:|1782781636\n|gametype|singles\n|player|p1|Agnes Digitals alt|102|2199\n|player|p2|where they go|unknown|2332\n|gen|9\n|tier|[Gen 9] Random Battle\n|rated|\n|rule|Species Clause: Limit one of each Pok\u00e9mon\n|rule|HP Percentage Mod: HP is shown in percentages\n|rule|Sleep Clause Mod: Limit one foe put to sleep\n|rule|Illusion Level Mod: Illusion disguises the Pok\u00e9mon's true level\n|\n|t:|1782781636\n|teamsize|p1|6\n|teamsize|p2|6\n|start\n|switch|p1a: Slaking|Slaking, L84, F|389/389\n|switch|p2a: Mudsdale|Mudsdale, L83, F|302/302\n|turn|1\n|\n|t:|1782781672\n|move|p1a: Slaking|Double-Edge|p2a: Mudsdale\n|-damage|p2a: Mudsdale|52/302\n|-ability|p2a: Mudsdale|Stamina|boost\n|-boost|p2a: Mudsdale|def|1\n|-damage|p1a: Slaking|306/389|[from] Recoil\n|move|p2a: Mudsdale|Earthquake|p1a: Slaking\n|-damage|p1a: Slaking|180/389\n|\n|-heal|p2a: Mudsdale|70/302|[from] item: Leftovers\n|upkeep\n|turn|2\n|\n|t:|1782781695\n|switch|p1a: Donphan|Donphan, L84, M|288/288\n|move|p2a: Mudsdale|Earthquake|p1a: Donphan\n|-damage|p1a: Donphan|186/288\n|\n|-heal|p2a: Mudsdale|88/302|[from] item: Leftovers\n|upkeep\n|turn|3\n|\n|t:|1782781704\n|move|p1a: Donphan|Earthquake|p2a: Mudsdale\n|-damage|p2a: Mudsdale|7/302\n|-ability|p2a: Mudsdale|Stamina|boost\n|-boost|p2a: Mudsdale|def|1\n|move|p2a: Mudsdale|Earthquake|p1a: Donphan\n|-damage|p1a: Donphan|90/288\n|\n|-heal|p2a: Mudsdale|25/302|[from] item: Leftovers\n|upkeep\n|turn|4\n|\n|t:|1782781710\n|move|p1a: Donphan|Earthquake|p2a: Mudsdale\n|-damage|p2a: Mudsdale|0 fnt\n|faint|p2a: Mudsdale\n|\n|upkeep\n|\n|t:|1782781722\n|switch|p2a: Beartic|Beartic, L91, M|321/321\n|turn|5\n|\n|t:|1782781729\n|switch|p1a: Tauros|Tauros-Paldea-Aqua, L81, M|254/254\n|-ability|p1a: Tauros|Intimidate|boost\n|-unboost|p2a: Beartic|atk|1\n|move|p2a: Beartic|Icicle Crash|p1a: Tauros\n|-resisted|p1a: Tauros\n|-damage|p1a: Tauros|211/254\n|\n|upkeep\n|turn|6\n|\n|t:|1782781745\n|switch|p2a: Hatterene|Hatterene, L85, F|236/236\n|move|p1a: Tauros|Bulk Up|p1a: Tauros\n|-boost|p1a: Tauros|atk|1\n|-boost|p1a: Tauros|def|1\n|\n|upkeep\n|turn|7\n|\n|t:|1782781751\n|switch|p1a: Slaking|Slaking, L84, F|180/389\n|move|p2a: Hatterene|Draining Kiss|p1a: Slaking\n|-damage|p1a: Slaking|84/389\n|\n|upkeep\n|turn|8\n|\n|t:|1782781763\n|move|p1a: Slaking|Double-Edge|p2a: Hatterene\n|-damage|p2a: Hatterene|0 fnt\n|faint|p2a: Hatterene\n|-damage|p1a: Slaking|6/389|[from] Recoil\n|\n|upkeep\n|\n|t:|1782781788\n|switch|p2a: Mabosstiff|Mabosstiff, L86, F|278/278\n|turn|9\n|\n|t:|1782781798\n|switch|p1a: Donphan|Donphan, L84, M|90/288\n|move|p2a: Mabosstiff|Play Rough|p1a: Donphan\n|-damage|p1a: Donphan|0 fnt\n|faint|p1a: Donphan\n|\n|upkeep\n|\n|t:|1782781806\n|switch|p1a: Volcanion|Volcanion, L79|256/256\n|turn|10\n|\n|t:|1782781812\n|switch|p2a: Thundurus|Thundurus-Therian, L80, M|258/258\n|move|p1a: Volcanion|Steam Eruption|p2a: Thundurus|[miss]\n|-miss|p1a: Volcanion|p2a: Thundurus\n|\n|upkeep\n|turn|11\n|\n|t:|1782781826\n|switch|p1a: Kingambit|Kingambit, L74, M|270/270\n|-activate|p1a: Kingambit|ability: Supreme Overlord\n|-start|p1a: Kingambit|fallen1|[silent]\n|move|p2a: Thundurus|Thunderbolt|p1a: Kingambit\n|-damage|p1a: Kingambit|123/270\n|\n|-heal|p1a: Kingambit|139/270|[from] item: Leftovers\n|upkeep\n|turn|12\n|\n|t:|1782781839\n|move|p1a: Kingambit|Sucker Punch||[still]\n|-fail|p1a: Kingambit\n|move|p2a: Thundurus|Nasty Plot|p2a: Thundurus\n|-boost|p2a: Thundurus|spa|2\n|\n|-heal|p1a: Kingambit|155/270|[from] item: Leftovers\n|upkeep\n|turn|13\n|\n|t:|1782781847\n|move|p2a: Thundurus|Thunderbolt|p1a: Kingambit\n|-damage|p1a: Kingambit|0 fnt\n|faint|p1a: Kingambit\n|-end|p1a: Kingambit|fallen1|[silent]\n|\n|upkeep\n|\n|t:|1782781849\n|switch|p1a: Slaking|Slaking, L84, F|6/389\n|turn|14\n|\n|t:|1782781857\n|switch|p2a: Beartic|Beartic, L91, M|321/321\n|move|p1a: Slaking|Double-Edge|p2a: Beartic\n|-damage|p2a: Beartic|20/321\n|-damage|p1a: Slaking|0 fnt|[from] Recoil\n|faint|p1a: Slaking\n|\n|upkeep\n|\n|t:|1782781863\n|switch|p1a: Tauros|Tauros-Paldea-Aqua, L81, M|211/254\n|-ability|p1a: Tauros|Intimidate|boost\n|-unboost|p2a: Beartic|atk|1\n|turn|15\n|\n|t:|1782781868\n|move|p1a: Tauros|Bulk Up|p1a: Tauros\n|-boost|p1a: Tauros|atk|1\n|-boost|p1a: Tauros|def|1\n|move|p2a: Beartic|Close Combat|p1a: Tauros\n|-damage|p1a: Tauros|165/254\n|-unboost|p2a: Beartic|def|1\n|-unboost|p2a: Beartic|spd|1\n|\n|upkeep\n|turn|16\n|\n|t:|1782781875\n|move|p1a: Tauros|Bulk Up|p1a: Tauros\n|-boost|p1a: Tauros|atk|1\n|-boost|p1a: Tauros|def|1\n|move|p2a: Beartic|Swords Dance|p2a: Beartic\n|-boost|p2a: Beartic|atk|2\n|\n|upkeep\n|turn|17\n|\n|t:|1782781880\n|move|p1a: Tauros|Bulk Up|p1a: Tauros\n|-boost|p1a: Tauros|atk|1\n|-boost|p1a: Tauros|def|1\n|move|p2a: Beartic|Close Combat|p1a: Tauros\n|-damage|p1a: Tauros|97/254\n|-unboost|p2a: Beartic|def|1\n|-unboost|p2a: Beartic|spd|1\n|\n|upkeep\n|turn|18\n|\n|t:|1782781886\n|move|p1a: Tauros|Aqua Jet|p2a: Beartic\n|-damage|p2a: Beartic|0 fnt\n|faint|p2a: Beartic\n|-damage|p1a: Tauros|72/254|[from] item: Life Orb\n|\n|upkeep\n|\n|t:|1782781894\n|switch|p2a: Mabosstiff|Mabosstiff, L86, F|278/278\n|turn|19\n|\n|t:|1782781899\n|move|p2a: Mabosstiff|Wild Charge|p1a: Tauros\n|-supereffective|p1a: Tauros\n|-damage|p1a: Tauros|16/254\n|-damage|p2a: Mabosstiff|264/278|[from] Recoil\n|move|p1a: Tauros|Close Combat|p2a: Mabosstiff\n|-supereffective|p2a: Mabosstiff\n|-damage|p2a: Mabosstiff|0 fnt\n|-unboost|p1a: Tauros|def|1\n|-unboost|p1a: Tauros|spd|1\n|faint|p2a: Mabosstiff\n|-damage|p1a: Tauros|0 fnt|[from] item: Life Orb\n|faint|p1a: Tauros\n|\n|upkeep\n|\n|t:|1782781908\n|switch|p1a: Great Tusk|Great Tusk, L77|304/304\n|switch|p2a: Thundurus|Thundurus-Therian, L80, M|258/258\n|-enditem|p1a: Great Tusk|Booster Energy\n|-activate|p1a: Great Tusk|ability: Protosynthesis|[fromitem]\n|-start|p1a: Great Tusk|protosynthesisatk\n|turn|20\n|\n|t:|1782781917\n|-terastallize|p2a: Thundurus|Flying\n|-terastallize|p1a: Great Tusk|Steel\n|move|p2a: Thundurus|Tera Blast|p1a: Great Tusk|[anim] Tera Blast Flying\n|-resisted|p1a: Great Tusk\n|-damage|p1a: Great Tusk|184/304\n|move|p1a: Great Tusk|Stone Edge|p2a: Thundurus\n|-supereffective|p2a: Thundurus\n|-damage|p2a: Thundurus|4/258\n|\n|upkeep\n|turn|21\n|\n|t:|1782781926\n|move|p2a: Thundurus|Focus Blast|p1a: Great Tusk\n|-supereffective|p1a: Great Tusk\n|-damage|p1a: Great Tusk|0 fnt\n|faint|p1a: Great Tusk\n|-end|p1a: Great Tusk|Protosynthesis|[silent]\n|\n|upkeep\n|\n|t:|1782781928\n|switch|p1a: Volcanion|Volcanion, L79|256/256\n|turn|22\n|\n|t:|1782781932\n|move|p2a: Thundurus|Thunderbolt|p1a: Volcanion\n|-supereffective|p1a: Volcanion\n|-damage|p1a: Volcanion|0 fnt\n|faint|p1a: Volcanion\n|\n|win|where they go\n", "inputlog": ">version f8ac14003a5f27e1bdc8d8c59608a773c1cb96e5\n>start {\"formatid\":\"gen9randombattle\",\"seed\":\"sodium,fca9ed0b2aa307a2e91198d0da410703\",\"rated\":\"Rated battle\"}\n>player p1 {\"name\":\"Agnes Digitals alt\",\"avatar\":\"102\",\"rating\":2199,\"seed\":\"sodium,8557605dbd31d681516770e6c0105d8c\"}\n>player p2 {\"name\":\"where they go\",\"avatar\":\"unknown\",\"rating\":2332,\"seed\":\"sodium,8287bb101d250ff3d0e94d9d004fac4b\"}\n>p1 move doubleedge\n>p2 move earthquake\n>p1 switch 6\n>p2 move earthquake\n>p1 move earthquake\n>p2 move earthquake\n>p1 move earthquake\n>p2 move earthquake\n>p2 switch 6\n>p1 switch 3\n>p2 move iciclecrash\n>p1 move bulkup\n>p2 switch 2\n>p1 switch 6\n>p2 move drainingkiss\n>p1 move doubleedge\n>p2 move drainingkiss\n>p2 switch 5\n>p1 switch 3\n>p2 move playrough\n>p1 switch 2\n>p1 move steameruption\n>p2 switch 4\n>p1 switch 4\n>p2 move thunderbolt\n>p1 move suckerpunch\n>p2 move nastyplot\n>p1 move kowtowcleave\n>p2 move thunderbolt\n>p1 switch 3\n>p1 move doubleedge\n>p2 switch 2\n>p1 switch 6\n>p1 move bulkup\n>p2 move closecombat\n>p1 move bulkup\n>p2 move swordsdance\n>p1 move bulkup\n>p2 move closecombat\n>p1 move aquajet\n>p2 move aquajet\n>p2 switch 4\n>p1 move closecombat\n>p2 move wildcharge\n>p1 switch 5\n>p2 switch 2\n>p1 move stoneedge terastallize\n>p2 move terablast terastallize\n>p1 move closecombat\n>p2 move focusblast\n>p1 switch 4\n>p1 move steameruption\n>p2 move thunderbolt", "uploadtime": 1782781637, "views": 3, "formatid": "gen9randombattle", "rating": null, "private": 0, "password": null, "player_dets": [{"name": "Agnes Digitals alt", "avatar": "102", "rating": 2199, "seed": "sodium,8557605dbd31d681516770e6c0105d8c"}, {"name": "where they go", "avatar": "unknown", "rating": 2332, "seed": "sodium,8287bb101d250ff3d0e94d9d004fac4b"}], "teams_full": [{"Slaking": {"name": "Slaking", "species": "Slaking", "speciesId": "slaking", "gender": "F", "shiny": false, "level": 84, "moves": ["doubleedge", "earthquake", "gigaimpact", "knockoff"], "ability": "Truant", "evs": {"hp": 85, "atk": 85, "def": 85, "spa": 85, "spd": 85, "spe": 85}, "ivs": {"hp": 31, "atk": 31, "def": 31, "spa": 31, "spd": 31, "spe": 31}, "item": "Choice Band", "teraType": "Normal", "role": "Fast Attacker", "bvs": {"hp": 150, "atk": 160, "def": 100, "spa": 95, "spd": 65, "spe": 100}, "stats": {"hp": 389, "atk": 317, "def": 216, "spa": 208, "spd": 157, "spe": 216}, "types": ["Normal"]}, "Volcanion": {"name": "Volcanion", "species": "Volcanion", "speciesId": "volcanion", "gender": "N", "shiny": false, "level": 79, "moves": ["steameruption", "haze", "flamethrower", "earthpower"], "ability": "Water Absorb", "evs": {"hp": 85, "atk": 0, "def": 85, "spa": 85, "spd": 85, "spe": 85}, "ivs": {"hp": 31, "atk": 0, "def": 31, "spa": 31, "spd": 31, "spe": 31}, "item": "Heavy-Duty Boots", "teraType": "Water", "role": "Bulky Attacker", "bvs": {"hp": 80, "atk": 110, "def": 120, "spa": 130, "spd": 90, "spe": 70}, "stats": {"hp": 256, "atk": 178, "def": 235, "spa": 251, "spd": 188, "spe": 156}, "types": ["Fire", "Water"]}, "Tauros": {"name": "Tauros", "species": "Tauros-Paldea-Aqua", "speciesId": "taurospaldeaaqua", "gender": "M", "shiny": false, "level": 81, "moves": ["bulkup", "aquajet", "closecombat", "liquidation"], "ability": "Intimidate", "evs": {"hp": 85, "atk": 85, "def": 85, "spa": 85, "spd": 85, "spe": 85}, "ivs": {"hp": 31, "atk": 31, "def": 31, "spa": 31, "spd": 31, "spe": 31}, "item": "Life Orb", "teraType": "Water", "role": "Setup Sweeper", "bvs": {"hp": 75, "atk": 110, "def": 105, "spa": 30, "spd": 70, "spe": 100}, "stats": {"hp": 254, "atk": 225, "def": 217, "spa": 95, "spd": 160, "spe": 209}, "types": ["Fighting", "Water"]}, "Kingambit": {"name": "Kingambit", "species": "Kingambit", "speciesId": "kingambit", "gender": "M", "shiny": false, "level": 74, "moves": ["ironhead", "suckerpunch", "swordsdance", "kowtowcleave"], "ability": "Supreme Overlord", "evs": {"hp": 85, "atk": 85, "def": 85, "spa": 85, "spd": 85, "spe": 85}, "ivs": {"hp": 31, "atk": 31, "def": 31, "spa": 31, "spd": 31, "spe": 31}, "item": "Leftovers", "teraType": "Flying", "role": "Bulky Attacker", "bvs": {"hp": 100, "atk": 135, "def": 120, "spa": 60, "spd": 85, "spe": 50}, "stats": {"hp": 270, "atk": 243, "def": 221, "spa": 132, "spd": 169, "spe": 117}, "types": ["Dark", "Steel"]}, "Great Tusk": {"name": "Great Tusk", "species": "Great Tusk", "speciesId": "greattusk", "gender": "N", "shiny": false, "level": 77, "moves": ["closecombat", "stoneedge", "earthquake", "bulkup"], "ability": "Protosynthesis", "evs": {"hp": 85, "atk": 85, "def": 85, "spa": 85, "spd": 85, "spe": 85}, "ivs": {"hp": 31, "atk": 31, "def": 31, "spa": 31, "spd": 31, "spe": 31}, "item": "Booster Energy", "teraType": "Steel", "role": "Fast Bulky Setup", "bvs": {"hp": 115, "atk": 131, "def": 131, "spa": 53, "spd": 53, "spe": 87}, "stats": {"hp": 304, "atk": 246, "def": 246, "spa": 126, "spd": 126, "spe": 179}, "types": ["Ground", "Fighting"]}, "Donphan": {"name": "Donphan", "species": "Donphan", "speciesId": "donphan", "gender": "M", "shiny": false, "level": 84, "moves": ["knockoff", "iceshard", "rapidspin", "earthquake"], "ability": "Sturdy", "evs": {"hp": 85, "atk": 85, "def": 85, "spa": 85, "spd": 85, "spe": 85}, "ivs": {"hp": 31, "atk": 31, "def": 31, "spa": 31, "spd": 31, "spe": 31}, "item": "Assault Vest", "teraType": "Dragon", "role": "Bulky Support", "bvs": {"hp": 90, "atk": 120, "def": 120, "spa": 60, "spd": 60, "spe": 50}, "stats": {"hp": 288, "atk": 250, "def": 250, "spa": 149, "spd": 149, "spe": 132}, "types": ["Ground"]}}, {"Mudsdale": {"name": "Mudsdale", "species": "Mudsdale", "speciesId": "mudsdale", "gender": "F", "shiny": false, "level": 83, "moves": ["roar", "stoneedge", "earthquake", "heavyslam"], "ability": "Stamina", "evs": {"hp": 85, "atk": 85, "def": 85, "spa": 85, "spd": 85, "spe": 85}, "ivs": {"hp": 31, "atk": 31, "def": 31, "spa": 31, "spd": 31, "spe": 31}, "item": "Leftovers", "teraType": "Steel", "role": "Bulky Attacker", "bvs": {"hp": 100, "atk": 125, "def": 100, "spa": 55, "spd": 85, "spe": 35}, "stats": {"hp": 302, "atk": 255, "def": 214, "spa": 139, "spd": 189, "spe": 106}, "types": ["Ground"]}, "Hatterene": {"name": "Hatterene", "species": "Hatterene", "speciesId": "hatterene", "gender": "F", "shiny": false, "level": 85, "moves": ["mysticalfire", "psychicnoise", "nuzzle", "drainingkiss"], "ability": "Magic Bounce", "evs": {"hp": 85, "atk": 85, "def": 85, "spa": 85, "spd": 85, "spe": 85}, "ivs": {"hp": 31, "atk": 31, "def": 31, "spa": 31, "spd": 31, "spe": 31}, "item": "Assault Vest", "teraType": "Steel", "role": "AV Pivot", "bvs": {"hp": 57, "atk": 90, "def": 95, "spa": 136, "spd": 103, "spe": 29}, "stats": {"hp": 236, "atk": 202, "def": 210, "spa": 280, "spd": 224, "spe": 98}, "types": ["Psychic", "Fairy"]}, "Hitmonlee": {"name": "Hitmonlee", "species": "Hitmonlee", "speciesId": "hitmonlee", "gender": "M", "shiny": false, "level": 85, "moves": ["knockoff", "stoneedge", "swordsdance", "closecombat"], "ability": "Unburden", "evs": {"hp": 85, "atk": 85, "def": 85, "spa": 85, "spd": 85, "spe": 85}, "ivs": {"hp": 31, "atk": 31, "def": 31, "spa": 31, "spd": 31, "spe": 31}, "item": "White Herb", "teraType": "Fighting", "role": "Setup Sweeper", "bvs": {"hp": 50, "atk": 120, "def": 53, "spa": 35, "spd": 110, "spe": 87}, "stats": {"hp": 224, "atk": 253, "def": 139, "spa": 108, "spd": 236, "spe": 197}, "types": ["Fighting"]}, "Thundurus": {"name": "Thundurus", "species": "Thundurus-Therian", "speciesId": "thundurustherian", "gender": "M", "shiny": false, "level": 80, "moves": ["focusblast", "nastyplot", "terablast", "thunderbolt"], "ability": "Volt Absorb", "evs": {"hp": 85, "atk": 0, "def": 85, "spa": 85, "spd": 85, "spe": 85}, "ivs": {"hp": 31, "atk": 0, "def": 31, "spa": 31, "spd": 31, "spe": 31}, "item": "Heavy-Duty Boots", "teraType": "Flying", "role": "Tera Blast user", "bvs": {"hp": 79, "atk": 105, "def": 70, "spa": 145, "spd": 80, "spe": 101}, "stats": {"hp": 258, "atk": 173, "def": 158, "spa": 278, "spd": 174, "spe": 208}, "types": ["Electric", "Flying"]}, "Mabosstiff": {"name": "Mabosstiff", "species": "Mabosstiff", "speciesId": "mabosstiff", "gender": "F", "shiny": false, "level": 86, "moves": ["crunch", "wildcharge", "playrough", "psychicfangs"], "ability": "Stakeout", "evs": {"hp": 85, "atk": 85, "def": 85, "spa": 85, "spd": 85, "spe": 85}, "ivs": {"hp": 31, "atk": 31, "def": 31, "spa": 31, "spd": 31, "spe": 31}, "item": "Choice Scarf", "teraType": "Dark", "role": "Bulky Attacker", "bvs": {"hp": 80, "atk": 120, "def": 90, "spa": 60, "spd": 70, "spe": 85}, "stats": {"hp": 278, "atk": 256, "def": 204, "spa": 152, "spd": 170, "spe": 195}, "types": ["Dark"]}, "Beartic": {"name": "Beartic", "species": "Beartic", "speciesId": "beartic", "gender": "M", "shiny": false, "level": 91, "moves": ["iciclecrash", "aquajet", "closecombat", "swordsdance"], "ability": "Swift Swim", "evs": {"hp": 85, "atk": 85, "def": 85, "spa": 85, "spd": 85, "spe": 85}, "ivs": {"hp": 31, "atk": 31, "def": 31, "spa": 31, "spd": 31, "spe": 31}, "item": "Heavy-Duty Boots", "teraType": "Fighting", "role": "Wallbreaker", "bvs": {"hp": 95, "atk": 130, "def": 80, "spa": 70, "spd": 80, "spe": 50}, "stats": {"hp": 321, "atk": 288, "def": 197, "spa": 179, "spd": 197, "spe": 143}, "types": ["Ice"]}}]}