{"id": "gen9randombattle-2641072416", "format": "[Gen 9] Random Battle", "players": ["LizarDune", "mayqueen nyannyan"], "log": "|j|\u2606LizarDune\n|j|\u2606mayqueen nyannyan\n|t:|1782736335\n|gametype|singles\n|player|p1|LizarDune|musician|2088\n|player|p2|mayqueen nyannyan|102|2081\n|gen|9\n|tier|[Gen 9] Random Battle\n|rated|\n|rule|Species Clause: Limit one of each Pok\u00e9mon\n|rule|HP Percentage Mod: HP is shown in percentages\n|rule|Sleep Clause Mod: Limit one foe put to sleep\n|rule|Illusion Level Mod: Illusion disguises the Pok\u00e9mon's true level\n|\n|t:|1782736335\n|teamsize|p1|6\n|teamsize|p2|6\n|start\n|switch|p1a: Brute Bonnet|Brute Bonnet, L80|309/309\n|switch|p2a: Moltres|Moltres-Galar, L79|271/271\n|turn|1\n|inactive|Battle timer is ON: inactive players will automatically lose when time's up. (requested by LizarDune)\n|\n|t:|1782736359\n|move|p2a: Moltres|Nasty Plot|p2a: Moltres\n|-boost|p2a: Moltres|spa|2\n|move|p1a: Brute Bonnet|Spore|p2a: Moltres\n|-status|p2a: Moltres|slp|[from] move: Spore\n|\n|upkeep\n|turn|2\n|\n|t:|1782736389\n|-end|p1a: Brute Bonnet|Protosynthesis|[silent]\n|switch|p1a: Baxcalibur|Baxcalibur, L75, M|295/295\n|cant|p2a: Moltres|slp\n|\n|upkeep\n|turn|3\n|\n|t:|1782736403\n|switch|p2a: Glastrier|Glastrier, L86|311/311\n|move|p1a: Baxcalibur|Swords Dance|p1a: Baxcalibur\n|-boost|p1a: Baxcalibur|atk|2\n|\n|upkeep\n|turn|4\n|\n|t:|1782736408\n|switch|p1a: Qwilfish|Qwilfish, L86, F|252/252\n|-ability|p1a: Qwilfish|Intimidate|boost\n|-unboost|p2a: Glastrier|atk|1\n|move|p2a: Glastrier|Close Combat|p1a: Qwilfish\n|-resisted|p1a: Qwilfish\n|-damage|p1a: Qwilfish|195/252\n|-unboost|p2a: Glastrier|def|1\n|-unboost|p2a: Glastrier|spd|1\n|\n|-heal|p1a: Qwilfish|210/252|[from] item: Leftovers\n|upkeep\n|turn|5\n|j|+35Q71N\n|\n|t:|1782736428\n|switch|p2a: Cramorant|Cramorant, L86, M|261/261\n|move|p1a: Qwilfish|Spikes|p2a: Cramorant\n|-sidestart|p2: mayqueen nyannyan|Spikes\n|\n|-heal|p1a: Qwilfish|225/252|[from] item: Leftovers\n|upkeep\n|turn|6\n|\n|t:|1782736436\n|move|p1a: Qwilfish|Gunk Shot|p2a: Cramorant|[miss]\n|-miss|p1a: Qwilfish|p2a: Cramorant\n|move|p2a: Cramorant|Defog|p1a: Qwilfish\n|-unboost|p1a: Qwilfish|evasion|1\n|-sideend|p2: mayqueen nyannyan|Spikes|[from] move: Defog|[of] p2a: Cramorant\n|\n|-heal|p1a: Qwilfish|240/252|[from] item: Leftovers\n|upkeep\n|turn|7\n|\n|t:|1782736441\n|move|p1a: Qwilfish|Gunk Shot|p2a: Cramorant\n|-damage|p2a: Cramorant|84/261\n|-status|p2a: Cramorant|psn\n|move|p2a: Cramorant|Brave Bird|p1a: Qwilfish\n|-damage|p1a: Qwilfish|114/252\n|-damage|p2a: Cramorant|42/261 psn|[from] Recoil\n|\n|-heal|p1a: Qwilfish|129/252|[from] item: Leftovers\n|-damage|p2a: Cramorant|10/261 psn|[from] psn\n|upkeep\n|turn|8\n|\n|t:|1782736447\n|move|p1a: Qwilfish|Gunk Shot|p2a: Cramorant\n|-damage|p2a: Cramorant|0 fnt\n|faint|p2a: Cramorant\n|\n|-heal|p1a: Qwilfish|144/252|[from] item: Leftovers\n|upkeep\n|\n|t:|1782736467\n|switch|p2a: Palkia|Palkia-Origin, L72|249/249\n|-ability|p2a: Palkia|Pressure\n|turn|9\n|\n|t:|1782736478\n|switch|p1a: Deoxys|Deoxys-Defense, L84|221/221\n|-ability|p1a: Deoxys|Pressure\n|move|p2a: Palkia|Spacial Rend|p1a: Deoxys\n|-damage|p1a: Deoxys|131/221\n|\n|upkeep\n|turn|10\n|\n|t:|1782736485\n|move|p2a: Palkia|Thunder Wave|p1a: Deoxys\n|-status|p1a: Deoxys|par\n|move|p1a: Deoxys|Recover|p1a: Deoxys\n|-heal|p1a: Deoxys|221/221 par\n|\n|upkeep\n|turn|11\n|\n|t:|1782736491\n|switch|p2a: Moltres|Moltres-Galar, L79|271/271 slp\n|move|p1a: Deoxys|Stealth Rock|p2a: Moltres\n|-sidestart|p2: mayqueen nyannyan|move: Stealth Rock\n|\n|upkeep\n|turn|12\n|\n|t:|1782736503\n|switch|p1a: Spidops|Spidops, L96, M|271/271\n|cant|p2a: Moltres|slp\n|\n|upkeep\n|turn|13\n|\n|t:|1782736511\n|cant|p2a: Moltres|slp\n|move|p1a: Spidops|Circle Throw|p2a: Moltres\n|-damage|p2a: Moltres|222/271 slp\n|drag|p2a: Whimsicott|Whimsicott, L84, F|238/238\n|\n|upkeep\n|turn|14\n|\n|t:|1782736540\n|move|p2a: Whimsicott|Encore|p1a: Spidops\n|-start|p1a: Spidops|Encore\n|move|p1a: Spidops|Circle Throw|p2a: Whimsicott\n|-resisted|p2a: Whimsicott\n|-damage|p2a: Whimsicott|215/238\n|drag|p2a: Glastrier|Glastrier, L86|311/311\n|-damage|p2a: Glastrier|234/311|[from] Stealth Rock\n|\n|upkeep\n|turn|15\n|\n|t:|1782736547\n|switch|p1a: Qwilfish|Qwilfish, L86, F|144/252\n|-ability|p1a: Qwilfish|Intimidate|boost\n|-unboost|p2a: Glastrier|atk|1\n|move|p2a: Glastrier|Icicle Crash|p1a: Qwilfish\n|-resisted|p1a: Qwilfish\n|-damage|p1a: Qwilfish|84/252\n|\n|-heal|p1a: Qwilfish|99/252|[from] item: Leftovers\n|upkeep\n|turn|16\n|\n|t:|1782736555\n|move|p1a: Qwilfish|Spikes|p2a: Glastrier\n|-sidestart|p2: mayqueen nyannyan|Spikes\n|move|p2a: Glastrier|Icicle Crash|p1a: Qwilfish\n|-resisted|p1a: Qwilfish\n|-damage|p1a: Qwilfish|31/252\n|\n|-heal|p1a: Qwilfish|46/252|[from] item: Leftovers\n|upkeep\n|turn|17\n|inactive|LizarDune has 120 seconds left.\n|inactive|LizarDune has 90 seconds left.\n|inactive|LizarDune has 60 seconds left.\n|inactive|LizarDune has 30 seconds left.\n|inactive|LizarDune has 20 seconds left.\n|\n|t:|1782736687\n|move|p1a: Qwilfish|Gunk Shot|p2a: Glastrier\n|-crit|p2a: Glastrier\n|-damage|p2a: Glastrier|92/311\n|-status|p2a: Glastrier|psn\n|move|p2a: Glastrier|Icicle Crash|p1a: Qwilfish\n|-resisted|p1a: Qwilfish\n|-damage|p1a: Qwilfish|0 fnt\n|faint|p1a: Qwilfish\n|-ability|p2a: Glastrier|Chilling Neigh|boost\n|-boost|p2a: Glastrier|atk|1\n|\n|-damage|p2a: Glastrier|54/311 psn|[from] psn\n|upkeep\n|inactive|LizarDune has 25 seconds left this turn.\n|inactive|LizarDune has 20 seconds left.\n|inactive|LizarDune has 15 seconds left.\n|\n|t:|1782736702\n|switch|p1a: Brute Bonnet|Brute Bonnet, L80|309/309\n|turn|18\n|inactive|LizarDune has 25 seconds left this turn.\n|\n|t:|1782736707\n|move|p1a: Brute Bonnet|Seed Bomb|p2a: Glastrier\n|-damage|p2a: Glastrier|0 fnt\n|faint|p2a: Glastrier\n|\n|upkeep\n|\n|t:|1782736712\n|switch|p2a: Moltres|Moltres-Galar, L79|222/271 slp\n|-damage|p2a: Moltres|155/271 slp|[from] Stealth Rock\n|turn|19\n|\n|t:|1782736716\n|-curestatus|p2a: Moltres|slp|[msg]\n|move|p2a: Moltres|Nasty Plot|p2a: Moltres\n|-boost|p2a: Moltres|spa|2\n|move|p1a: Brute Bonnet|Spore|p2a: Moltres\n|-status|p2a: Moltres|slp|[from] move: Spore\n|\n|upkeep\n|turn|20\n|\n|t:|1782736727\n|-end|p1a: Brute Bonnet|Protosynthesis|[silent]\n|switch|p1a: Baxcalibur|Baxcalibur, L75, M|295/295\n|cant|p2a: Moltres|slp\n|\n|upkeep\n|turn|21\n|\n|t:|1782736742\n|cant|p2a: Moltres|slp\n|move|p1a: Baxcalibur|Icicle Spear|p2a: Moltres\n|-supereffective|p2a: Moltres\n|-damage|p2a: Moltres|89/271 slp\n|-enditem|p2a: Moltres|Weakness Policy\n|-boost|p2a: Moltres|atk|2|[from] item: Weakness Policy\n|-boost|p2a: Moltres|spa|2|[from] item: Weakness Policy\n|-supereffective|p2a: Moltres\n|-crit|p2a: Moltres\n|-damage|p2a: Moltres|0 fnt\n|faint|p2a: Moltres\n|-hitcount|p2: Moltres|2\n|\n|upkeep\n|\n|t:|1782736746\n|switch|p2a: Whimsicott|Whimsicott, L84, F|215/238\n|turn|22\n|\n|t:|1782736769\n|switch|p1a: Spidops|Spidops, L96, M|271/271\n|move|p2a: Whimsicott|Moonblast|p1a: Spidops\n|-damage|p1a: Spidops|199/271\n|\n|upkeep\n|turn|23\n|\n|t:|1782736781\n|move|p2a: Whimsicott|Moonblast|p1a: Spidops\n|-damage|p1a: Spidops|123/271\n|move|p1a: Spidops|Sticky Web|p2a: Whimsicott\n|-sidestart|p2: mayqueen nyannyan|move: Sticky Web\n|\n|upkeep\n|turn|24\n|\n|t:|1782736783\n|switch|p1a: Deoxys|Deoxys-Defense, L84|221/221 par\n|-ability|p1a: Deoxys|Pressure\n|move|p2a: Whimsicott|Moonblast|p1a: Deoxys\n|-damage|p1a: Deoxys|169/221 par\n|\n|upkeep\n|turn|25\n|\n|t:|1782736788\n|move|p2a: Whimsicott|Moonblast|p1a: Deoxys\n|-damage|p1a: Deoxys|112/221 par\n|move|p1a: Deoxys|Knock Off|p2a: Whimsicott\n|-resisted|p2a: Whimsicott\n|-damage|p2a: Whimsicott|187/238\n|-enditem|p2a: Whimsicott|Heavy-Duty Boots|[from] move: Knock Off|[of] p1a: Deoxys\n|\n|upkeep\n|turn|26\n|\n|t:|1782736795\n|move|p2a: Whimsicott|Encore|p1a: Deoxys\n|-start|p1a: Deoxys|Encore\n|cant|p1a: Deoxys|par\n|\n|upkeep\n|turn|27\n|inactive|LizarDune has 60 seconds left.\n|inactive|mayqueen nyannyan has 120 seconds left.\n|\n|t:|1782736830\n|move|p2a: Whimsicott|Moonblast|p1a: Deoxys\n|-damage|p1a: Deoxys|58/221 par\n|cant|p1a: Deoxys|par\n|\n|upkeep\n|turn|28\n|inactive|mayqueen nyannyan has 120 seconds left.\n|\n|t:|1782736838\n|move|p2a: Whimsicott|Moonblast|p1a: Deoxys\n|-damage|p1a: Deoxys|7/221 par\n|move|p1a: Deoxys|Knock Off|p2a: Whimsicott\n|-resisted|p2a: Whimsicott\n|-damage|p2a: Whimsicott|169/238\n|\n|-end|p1a: Deoxys|Encore\n|upkeep\n|turn|29\n|\n|t:|1782736841\n|move|p2a: Whimsicott|Moonblast|p1a: Deoxys\n|-damage|p1a: Deoxys|0 fnt\n|faint|p1a: Deoxys\n|\n|upkeep\n|\n|t:|1782736852\n|switch|p1a: Spidops|Spidops, L96, M|123/271\n|turn|30\n|inactive|mayqueen nyannyan has 120 seconds left.\n|\n|t:|1782736890\n|move|p2a: Whimsicott|Moonblast|p1a: Spidops\n|-damage|p1a: Spidops|50/271\n|move|p1a: Spidops|Circle Throw|p2a: Whimsicott|[miss]\n|-miss|p1a: Spidops|p2a: Whimsicott\n|\n|upkeep\n|turn|31\n|\n|t:|1782736894\n|move|p2a: Whimsicott|Moonblast|p1a: Spidops\n|-damage|p1a: Spidops|0 fnt\n|faint|p1a: Spidops\n|\n|upkeep\n|inactive|LizarDune has 90 seconds left.\n|\n|t:|1782736912\n|switch|p1a: Brute Bonnet|Brute Bonnet, L80|309/309\n|turn|32\n|inactive|mayqueen nyannyan has 120 seconds left.\n|\n|t:|1782736933\n|-terastallize|p1a: Brute Bonnet|Poison\n|move|p2a: Whimsicott|Moonblast|p1a: Brute Bonnet\n|-resisted|p1a: Brute Bonnet\n|-damage|p1a: Brute Bonnet|270/309\n|move|p1a: Brute Bonnet|Crunch|p2a: Whimsicott\n|-resisted|p2a: Whimsicott\n|-damage|p2a: Whimsicott|118/238\n|\n|-heal|p1a: Brute Bonnet|289/309|[from] item: Leftovers\n|upkeep\n|turn|33\n|inactive|mayqueen nyannyan has 120 seconds left.\n|\n|t:|1782736947\n|move|p2a: Whimsicott|Encore|p1a: Brute Bonnet\n|-start|p1a: Brute Bonnet|Encore\n|move|p1a: Brute Bonnet|Crunch|p2a: Whimsicott\n|-resisted|p2a: Whimsicott\n|-damage|p2a: Whimsicott|73/238\n|\n|-heal|p1a: Brute Bonnet|308/309|[from] item: Leftovers\n|upkeep\n|turn|34\n|\n|t:|1782736951\n|move|p2a: Whimsicott|Giga Drain|p1a: Brute Bonnet\n|-resisted|p1a: Brute Bonnet\n|-damage|p1a: Brute Bonnet|278/309\n|-heal|p2a: Whimsicott|88/238|[from] drain|[of] p1a: Brute Bonnet\n|move|p1a: Brute Bonnet|Crunch|p2a: Whimsicott\n|-resisted|p2a: Whimsicott\n|-damage|p2a: Whimsicott|34/238\n|\n|-heal|p1a: Brute Bonnet|297/309|[from] item: Leftovers\n|upkeep\n|turn|35\n|\n|t:|1782736955\n|move|p2a: Whimsicott|Moonblast|p1a: Brute Bonnet\n|-resisted|p1a: Brute Bonnet\n|-damage|p1a: Brute Bonnet|257/309\n|move|p1a: Brute Bonnet|Crunch|p2a: Whimsicott\n|-resisted|p2a: Whimsicott\n|-damage|p2a: Whimsicott|0 fnt\n|faint|p2a: Whimsicott\n|\n|-heal|p1a: Brute Bonnet|276/309|[from] item: Leftovers\n|-end|p1a: Brute Bonnet|Encore\n|upkeep\n|\n|t:|1782736964\n|switch|p2a: Mabosstiff|Mabosstiff, L86, F|278/278\n|-damage|p2a: Mabosstiff|244/278|[from] Stealth Rock\n|-damage|p2a: Mabosstiff|210/278|[from] Spikes\n|-activate|p2a: Mabosstiff|move: Sticky Web\n|-unboost|p2a: Mabosstiff|spe|1\n|turn|36\n|j|+Volsur\n|\n|t:|1782736976\n|move|p2a: Mabosstiff|Psychic Fangs|p1a: Brute Bonnet\n|-supereffective|p1a: Brute Bonnet\n|-damage|p1a: Brute Bonnet|126/309\n|move|p1a: Brute Bonnet|Spore|p2a: Mabosstiff\n|-status|p2a: Mabosstiff|slp|[from] move: Spore\n|\n|-heal|p1a: Brute Bonnet|145/309|[from] item: Leftovers\n|upkeep\n|turn|37\n|\n|t:|1782736985\n|-end|p1a: Brute Bonnet|Protosynthesis|[silent]\n|switch|p1a: Baxcalibur|Baxcalibur, L75, M|295/295\n|cant|p2a: Mabosstiff|slp\n|\n|upkeep\n|turn|38\n|\n|t:|1782736989\n|cant|p2a: Mabosstiff|slp\n|move|p1a: Baxcalibur|Swords Dance|p1a: Baxcalibur\n|-boost|p1a: Baxcalibur|atk|2\n|\n|upkeep\n|turn|39\n|\n|t:|1782736996\n|-curestatus|p2a: Mabosstiff|slp|[msg]\n|move|p2a: Mabosstiff|Psychic Fangs|p1a: Baxcalibur\n|-damage|p1a: Baxcalibur|215/295\n|move|p1a: Baxcalibur|Icicle Spear|p2a: Mabosstiff\n|-damage|p2a: Mabosstiff|156/278\n|-damage|p2a: Mabosstiff|101/278\n|-damage|p2a: Mabosstiff|38/278\n|-damage|p2a: Mabosstiff|0 fnt\n|faint|p2a: Mabosstiff\n|-hitcount|p2: Mabosstiff|4\n|\n|upkeep\n|\n|t:|1782737002\n|switch|p2a: Palkia|Palkia-Origin, L72|249/249\n|-damage|p2a: Palkia|218/249|[from] Stealth Rock\n|-damage|p2a: Palkia|187/249|[from] Spikes\n|-activate|p2a: Palkia|move: Sticky Web\n|-unboost|p2a: Palkia|spe|1\n|-ability|p2a: Palkia|Pressure\n|turn|40\n|\n|t:|1782737008\n|-terastallize|p2a: Palkia|Fire\n|move|p1a: Baxcalibur|Earthquake|p2a: Palkia\n|-supereffective|p2a: Palkia\n|-damage|p2a: Palkia|0 fnt\n|faint|p2a: Palkia\n|\n|win|LizarDune\n", "inputlog": ">version 3f8ef8cf60cebd2b18892af2794d10415e14a302\n>start {\"formatid\":\"gen9randombattle\",\"seed\":\"sodium,d014b4231761a59c400c9c80cec8ffdb\",\"rated\":\"Rated battle\"}\n>player p1 {\"name\":\"LizarDune\",\"avatar\":\"musician\",\"rating\":2088,\"seed\":\"sodium,3c50ccacac0ce92099ca522639a923bd\"}\n>player p2 {\"name\":\"mayqueen nyannyan\",\"avatar\":\"102\",\"rating\":2081,\"seed\":\"sodium,9faf37d3d49d8967eaad76c1f60b8166\"}\n>p1 move spore\n>p2 move nastyplot\n>p1 switch 6\n>p2 move hurricane\n>p1 move swordsdance\n>p2 switch 5\n>p1 switch 2\n>p2 move closecombat\n>p1 move spikes\n>p2 switch 4\n>p1 move gunkshot\n>p2 move defog\n>p1 move gunkshot\n>p2 move bravebird\n>p1 move gunkshot\n>p2 move bravebird\n>p2 switch 3\n>p1 switch 5\n>p2 move spacialrend\n>p1 move recover\n>p2 move thunderwave\n>p1 move stealthrock\n>p2 switch 5\n>p1 switch 4\n>p2 move nastyplot\n>p1 move circlethrow\n>p2 move hurricane\n>p1 move knockoff\n>p2 move encore\n>p1 switch 5\n>p2 move iciclecrash\n>p1 move spikes\n>p2 move iciclecrash\n>p1 move gunkshot\n>p2 move iciclecrash\n>p1 switch 6\n>p1 move seedbomb\n>p2 move iciclecrash\n>p2 switch 2\n>p1 move spore\n>p2 move nastyplot\n>p1 switch 2\n>p2 move hurricane\n>p1 move iciclespear\n>p2 move fierywrath\n>p2 switch 4\n>p1 switch 5\n>p2 move moonblast\n>p1 move stickyweb\n>p2 move moonblast\n>p1 switch 4\n>p2 move moonblast\n>p1 move knockoff\n>p2 move moonblast\n>p1 move psychicnoise\n>p2 move encore\n>p1 move knockoff\n>p2 move moonblast\n>p1 move knockoff\n>p2 move moonblast\n>p1 move psychicnoise\n>p2 move moonblast\n>p1 switch 4\n>p1 move circlethrow\n>p2 move moonblast\n>p1 move circlethrow\n>p2 move moonblast\n>p1 switch 2\n>p1 move crunch terastallize\n>p2 move moonblast\n>p1 move crunch\n>p2 move encore\n>p1 move crunch\n>p2 move gigadrain\n>p1 move crunch\n>p2 move moonblast\n>p2 switch 6\n>p1 move spore\n>p2 move psychicfangs\n>p1 switch 5\n>p2 move psychicfangs\n>p1 move swordsdance\n>p2 move psychicfangs\n>p1 move iciclespear\n>p2 move psychicfangs\n>p2 switch 5\n>p1 move earthquake\n>p2 move spacialrend terastallize", "uploadtime": 1782736337, "views": 8, "formatid": "gen9randombattle", "rating": null, "private": 0, "password": null, "player_dets": [{"name": "LizarDune", "avatar": "musician", "rating": 2088, "seed": "sodium,3c50ccacac0ce92099ca522639a923bd"}, {"name": "mayqueen nyannyan", "avatar": "102", "rating": 2081, "seed": "sodium,9faf37d3d49d8967eaad76c1f60b8166"}], "teams_full": [{"Brute Bonnet": {"name": "Brute Bonnet", "species": "Brute Bonnet", "speciesId": "brutebonnet", "gender": "N", "shiny": false, "level": 80, "moves": ["crunch", "seedbomb", "suckerpunch", "spore"], "ability": "Protosynthesis", "evs": {"hp": 85, "atk": 85, "def": 85, "spa": 85, "spd": 85, "spe": 85}, "ivs": {"hp": 31, "atk": 31, "def": 31, "spa": 31, "spd": 31, "spe": 31}, "item": "Leftovers", "teraType": "Poison", "role": "Bulky Support", "bvs": {"hp": 111, "atk": 127, "def": 99, "spa": 79, "spd": 99, "spe": 55}, "stats": {"hp": 309, "atk": 249, "def": 205, "spa": 173, "spd": 205, "spe": 134}, "types": ["Grass", "Dark"]}, "Qwilfish": {"name": "Qwilfish", "species": "Qwilfish", "speciesId": "qwilfish", "gender": "F", "shiny": false, "level": 86, "moves": ["waterfall", "toxicspikes", "gunkshot", "spikes"], "ability": "Intimidate", "evs": {"hp": 85, "atk": 85, "def": 85, "spa": 85, "spd": 85, "spe": 85}, "ivs": {"hp": 31, "atk": 31, "def": 31, "spa": 31, "spd": 31, "spe": 31}, "item": "Leftovers", "teraType": "Grass", "role": "Bulky Support", "bvs": {"hp": 65, "atk": 95, "def": 85, "spa": 55, "spd": 55, "spe": 85}, "stats": {"hp": 252, "atk": 213, "def": 195, "spa": 144, "spd": 144, "spe": 195}, "types": ["Water", "Poison"]}, "Virizion": {"name": "Virizion", "species": "Virizion", "speciesId": "virizion", "gender": "N", "shiny": false, "level": 82, "moves": ["leafblade", "swordsdance", "closecombat", "stoneedge"], "ability": "Justified", "evs": {"hp": 85, "atk": 85, "def": 85, "spa": 85, "spd": 85, "spe": 85}, "ivs": {"hp": 31, "atk": 31, "def": 31, "spa": 31, "spd": 31, "spe": 31}, "item": "Life Orb", "teraType": "Rock", "role": "Setup Sweeper", "bvs": {"hp": 91, "atk": 90, "def": 72, "spa": 90, "spd": 129, "spe": 108}, "stats": {"hp": 283, "atk": 195, "def": 165, "spa": 195, "spd": 259, "spe": 224}, "types": ["Grass", "Fighting"]}, "Spidops": {"name": "Spidops", "species": "Spidops", "speciesId": "spidops", "gender": "M", "shiny": false, "level": 96, "moves": ["circlethrow", "spikes", "knockoff", "stickyweb"], "ability": "Stakeout", "evs": {"hp": 85, "atk": 85, "def": 85, "spa": 85, "spd": 85, "spe": 85}, "ivs": {"hp": 31, "atk": 31, "def": 31, "spa": 31, "spd": 31, "spe": 31}, "item": "Heavy-Duty Boots", "teraType": "Ghost", "role": "Bulky Support", "bvs": {"hp": 60, "atk": 79, "def": 92, "spa": 52, "spd": 86, "spe": 35}, "stats": {"hp": 271, "atk": 206, "def": 231, "spa": 154, "spd": 220, "spe": 122}, "types": ["Bug"]}, "Deoxys": {"name": "Deoxys", "species": "Deoxys-Defense", "speciesId": "deoxysdefense", "gender": "N", "shiny": false, "level": 84, "moves": ["psychicnoise", "stealthrock", "recover", "knockoff"], "ability": "Pressure", "evs": {"hp": 85, "atk": 85, "def": 85, "spa": 85, "spd": 85, "spe": 85}, "ivs": {"hp": 31, "atk": 31, "def": 31, "spa": 31, "spd": 31, "spe": 31}, "item": "Rocky Helmet", "teraType": "Steel", "role": "Bulky Support", "bvs": {"hp": 50, "atk": 70, "def": 160, "spa": 70, "spd": 160, "spe": 90}, "stats": {"hp": 221, "atk": 166, "def": 317, "spa": 166, "spd": 317, "spe": 199}, "types": ["Psychic"]}, "Baxcalibur": {"name": "Baxcalibur", "species": "Baxcalibur", "speciesId": "baxcalibur", "gender": "M", "shiny": false, "level": 75, "moves": ["earthquake", "iciclespear", "swordsdance", "scaleshot"], "ability": "Thermal Exchange", "evs": {"hp": 81, "atk": 85, "def": 85, "spa": 85, "spd": 85, "spe": 85}, "ivs": {"hp": 31, "atk": 31, "def": 31, "spa": 31, "spd": 31, "spe": 31}, "item": "Loaded Dice", "teraType": "Dragon", "role": "Bulky Setup", "bvs": {"hp": 115, "atk": 145, "def": 92, "spa": 75, "spd": 86, "spe": 87}, "stats": {"hp": 295, "atk": 261, "def": 182, "spa": 156, "spd": 173, "spe": 174}, "types": ["Dragon", "Ice"]}}, {"Moltres": {"name": "Moltres", "species": "Moltres-Galar", "speciesId": "moltresgalar", "gender": "N", "shiny": false, "level": 79, "moves": ["agility", "fierywrath", "nastyplot", "hurricane"], "ability": "Berserk", "evs": {"hp": 81, "atk": 0, "def": 85, "spa": 85, "spd": 85, "spe": 85}, "ivs": {"hp": 31, "atk": 0, "def": 31, "spa": 31, "spd": 31, "spe": 31}, "item": "Weakness Policy", "teraType": "Dark", "role": "Bulky Setup", "bvs": {"hp": 90, "atk": 85, "def": 90, "spa": 100, "spd": 125, "spe": 90}, "stats": {"hp": 271, "atk": 139, "def": 188, "spa": 204, "spd": 243, "spe": 188}, "types": ["Dark", "Flying"]}, "Whimsicott": {"name": "Whimsicott", "species": "Whimsicott", "speciesId": "whimsicott", "gender": "F", "shiny": false, "level": 84, "moves": ["encore", "moonblast", "gigadrain", "uturn"], "ability": "Prankster", "evs": {"hp": 85, "atk": 85, "def": 85, "spa": 85, "spd": 85, "spe": 85}, "ivs": {"hp": 31, "atk": 31, "def": 31, "spa": 31, "spd": 31, "spe": 31}, "item": "Heavy-Duty Boots", "teraType": "Poison", "role": "Fast Support", "bvs": {"hp": 60, "atk": 67, "def": 85, "spa": 77, "spd": 75, "spe": 116}, "stats": {"hp": 238, "atk": 161, "def": 191, "spa": 178, "spd": 174, "spe": 243}, "types": ["Grass", "Fairy"]}, "Palkia": {"name": "Palkia", "species": "Palkia-Origin", "speciesId": "palkiaorigin", "gender": "N", "shiny": false, "level": 72, "moves": ["fireblast", "thunderwave", "spacialrend", "hydropump"], "ability": "Pressure", "evs": {"hp": 85, "atk": 0, "def": 85, "spa": 85, "spd": 85, "spe": 85}, "ivs": {"hp": 31, "atk": 0, "def": 31, "spa": 31, "spd": 31, "spe": 31}, "item": "Lustrous Globe", "teraType": "Fire", "role": "Bulky Attacker", "bvs": {"hp": 90, "atk": 100, "def": 100, "spa": 150, "spd": 120, "spe": 120}, "stats": {"hp": 249, "atk": 149, "def": 186, "spa": 258, "spd": 215, "spe": 215}, "types": ["Water", "Dragon"]}, "Cramorant": {"name": "Cramorant", "species": "Cramorant", "speciesId": "cramorant", "gender": "M", "shiny": false, "level": 86, "moves": ["surf", "bravebird", "defog", "roost"], "ability": "Gulp Missile", "evs": {"hp": 85, "atk": 85, "def": 85, "spa": 85, "spd": 85, "spe": 85}, "ivs": {"hp": 31, "atk": 31, "def": 31, "spa": 31, "spd": 31, "spe": 31}, "item": "Heavy-Duty Boots", "teraType": "Ground", "role": "Bulky Support", "bvs": {"hp": 70, "atk": 85, "def": 55, "spa": 85, "spd": 95, "spe": 85}, "stats": {"hp": 261, "atk": 195, "def": 144, "spa": 195, "spd": 213, "spe": 195}, "types": ["Flying", "Water"]}, "Glastrier": {"name": "Glastrier", "species": "Glastrier", "speciesId": "glastrier", "gender": "N", "shiny": false, "level": 86, "moves": ["iciclecrash", "heavyslam", "closecombat", "highhorsepower"], "ability": "Chilling Neigh", "evs": {"hp": 81, "atk": 85, "def": 85, "spa": 85, "spd": 85, "spe": 85}, "ivs": {"hp": 31, "atk": 31, "def": 31, "spa": 31, "spd": 31, "spe": 31}, "item": "Choice Band", "teraType": "Steel", "role": "Bulky Attacker", "bvs": {"hp": 100, "atk": 145, "def": 130, "spa": 65, "spd": 110, "spe": 30}, "stats": {"hp": 311, "atk": 299, "def": 273, "spa": 161, "spd": 238, "spe": 101}, "types": ["Ice"]}, "Mabosstiff": {"name": "Mabosstiff", "species": "Mabosstiff", "speciesId": "mabosstiff", "gender": "F", "shiny": false, "level": 86, "moves": ["crunch", "wildcharge", "psychicfangs", "playrough"], "ability": "Stakeout", "evs": {"hp": 85, "atk": 85, "def": 85, "spa": 85, "spd": 85, "spe": 85}, "ivs": {"hp": 31, "atk": 31, "def": 31, "spa": 31, "spd": 31, "spe": 31}, "item": "Choice Scarf", "teraType": "Fairy", "role": "Bulky Attacker", "bvs": {"hp": 80, "atk": 120, "def": 90, "spa": 60, "spd": 70, "spe": 85}, "stats": {"hp": 278, "atk": 256, "def": 204, "spa": 152, "spd": 170, "spe": 195}, "types": ["Dark"]}}]}