{"id": "gen9randombattle-2641456295", "format": "[Gen 9] Random Battle", "players": ["Cuffalo", "whisperwyrm"], "log": "|j|\u2606Cuffalo\n|j|\u2606whisperwyrm\n|t:|1782787554\n|gametype|singles\n|player|p1|Cuffalo|265|2080\n|player|p2|whisperwyrm|1|2139\n|gen|9\n|tier|[Gen 9] Random Battle\n|rated|\n|rule|Species Clause: Limit one of each Pok\u00e9mon\n|rule|HP Percentage Mod: HP is shown in percentages\n|rule|Sleep Clause Mod: Limit one foe put to sleep\n|rule|Illusion Level Mod: Illusion disguises the Pok\u00e9mon's true level\n|\n|t:|1782787554\n|teamsize|p1|6\n|teamsize|p2|6\n|start\n|switch|p1a: Regieleki|Regieleki, L79|256/256\n|switch|p2a: Raikou|Raikou, L81|278/278\n|-ability|p2a: Raikou|Pressure\n|turn|1\n|inactive|Battle timer is ON: inactive players will automatically lose when time's up. (requested by whisperwyrm)\n|\n|t:|1782787569\n|move|p1a: Regieleki|Volt Switch|p2a: Raikou\n|-resisted|p2a: Raikou\n|-damage|p2a: Raikou|233/278\n|\n|t:|1782787572\n|switch|p1a: Venusaur|Venusaur, L84, F|272/272|[from] Volt Switch\n|move|p2a: Raikou|Scald|p1a: Venusaur\n|-resisted|p1a: Venusaur\n|-damage|p1a: Venusaur|229/272\n|\n|-heal|p1a: Venusaur|246/272|[from] item: Leftovers\n|upkeep\n|turn|2\n|\n|t:|1782787579\n|switch|p2a: Uxie|Uxie, L83|260/260\n|move|p1a: Venusaur|Sleep Powder|p2a: Uxie|[miss]\n|-miss|p1a: Venusaur|p2a: Uxie\n|\n|-heal|p1a: Venusaur|263/272|[from] item: Leftovers\n|upkeep\n|turn|3\n|\n|t:|1782787584\n|move|p2a: Uxie|Psychic Noise|p1a: Venusaur\n|-supereffective|p1a: Venusaur\n|-damage|p1a: Venusaur|149/272\n|-start|p1a: Venusaur|move: Heal Block\n|move|p1a: Venusaur|Sleep Powder|p2a: Uxie\n|-status|p2a: Uxie|slp|[from] move: Sleep Powder\n|\n|upkeep\n|turn|4\n|\n|t:|1782787587\n|switch|p1a: Muk|Muk-Alola, L82, M|306/306\n|cant|p2a: Uxie|slp\n|\n|upkeep\n|turn|5\n|\n|t:|1782787591\n|switch|p2a: Stonjourner|Stonjourner, L91, F|330/330\n|move|p1a: Muk|Knock Off|p2a: Stonjourner\n|-damage|p2a: Stonjourner|263/330\n|-enditem|p2a: Stonjourner|Life Orb|[from] move: Knock Off|[of] p1a: Muk\n|\n|upkeep\n|turn|6\n|\n|t:|1782787596\n|switch|p1a: Luvdisc|Luvdisc, M|247/247\n|move|p2a: Stonjourner|Stealth Rock|p1a: Luvdisc\n|-sidestart|p1: Cuffalo|move: Stealth Rock\n|\n|upkeep\n|turn|7\n|\n|t:|1782787603\n|move|p1a: Luvdisc|Surf|p2a: Stonjourner\n|-supereffective|p2a: Stonjourner\n|-damage|p2a: Stonjourner|0 fnt\n|faint|p2a: Stonjourner\n|\n|upkeep\n|\n|t:|1782787615\n|switch|p2a: Flapple|Flapple, L88, F|266/266\n|turn|8\n|\n|t:|1782787623\n|switch|p1a: Venusaur|Venusaur, L84, F|149/272\n|-damage|p1a: Venusaur|115/272|[from] Stealth Rock\n|move|p2a: Flapple|Dragon Dance|p2a: Flapple\n|-boost|p2a: Flapple|atk|1\n|-boost|p2a: Flapple|spe|1\n|\n|-heal|p1a: Venusaur|132/272|[from] item: Leftovers\n|upkeep\n|turn|9\n|\n|t:|1782787630\n|-terastallize|p1a: Venusaur|Steel\n|move|p2a: Flapple|Outrage|p1a: Venusaur|[miss]\n|-miss|p2a: Flapple|p1a: Venusaur\n|move|p1a: Venusaur|Sludge Bomb|p2a: Flapple\n|-supereffective|p2a: Flapple\n|-damage|p2a: Flapple|6/266\n|-status|p2a: Flapple|psn\n|\n|-heal|p1a: Venusaur|149/272|[from] item: Leftovers\n|-damage|p2a: Flapple|0 fnt|[from] psn\n|faint|p2a: Flapple\n|upkeep\n|\n|t:|1782787636\n|switch|p2a: Chien-Pao|Chien-Pao, L72|234/234\n|-ability|p2a: Chien-Pao|Sword of Ruin\n|turn|10\n|\n|t:|1782787645\n|switch|p1a: Swanna|Swanna, L89, F|278/278\n|move|p2a: Chien-Pao|Sacred Sword|p1a: Swanna\n|-resisted|p1a: Swanna\n|-damage|p1a: Swanna|206/278\n|\n|upkeep\n|turn|11\n|\n|t:|1782787653\n|switch|p2a: Uxie|Uxie, L83|260/260 slp\n|move|p1a: Swanna|Hydro Pump|p2a: Uxie\n|-damage|p2a: Uxie|170/260 slp\n|\n|-heal|p2a: Uxie|186/260 slp|[from] item: Leftovers\n|upkeep\n|turn|12\n|\n|t:|1782787656\n|switch|p1a: Muk|Muk-Alola, L82, M|306/306\n|-damage|p1a: Muk|268/306|[from] Stealth Rock\n|-curestatus|p2a: Uxie|slp|[msg]\n|move|p2a: Uxie|Psychic Noise|p1a: Muk\n|-immune|p1a: Muk\n|\n|-heal|p2a: Uxie|202/260|[from] item: Leftovers\n|upkeep\n|turn|13\n|\n|t:|1782787661\n|move|p2a: Uxie|Yawn|p1a: Muk\n|-start|p1a: Muk|move: Yawn|[of] p2a: Uxie\n|move|p1a: Muk|Knock Off|p2a: Uxie\n|-supereffective|p2a: Uxie\n|-damage|p2a: Uxie|46/260\n|-enditem|p2a: Uxie|Leftovers|[from] move: Knock Off|[of] p1a: Muk\n|\n|upkeep\n|turn|14\n|\n|t:|1782787665\n|switch|p1a: Regieleki|Regieleki, L79|256/256\n|-damage|p1a: Regieleki|224/256|[from] Stealth Rock\n|move|p2a: Uxie|U-turn|p1a: Regieleki\n|-damage|p1a: Regieleki|166/256\n|\n|t:|1782787671\n|switch|p2a: Raikou|Raikou, L81|233/278|[from] U-turn\n|-ability|p2a: Raikou|Pressure\n|\n|upkeep\n|turn|15\n|\n|t:|1782787675\n|move|p1a: Regieleki|Rapid Spin|p2a: Raikou\n|-damage|p2a: Raikou|192/278\n|-boost|p1a: Regieleki|spe|1\n|-sideend|p1: Cuffalo|Stealth Rock|[from] move: Rapid Spin|[of] p1a: Regieleki\n|move|p2a: Raikou|Volt Switch|p1a: Regieleki\n|-resisted|p1a: Regieleki\n|-crit|p1a: Regieleki\n|-damage|p1a: Regieleki|37/256\n|\n|t:|1782787679\n|switch|p2a: Blissey|Blissey, L85, F|572/572|[from] Volt Switch\n|\n|upkeep\n|turn|16\n|\n|t:|1782787684\n|move|p1a: Regieleki|Volt Switch|p2a: Blissey\n|-damage|p2a: Blissey|505/572\n|\n|t:|1782787685\n|switch|p1a: Gumshoos|Gumshoos, L95, M|321/321|[from] Volt Switch\n|move|p2a: Blissey|Seismic Toss|p1a: Gumshoos\n|-damage|p1a: Gumshoos|236/321\n|\n|-heal|p2a: Blissey|540/572|[from] item: Leftovers\n|upkeep\n|turn|17\n|\n|t:|1782787690\n|move|p2a: Blissey|Thunder Wave|p1a: Gumshoos\n|-status|p1a: Gumshoos|par\n|cant|p1a: Gumshoos|par\n|\n|-heal|p2a: Blissey|572/572|[from] item: Leftovers\n|upkeep\n|turn|18\n|\n|t:|1782787694\n|switch|p2a: Uxie|Uxie, L83|46/260\n|move|p1a: Gumshoos|Double-Edge|p2a: Uxie\n|-damage|p2a: Uxie|0 fnt\n|faint|p2a: Uxie\n|-damage|p1a: Gumshoos|221/321 par|[from] Recoil\n|\n|upkeep\n|\n|t:|1782787701\n|switch|p2a: Chien-Pao|Chien-Pao, L72|234/234\n|-ability|p2a: Chien-Pao|Sword of Ruin\n|turn|19\n|\n|t:|1782787704\n|switch|p1a: Regieleki|Regieleki, L79|37/256\n|move|p2a: Chien-Pao|Icicle Crash|p1a: Regieleki\n|-damage|p1a: Regieleki|0 fnt\n|faint|p1a: Regieleki\n|\n|upkeep\n|\n|t:|1782787708\n|switch|p1a: Venusaur|Venusaur, L84, F, tera:Steel|149/272\n|turn|20\n|\n|t:|1782787711\n|switch|p2a: Blissey|Blissey, L85, F|572/572\n|move|p1a: Venusaur|Synthesis|p1a: Venusaur\n|-heal|p1a: Venusaur|272/272\n|\n|upkeep\n|turn|21\n|\n|t:|1782787715\n|switch|p1a: Gumshoos|Gumshoos, L95, M|221/321 par\n|move|p2a: Blissey|Seismic Toss|p1a: Gumshoos\n|-damage|p1a: Gumshoos|136/321 par\n|\n|upkeep\n|turn|22\n|\n|t:|1782787719\n|move|p2a: Blissey|Seismic Toss|p1a: Gumshoos\n|-damage|p1a: Gumshoos|51/321 par\n|move|p1a: Gumshoos|Double-Edge|p2a: Blissey\n|-damage|p2a: Blissey|0 fnt\n|faint|p2a: Blissey\n|-damage|p1a: Gumshoos|0 fnt|[from] Recoil\n|faint|p1a: Gumshoos\n|\n|upkeep\n|\n|t:|1782787726\n|switch|p2a: Raikou|Raikou, L81|192/278\n|switch|p1a: Muk|Muk-Alola, L82, M|268/306\n|-ability|p2a: Raikou|Pressure\n|turn|23\n|\n|t:|1782787738\n|-terastallize|p2a: Raikou|Electric\n|move|p2a: Raikou|Volt Switch|p1a: Muk\n|-damage|p1a: Muk|168/306\n|\n|t:|1782787742\n|switch|p2a: Chien-Pao|Chien-Pao, L72|234/234|[from] Volt Switch\n|-ability|p2a: Chien-Pao|Sword of Ruin\n|move|p1a: Muk|Knock Off|p2a: Chien-Pao\n|-resisted|p2a: Chien-Pao\n|-damage|p2a: Chien-Pao|171/234\n|-status|p2a: Chien-Pao|psn|[from] ability: Poison Touch|[of] p1a: Muk\n|-enditem|p2a: Chien-Pao|Choice Band|[from] move: Knock Off|[of] p1a: Muk\n|\n|-damage|p2a: Chien-Pao|142/234 psn|[from] psn\n|upkeep\n|turn|24\n|\n|t:|1782787751\n|move|p2a: Chien-Pao|Icicle Crash|p1a: Muk\n|-damage|p1a: Muk|45/306\n|move|p1a: Muk|Drain Punch|p2a: Chien-Pao\n|-supereffective|p2a: Chien-Pao\n|-damage|p2a: Chien-Pao|0 fnt\n|-heal|p1a: Muk|116/306|[from] drain|[of] p2a: Chien-Pao\n|faint|p2a: Chien-Pao\n|\n|upkeep\n|\n|t:|1782787754\n|switch|p2a: Raikou|Raikou, L81, tera:Electric|192/278\n|-ability|p2a: Raikou|Pressure\n|turn|25\n|\n|t:|1782787758\n|move|p1a: Muk|Shadow Sneak|p2a: Raikou\n|-damage|p2a: Raikou|161/278\n|move|p2a: Raikou|Thunderbolt|p1a: Muk\n|-damage|p1a: Muk|0 fnt\n|faint|p1a: Muk\n|\n|upkeep\n|\n|t:|1782787760\n|switch|p1a: Luvdisc|Luvdisc, M|247/247\n|turn|26\n|\n|t:|1782787763\n|move|p1a: Luvdisc|Substitute|p1a: Luvdisc\n|-start|p1a: Luvdisc|Substitute\n|-damage|p1a: Luvdisc|186/247\n|move|p2a: Raikou|Thunderbolt|p1a: Luvdisc\n|-supereffective|p1a: Luvdisc\n|-end|p1a: Luvdisc|Substitute\n|\n|upkeep\n|turn|27\n|c|\u2606Cuffalo|gg\n|\n|t:|1782787766\n|move|p1a: Luvdisc|Substitute|p1a: Luvdisc\n|-start|p1a: Luvdisc|Substitute\n|-damage|p1a: Luvdisc|125/247\n|move|p2a: Raikou|Thunderbolt|p1a: Luvdisc\n|-supereffective|p1a: Luvdisc\n|-end|p1a: Luvdisc|Substitute\n|\n|upkeep\n|turn|28\n|\n|t:|1782787768\n|move|p1a: Luvdisc|Substitute|p1a: Luvdisc\n|-start|p1a: Luvdisc|Substitute\n|-damage|p1a: Luvdisc|64/247\n|move|p2a: Raikou|Thunderbolt|p1a: Luvdisc\n|-supereffective|p1a: Luvdisc\n|-crit|p1a: Luvdisc\n|-end|p1a: Luvdisc|Substitute\n|\n|upkeep\n|turn|29\n|\n|t:|1782787771\n|move|p1a: Luvdisc|Substitute|p1a: Luvdisc\n|-start|p1a: Luvdisc|Substitute\n|-damage|p1a: Luvdisc|3/247\n|move|p2a: Raikou|Thunderbolt|p1a: Luvdisc\n|-supereffective|p1a: Luvdisc\n|-end|p1a: Luvdisc|Substitute\n|\n|upkeep\n|turn|30\n|\n|t:|1782787773\n|move|p1a: Luvdisc|Endeavor|p2a: Raikou\n|-damage|p2a: Raikou|3/278\n|move|p2a: Raikou|Thunderbolt|p1a: Luvdisc\n|-supereffective|p1a: Luvdisc\n|-damage|p1a: Luvdisc|0 fnt\n|faint|p1a: Luvdisc\n|\n|upkeep\n|\n|t:|1782787775\n|switch|p1a: Venusaur|Venusaur, L84, F, tera:Steel|272/272\n|turn|31\n|\n|t:|1782787779\n|move|p2a: Raikou|Thunderbolt|p1a: Venusaur\n|-damage|p1a: Venusaur|80/272\n|move|p1a: Venusaur|Earth Power|p2a: Raikou\n|-supereffective|p2a: Raikou\n|-damage|p2a: Raikou|0 fnt\n|faint|p2a: Raikou\n|\n|win|Cuffalo\n", "inputlog": ">version f8ac14003a5f27e1bdc8d8c59608a773c1cb96e5\n>start {\"formatid\":\"gen9randombattle\",\"seed\":\"sodium,fbf342b73e8f688655d463188eca09ed\",\"rated\":\"Rated battle\"}\n>player p1 {\"name\":\"Cuffalo\",\"avatar\":\"265\",\"rating\":2080,\"seed\":\"sodium,03807e427210466c5316b10ed0024228\"}\n>player p2 {\"name\":\"whisperwyrm\",\"avatar\":\"1\",\"rating\":2139,\"seed\":\"sodium,61e969b31becf015a26058e9af42248c\"}\n>p1 move voltswitch\n>p2 move scald\n>p1 switch 3\n>p1 move sleeppowder\n>p2 switch 6\n>p1 move sleeppowder\n>p2 move psychicnoise\n>p1 switch 4\n>p2 move psychicnoise\n>p1 move knockoff\n>p2 switch 3\n>p1 switch 2\n>p2 move stealthrock\n>p1 move surf\n>p2 move earthquake\n>p2 switch 2\n>p1 switch 4\n>p2 move dragondance\n>p1 move sludgebomb terastallize\n>p2 move outrage\n>p2 switch 4\n>p1 switch 5\n>p2 move sacredsword\n>p1 move hydropump\n>p2 switch 3\n>p1 switch 2\n>p2 move psychicnoise\n>p1 move knockoff\n>p2 move yawn\n>p1 switch 3\n>p2 move uturn\n>p2 switch 6\n>p1 move rapidspin\n>p2 move voltswitch\n>p2 switch 5\n>p1 move voltswitch\n>p2 move seismictoss\n>p1 switch 6\n>p1 move doubleedge\n>p2 move thunderwave\n>p1 move doubleedge\n>p2 switch 6\n>p2 switch 3\n>p1 switch 6\n>p2 move iciclecrash\n>p1 switch 5\n>p1 move synthesis\n>p2 switch 6\n>p1 switch 6\n>p2 move seismictoss\n>p1 move doubleedge\n>p2 move seismictoss\n>p1 switch 3\n>p2 switch 5\n>p1 move knockoff\n>p2 move voltswitch terastallize\n>p2 switch 6\n>p1 move drainpunch\n>p2 move iciclecrash\n>p2 switch 6\n>p1 move shadowsneak\n>p2 move thunderbolt\n>p1 switch 4\n>p1 move substitute\n>p2 move thunderbolt\n>chat \u2606Cuffalo|gg\n>p1 move substitute\n>p2 move thunderbolt\n>p1 move substitute\n>p2 move thunderbolt\n>p1 move substitute\n>p2 move thunderbolt\n>p1 move endeavor\n>p2 move thunderbolt\n>p1 switch 6\n>p1 move earthpower\n>p2 move thunderbolt", "uploadtime": 1782787556, "views": 3, "formatid": "gen9randombattle", "rating": null, "private": 0, "password": null, "player_dets": [{"name": "Cuffalo", "avatar": "265", "rating": 2080, "seed": "sodium,03807e427210466c5316b10ed0024228"}, {"name": "whisperwyrm", "avatar": "1", "rating": 2139, "seed": "sodium,61e969b31becf015a26058e9af42248c"}], "teams_full": [{"Regieleki": {"name": "Regieleki", "species": "Regieleki", "speciesId": "regieleki", "gender": "N", "shiny": false, "level": 79, "moves": ["rapidspin", "terablast", "voltswitch", "thunderbolt"], "ability": "Transistor", "evs": {"hp": 85, "atk": 85, "def": 85, "spa": 85, "spd": 85, "spe": 85}, "ivs": {"hp": 31, "atk": 31, "def": 31, "spa": 31, "spd": 31, "spe": 31}, "item": "Magnet", "teraType": "Ice", "role": "Tera Blast user", "bvs": {"hp": 80, "atk": 100, "def": 50, "spa": 100, "spd": 50, "spe": 200}, "stats": {"hp": 256, "atk": 204, "def": 125, "spa": 204, "spd": 125, "spe": 362}, "types": ["Electric"]}, "Luvdisc": {"name": "Luvdisc", "species": "Luvdisc", "speciesId": "luvdisc", "gender": "M", "shiny": false, "level": 100, "moves": ["substitute", "surf", "endeavor", "whirlpool"], "ability": "Swift Swim", "evs": {"hp": 81, "atk": 0, "def": 85, "spa": 85, "spd": 85, "spe": 85}, "ivs": {"hp": 31, "atk": 0, "def": 31, "spa": 31, "spd": 31, "spe": 31}, "item": "Heavy-Duty Boots", "teraType": "Ghost", "role": "Fast Support", "bvs": {"hp": 43, "atk": 30, "def": 55, "spa": 40, "spd": 65, "spe": 97}, "stats": {"hp": 247, "atk": 65, "def": 167, "spa": 137, "spd": 187, "spe": 251}, "types": ["Water"]}, "Venusaur": {"name": "Venusaur", "species": "Venusaur", "speciesId": "venusaur", "gender": "F", "shiny": false, "level": 84, "moves": ["synthesis", "sludgebomb", "earthpower", "sleeppowder"], "ability": "Chlorophyll", "evs": {"hp": 85, "atk": 0, "def": 85, "spa": 85, "spd": 85, "spe": 85}, "ivs": {"hp": 31, "atk": 0, "def": 31, "spa": 31, "spd": 31, "spe": 31}, "item": "Leftovers", "teraType": "Steel", "role": "Bulky Attacker", "bvs": {"hp": 80, "atk": 82, "def": 83, "spa": 100, "spd": 100, "spe": 80}, "stats": {"hp": 272, "atk": 142, "def": 188, "spa": 216, "spd": 216, "spe": 183}, "types": ["Grass", "Poison"]}, "Muk": {"name": "Muk", "species": "Muk-Alola", "speciesId": "mukalola", "gender": "M", "shiny": false, "level": 82, "moves": ["shadowsneak", "knockoff", "drainpunch", "poisonjab"], "ability": "Poison Touch", "evs": {"hp": 85, "atk": 85, "def": 85, "spa": 85, "spd": 85, "spe": 85}, "ivs": {"hp": 31, "atk": 31, "def": 31, "spa": 31, "spd": 31, "spe": 31}, "item": "Assault Vest", "teraType": "Fighting", "role": "AV Pivot", "bvs": {"hp": 105, "atk": 105, "def": 75, "spa": 65, "spd": 100, "spe": 50}, "stats": {"hp": 306, "atk": 219, "def": 170, "spa": 154, "spd": 211, "spe": 129}, "types": ["Poison", "Dark"]}, "Swanna": {"name": "Swanna", "species": "Swanna", "speciesId": "swanna", "gender": "F", "shiny": false, "level": 89, "moves": ["knockoff", "roost", "hydropump", "bravebird"], "ability": "Hydration", "evs": {"hp": 85, "atk": 85, "def": 85, "spa": 85, "spd": 85, "spe": 85}, "ivs": {"hp": 31, "atk": 31, "def": 31, "spa": 31, "spd": 31, "spe": 31}, "item": "Heavy-Duty Boots", "teraType": "Ground", "role": "Bulky Support", "bvs": {"hp": 75, "atk": 87, "def": 63, "spa": 87, "spd": 63, "spe": 98}, "stats": {"hp": 278, "atk": 206, "def": 163, "spa": 206, "spd": 163, "spe": 225}, "types": ["Water", "Flying"]}, "Gumshoos": {"name": "Gumshoos", "species": "Gumshoos", "speciesId": "gumshoos", "gender": "M", "shiny": false, "level": 95, "moves": ["knockoff", "earthquake", "uturn", "doubleedge"], "ability": "Stakeout", "evs": {"hp": 85, "atk": 85, "def": 85, "spa": 85, "spd": 85, "spe": 85}, "ivs": {"hp": 31, "atk": 31, "def": 31, "spa": 31, "spd": 31, "spe": 31}, "item": "Choice Band", "teraType": "Ground", "role": "Fast Attacker", "bvs": {"hp": 88, "atk": 110, "def": 60, "spa": 55, "spd": 60, "spe": 45}, "stats": {"hp": 321, "atk": 263, "def": 168, "spa": 158, "spd": 168, "spe": 139}, "types": ["Normal"]}}, {"Raikou": {"name": "Raikou", "species": "Raikou", "speciesId": "raikou", "gender": "N", "shiny": false, "level": 81, "moves": ["thunderbolt", "scald", "voltswitch", "shadowball"], "ability": "Pressure", "evs": {"hp": 85, "atk": 0, "def": 85, "spa": 85, "spd": 85, "spe": 85}, "ivs": {"hp": 31, "atk": 0, "def": 31, "spa": 31, "spd": 31, "spe": 31}, "item": "Choice Specs", "teraType": "Electric", "role": "Bulky Attacker", "bvs": {"hp": 90, "atk": 85, "def": 75, "spa": 115, "spd": 100, "spe": 115}, "stats": {"hp": 278, "atk": 142, "def": 168, "spa": 233, "spd": 209, "spe": 233}, "types": ["Electric"]}, "Flapple": {"name": "Flapple", "species": "Flapple", "speciesId": "flapple", "gender": "F", "shiny": false, "level": 88, "moves": ["suckerpunch", "dragondance", "gravapple", "outrage"], "ability": "Hustle", "evs": {"hp": 85, "atk": 85, "def": 85, "spa": 85, "spd": 85, "spe": 85}, "ivs": {"hp": 31, "atk": 31, "def": 31, "spa": 31, "spd": 31, "spe": 31}, "item": "Wide Lens", "teraType": "Dragon", "role": "Fast Attacker", "bvs": {"hp": 70, "atk": 110, "def": 80, "spa": 95, "spd": 60, "spe": 70}, "stats": {"hp": 266, "atk": 244, "def": 191, "spa": 217, "spd": 156, "spe": 173}, "types": ["Grass", "Dragon"]}, "Stonjourner": {"name": "Stonjourner", "species": "Stonjourner", "speciesId": "stonjourner", "gender": "F", "shiny": false, "level": 91, "moves": ["stoneedge", "heatcrash", "earthquake", "stealthrock"], "ability": "Power Spot", "evs": {"hp": 85, "atk": 85, "def": 85, "spa": 85, "spd": 85, "spe": 85}, "ivs": {"hp": 31, "atk": 31, "def": 31, "spa": 31, "spd": 31, "spe": 31}, "item": "Life Orb", "teraType": "Ground", "role": "Fast Attacker", "bvs": {"hp": 100, "atk": 125, "def": 135, "spa": 20, "spd": 20, "spe": 70}, "stats": {"hp": 330, "atk": 279, "def": 298, "spa": 88, "spd": 88, "spe": 179}, "types": ["Rock"]}, "Chien-Pao": {"name": "Chien-Pao", "species": "Chien-Pao", "speciesId": "chienpao", "gender": "N", "shiny": false, "level": 72, "moves": ["iciclecrash", "crunch", "iceshard", "sacredsword"], "ability": "Sword of Ruin", "evs": {"hp": 85, "atk": 85, "def": 85, "spa": 85, "spd": 85, "spe": 85}, "ivs": {"hp": 31, "atk": 31, "def": 31, "spa": 31, "spd": 31, "spe": 31}, "item": "Choice Band", "teraType": "Fighting", "role": "Wallbreaker", "bvs": {"hp": 80, "atk": 120, "def": 80, "spa": 90, "spd": 65, "spe": 135}, "stats": {"hp": 234, "atk": 215, "def": 157, "spa": 172, "spd": 136, "spe": 236}, "types": ["Dark", "Ice"]}, "Blissey": {"name": "Blissey", "species": "Blissey", "speciesId": "blissey", "gender": "F", "shiny": false, "level": 85, "moves": ["seismictoss", "softboiled", "thunderwave", "healbell"], "ability": "Natural Cure", "evs": {"hp": 85, "atk": 0, "def": 85, "spa": 85, "spd": 85, "spe": 85}, "ivs": {"hp": 31, "atk": 0, "def": 31, "spa": 31, "spd": 31, "spe": 31}, "item": "Leftovers", "teraType": "Poison", "role": "Bulky Support", "bvs": {"hp": 255, "atk": 10, "def": 10, "spa": 75, "spd": 135, "spe": 55}, "stats": {"hp": 572, "atk": 22, "def": 66, "spa": 176, "spd": 278, "spe": 142}, "types": ["Normal"]}, "Uxie": {"name": "Uxie", "species": "Uxie", "speciesId": "uxie", "gender": "N", "shiny": false, "level": 83, "moves": ["encore", "psychicnoise", "yawn", "uturn"], "ability": "Levitate", "evs": {"hp": 85, "atk": 85, "def": 85, "spa": 85, "spd": 85, "spe": 85}, "ivs": {"hp": 31, "atk": 31, "def": 31, "spa": 31, "spd": 31, "spe": 31}, "item": "Leftovers", "teraType": "Electric", "role": "Bulky Support", "bvs": {"hp": 75, "atk": 75, "def": 130, "spa": 75, "spd": 130, "spe": 95}, "stats": {"hp": 260, "atk": 172, "def": 263, "spa": 172, "spd": 263, "spe": 205}, "types": ["Psychic"]}}]}