{"id": "gen9randombattle-2641276545", "format": "[Gen 9] Random Battle", "players": ["testbotcif", "oklouwon"], "log": "|j|\u2606testbotcif\n|j|\u2606oklouwon\n|t:|1782762263\n|gametype|singles\n|player|p1|testbotcif|266|1256\n|player|p2|oklouwon|elesa|1261\n|gen|9\n|tier|[Gen 9] Random Battle\n|rated|\n|rule|Species Clause: Limit one of each Pok\u00e9mon\n|rule|HP Percentage Mod: HP is shown in percentages\n|rule|Sleep Clause Mod: Limit one foe put to sleep\n|rule|Illusion Level Mod: Illusion disguises the Pok\u00e9mon's true level\n|\n|t:|1782762263\n|teamsize|p1|6\n|teamsize|p2|6\n|start\n|switch|p1a: Magnezone|Magnezone, L85|258/258\n|switch|p2a: Tropius|Tropius, L91, F|328/328\n|turn|1\n|inactive|Battle timer is ON: inactive players will automatically lose when time's up. (requested by testbotcif)\n|c|\u2606testbotcif|rlhf\n|\n|t:|1782762274\n|move|p1a: Magnezone|Flash Cannon|p2a: Tropius\n|-damage|p2a: Tropius|219/328\n|move|p2a: Tropius|Dragon Dance|p2a: Tropius\n|-boost|p2a: Tropius|atk|1\n|-boost|p2a: Tropius|spe|1\n|\n|upkeep\n|turn|2\n|\n|t:|1782762282\n|move|p2a: Tropius|Earthquake|p1a: Magnezone\n|-supereffective|p1a: Magnezone\n|-crit|p1a: Magnezone\n|-damage|p1a: Magnezone|0 fnt\n|faint|p1a: Magnezone\n|\n|upkeep\n|\n|t:|1782762282\n|switch|p1a: Misdreavus|Misdreavus, L90, F|254/254\n|turn|3\n|\n|t:|1782762291\n|move|p2a: Tropius|Dual Wingbeat|p1a: Misdreavus\n|-damage|p1a: Misdreavus|209/254\n|-damage|p1a: Misdreavus|157/254\n|-hitcount|p1a: Misdreavus|2\n|move|p1a: Misdreavus|Calm Mind|p1a: Misdreavus\n|-boost|p1a: Misdreavus|spa|1\n|-boost|p1a: Misdreavus|spd|1\n|\n|upkeep\n|turn|4\n|\n|t:|1782762301\n|move|p2a: Tropius|Dragon Dance|p2a: Tropius\n|-boost|p2a: Tropius|atk|1\n|-boost|p2a: Tropius|spe|1\n|move|p1a: Misdreavus|Will-O-Wisp|p2a: Tropius\n|-status|p2a: Tropius|brn\n|\n|-damage|p2a: Tropius|199/328 brn|[from] brn\n|upkeep\n|turn|5\n|\n|t:|1782762305\n|move|p2a: Tropius|Dual Wingbeat|p1a: Misdreavus\n|-damage|p1a: Misdreavus|125/254\n|-crit|p1a: Misdreavus\n|-damage|p1a: Misdreavus|76/254\n|-hitcount|p1a: Misdreavus|2\n|move|p1a: Misdreavus|Calm Mind|p1a: Misdreavus\n|-boost|p1a: Misdreavus|spa|1\n|-boost|p1a: Misdreavus|spd|1\n|\n|-damage|p2a: Tropius|179/328 brn|[from] brn\n|upkeep\n|turn|6\n|\n|t:|1782762314\n|move|p2a: Tropius|Dual Wingbeat|p1a: Misdreavus\n|-damage|p1a: Misdreavus|43/254\n|-damage|p1a: Misdreavus|11/254\n|-hitcount|p1a: Misdreavus|2\n|move|p1a: Misdreavus|Draining Kiss|p2a: Tropius\n|-damage|p2a: Tropius|107/328 brn\n|-heal|p1a: Misdreavus|65/254|[from] drain|[of] p2a: Tropius\n|-enditem|p2a: Tropius|Sitrus Berry|[eat]\n|-heal|p2a: Tropius|189/328 brn|[from] item: Sitrus Berry\n|\n|-damage|p2a: Tropius|169/328 brn|[from] brn\n|upkeep\n|turn|7\n|\n|t:|1782762321\n|move|p2a: Tropius|Leaf Blade|p1a: Misdreavus\n|-damage|p1a: Misdreavus|0 fnt\n|faint|p1a: Misdreavus\n|\n|-damage|p2a: Tropius|149/328 brn|[from] brn\n|upkeep\n|\n|t:|1782762321\n|switch|p1a: Palkia|Palkia, L75|259/259\n|-ability|p1a: Palkia|Pressure\n|turn|8\n|\n|t:|1782762332\n|move|p1a: Palkia|Fire Blast|p2a: Tropius\n|-supereffective|p2a: Tropius\n|-damage|p2a: Tropius|0 fnt\n|faint|p2a: Tropius\n|\n|upkeep\n|\n|t:|1782762337\n|switch|p2a: Whiscash|Whiscash, L88, M|337/337\n|turn|9\n|\n|t:|1782762340\n|move|p1a: Palkia|Fire Blast|p2a: Whiscash\n|-resisted|p2a: Whiscash\n|-damage|p2a: Whiscash|287/337\n|move|p2a: Whiscash|Stealth Rock|p1a: Palkia\n|-sidestart|p1: testbotcif|move: Stealth Rock\n|\n|-heal|p2a: Whiscash|308/337|[from] item: Leftovers\n|upkeep\n|turn|10\n|\n|t:|1782762345\n|switch|p1a: Slowbro|Slowbro-Galar, L87, M|307/307\n|-damage|p1a: Slowbro|269/307|[from] Stealth Rock\n|move|p2a: Whiscash|Spikes|p1a: Slowbro\n|-sidestart|p1: testbotcif|Spikes\n|\n|-heal|p2a: Whiscash|329/337|[from] item: Leftovers\n|upkeep\n|turn|11\n|\n|t:|1782762350\n|move|p2a: Whiscash|Spikes|p1a: Slowbro\n|-sidestart|p1: testbotcif|Spikes\n|move|p1a: Slowbro|Psychic|p2a: Whiscash\n|-damage|p2a: Whiscash|223/337\n|\n|-heal|p2a: Whiscash|244/337|[from] item: Leftovers\n|upkeep\n|turn|12\n|\n|t:|1782762355\n|move|p2a: Whiscash|Spikes|p1a: Slowbro\n|-sidestart|p1: testbotcif|Spikes\n|move|p1a: Slowbro|Psychic|p2a: Whiscash\n|-damage|p2a: Whiscash|121/337\n|\n|-heal|p2a: Whiscash|142/337|[from] item: Leftovers\n|upkeep\n|turn|13\n|\n|t:|1782762358\n|move|p2a: Whiscash|Earthquake|p1a: Slowbro\n|-supereffective|p1a: Slowbro\n|-damage|p1a: Slowbro|101/307\n|move|p1a: Slowbro|Psychic|p2a: Whiscash\n|-damage|p2a: Whiscash|31/337\n|\n|-heal|p2a: Whiscash|52/337|[from] item: Leftovers\n|upkeep\n|turn|14\n|\n|t:|1782762361\n|switch|p1a: Palkia|Palkia, L75|259/259\n|-damage|p1a: Palkia|227/259|[from] Stealth Rock\n|-damage|p1a: Palkia|163/259|[from] Spikes\n|-ability|p1a: Palkia|Pressure\n|move|p2a: Whiscash|Earthquake|p1a: Palkia\n|-damage|p1a: Palkia|61/259\n|\n|-heal|p2a: Whiscash|73/337|[from] item: Leftovers\n|upkeep\n|turn|15\n|\n|t:|1782762366\n|move|p1a: Palkia|Spacial Rend|p2a: Whiscash\n|-damage|p2a: Whiscash|0 fnt\n|faint|p2a: Whiscash\n|\n|upkeep\n|\n|t:|1782762380\n|switch|p2a: Sandy Shocks|Sandy Shocks, L80|267/267\n|turn|16\n|\n|t:|1782762384\n|move|p1a: Palkia|Spacial Rend|p2a: Sandy Shocks\n|-damage|p2a: Sandy Shocks|140/267\n|move|p2a: Sandy Shocks|Earth Power|p1a: Palkia\n|-damage|p1a: Palkia|0 fnt\n|faint|p1a: Palkia\n|\n|upkeep\n|\n|t:|1782762384\n|switch|p1a: Mudsdale|Mudsdale, L83, F|302/302\n|-damage|p1a: Mudsdale|284/302|[from] Stealth Rock\n|-damage|p1a: Mudsdale|209/302|[from] Spikes\n|turn|17\n|\n|t:|1782762397\n|-end|p2a: Sandy Shocks|Protosynthesis|[silent]\n|switch|p2a: Mesprit|Mesprit, L85|275/275\n|-terastallize|p1a: Mudsdale|Steel\n|move|p1a: Mudsdale|Earthquake|p2a: Mesprit\n|-immune|p2a: Mesprit|[from] ability: Levitate\n|\n|-heal|p1a: Mudsdale|227/302|[from] item: Leftovers\n|upkeep\n|turn|18\n|\n|t:|1782762406\n|move|p2a: Mesprit|Drain Punch|p1a: Mudsdale\n|-supereffective|p1a: Mudsdale\n|-damage|p1a: Mudsdale|115/302\n|-ability|p1a: Mudsdale|Stamina|boost\n|-boost|p1a: Mudsdale|def|1\n|move|p1a: Mudsdale|Heavy Slam|p2a: Mesprit\n|-damage|p2a: Mesprit|139/275\n|\n|-heal|p2a: Mesprit|156/275|[from] item: Leftovers\n|-heal|p1a: Mudsdale|133/302|[from] item: Leftovers\n|upkeep\n|turn|19\n|\n|t:|1782762413\n|move|p2a: Mesprit|Thunderbolt|p1a: Mudsdale\n|-damage|p1a: Mudsdale|54/302\n|-ability|p1a: Mudsdale|Stamina|boost\n|-boost|p1a: Mudsdale|def|1\n|move|p1a: Mudsdale|Heavy Slam|p2a: Mesprit\n|-damage|p2a: Mesprit|32/275\n|\n|-heal|p2a: Mesprit|49/275|[from] item: Leftovers\n|-heal|p1a: Mudsdale|72/302|[from] item: Leftovers\n|upkeep\n|turn|20\n|\n|t:|1782762417\n|move|p2a: Mesprit|Thunderbolt|p1a: Mudsdale\n|-damage|p1a: Mudsdale|0 fnt\n|faint|p1a: Mudsdale\n|\n|-heal|p2a: Mesprit|66/275|[from] item: Leftovers\n|upkeep\n|\n|t:|1782762417\n|switch|p1a: Slowbro|Slowbro-Galar, L87, M|203/307\n|-damage|p1a: Slowbro|165/307|[from] Stealth Rock\n|-damage|p1a: Slowbro|89/307|[from] Spikes\n|turn|21\n|\n|t:|1782762427\n|move|p2a: Mesprit|Psychic Noise|p1a: Slowbro\n|-damage|p1a: Slowbro|16/307\n|-start|p1a: Slowbro|move: Heal Block\n|move|p1a: Slowbro|Surf|p2a: Mesprit\n|-damage|p2a: Mesprit|10/275\n|\n|-heal|p2a: Mesprit|27/275|[from] item: Leftovers\n|upkeep\n|turn|22\n|\n|t:|1782762432\n|move|p2a: Mesprit|Psychic Noise|p1a: Slowbro\n|-damage|p1a: Slowbro|0 fnt\n|faint|p1a: Slowbro\n|\n|-heal|p2a: Mesprit|44/275|[from] item: Leftovers\n|upkeep\n|\n|t:|1782762432\n|switch|p1a: Slither Wing|Slither Wing, L81|270/270\n|-damage|p1a: Slither Wing|237/270|[from] Stealth Rock\n|-damage|p1a: Slither Wing|170/270|[from] Spikes\n|turn|23\n|\n|t:|1782762443\n|move|p1a: Slither Wing|Flare Blitz|p2a: Mesprit\n|-damage|p2a: Mesprit|0 fnt\n|faint|p2a: Mesprit\n|-damage|p1a: Slither Wing|155/270|[from] Recoil\n|\n|upkeep\n|\n|t:|1782762451\n|switch|p2a: Walking Wake|Walking Wake, L79|286/286\n|turn|24\n|\n|t:|1782762459\n|-terastallize|p2a: Walking Wake|Fire\n|move|p1a: Slither Wing|Flare Blitz|p2a: Walking Wake\n|-resisted|p2a: Walking Wake\n|-damage|p2a: Walking Wake|233/286\n|-damage|p1a: Slither Wing|138/270|[from] Recoil\n|move|p2a: Walking Wake|Flamethrower|p1a: Slither Wing\n|-supereffective|p1a: Slither Wing\n|-damage|p1a: Slither Wing|0 fnt\n|faint|p1a: Slither Wing\n|-end|p1a: Slither Wing|Protosynthesis|[silent]\n|-damage|p2a: Walking Wake|205/286|[from] item: Life Orb\n|\n|win|oklouwon\n|raw|testbotcif's rating: 1256 &rarr; <strong>1231</strong><br />(-25 for losing)\n|raw|oklouwon's rating: 1261 &rarr; <strong>1286</strong><br />(+25 for winning)\n", "inputlog": ">version f8ac14003a5f27e1bdc8d8c59608a773c1cb96e5\n>start {\"formatid\":\"gen9randombattle\",\"seed\":\"sodium,a12392ec5e05653ee11411efe52cbdf2\",\"rated\":\"Rated battle\"}\n>player p1 {\"name\":\"testbotcif\",\"avatar\":\"266\",\"rating\":1256,\"seed\":\"sodium,0aa2fd12f95c09bb7d5d7b1104e9d5fc\"}\n>player p2 {\"name\":\"oklouwon\",\"avatar\":\"elesa\",\"rating\":1261,\"seed\":\"sodium,106f53228f8072800597640b3cabad8b\"}\n>chat \u2606testbotcif|rlhf\n>p1 move flashcannon\n>p2 move dragondance\n>p1 move flashcannon\n>p2 move earthquake\n>p1 switch 6\n>p1 move calmmind\n>p2 move dualwingbeat\n>p1 move willowisp\n>p2 move dragondance\n>p1 move calmmind\n>p2 move dualwingbeat\n>p1 move drainingkiss\n>p2 move dualwingbeat\n>p1 move drainingkiss\n>p2 move leafblade\n>p1 switch 5\n>p1 move fireblast\n>p2 move leafblade\n>p2 switch 2\n>p1 move fireblast\n>p2 move stealthrock\n>p1 switch 4\n>p2 move spikes\n>p1 move psychic\n>p2 move spikes\n>p1 move psychic\n>p2 move spikes\n>p1 move psychic\n>p2 move earthquake\n>p1 switch 4\n>p2 move earthquake\n>p1 move spacialrend\n>p2 move earthquake\n>p2 switch 4\n>p1 move spacialrend\n>p2 move earthpower\n>p1 switch 2\n>p1 move earthquake terastallize\n>p2 switch 6\n>p1 move heavyslam\n>p2 move drainpunch\n>p1 move heavyslam\n>p2 move thunderbolt\n>p1 move heavyslam\n>p2 move thunderbolt\n>p1 switch 4\n>p1 move surf\n>p2 move psychicnoise\n>p1 move surf\n>p2 move psychicnoise\n>p1 switch 3\n>p1 move flareblitz\n>p2 move psychicnoise\n>p2 switch 5\n>p1 move flareblitz\n>p2 move flamethrower terastallize", "uploadtime": 1782762459, "views": 14, "formatid": "gen9randombattle", "rating": 1231, "private": 0, "password": null, "player_dets": [{"name": "testbotcif", "avatar": "266", "rating": 1256, "seed": "sodium,0aa2fd12f95c09bb7d5d7b1104e9d5fc"}, {"name": "oklouwon", "avatar": "elesa", "rating": 1261, "seed": "sodium,106f53228f8072800597640b3cabad8b"}], "teams_full": [{"Magnezone": {"name": "Magnezone", "species": "Magnezone", "speciesId": "magnezone", "gender": "N", "shiny": false, "level": 85, "moves": ["discharge", "mirrorcoat", "voltswitch", "flashcannon"], "ability": "Magnet Pull", "evs": {"hp": 85, "atk": 0, "def": 85, "spa": 85, "spd": 85, "spe": 85}, "ivs": {"hp": 31, "atk": 0, "def": 31, "spa": 31, "spd": 31, "spe": 31}, "item": "Assault Vest", "teraType": "Flying", "role": "AV Pivot", "bvs": {"hp": 70, "atk": 70, "def": 115, "spa": 130, "spd": 90, "spe": 60}, "stats": {"hp": 258, "atk": 124, "def": 244, "spa": 270, "spd": 202, "spe": 151}, "types": ["Electric", "Steel"]}, "Mudsdale": {"name": "Mudsdale", "species": "Mudsdale", "speciesId": "mudsdale", "gender": "F", "shiny": false, "level": 83, "moves": ["stoneedge", "earthquake", "heavyslam", "stealthrock"], "ability": "Stamina", "evs": {"hp": 85, "atk": 85, "def": 85, "spa": 85, "spd": 85, "spe": 85}, "ivs": {"hp": 31, "atk": 31, "def": 31, "spa": 31, "spd": 31, "spe": 31}, "item": "Leftovers", "teraType": "Steel", "role": "Bulky Attacker", "bvs": {"hp": 100, "atk": 125, "def": 100, "spa": 55, "spd": 85, "spe": 35}, "stats": {"hp": 302, "atk": 255, "def": 214, "spa": 139, "spd": 189, "spe": 106}, "types": ["Ground"]}, "Slither Wing": {"name": "Slither Wing", "species": "Slither Wing", "speciesId": "slitherwing", "gender": "N", "shiny": false, "level": 81, "moves": ["flareblitz", "closecombat", "earthquake", "wildcharge"], "ability": "Protosynthesis", "evs": {"hp": 85, "atk": 85, "def": 85, "spa": 85, "spd": 85, "spe": 85}, "ivs": {"hp": 31, "atk": 31, "def": 31, "spa": 31, "spd": 31, "spe": 31}, "item": "Choice Scarf", "teraType": "Fighting", "role": "Fast Attacker", "bvs": {"hp": 85, "atk": 135, "def": 79, "spa": 85, "spd": 105, "spe": 81}, "stats": {"hp": 270, "atk": 265, "def": 175, "spa": 184, "spd": 217, "spe": 178}, "types": ["Bug", "Fighting"]}, "Slowbro": {"name": "Slowbro", "species": "Slowbro-Galar", "speciesId": "slowbrogalar", "gender": "M", "shiny": false, "level": 87, "moves": ["surf", "foulplay", "shellsidearm", "psychic"], "ability": "Regenerator", "evs": {"hp": 85, "atk": 85, "def": 85, "spa": 85, "spd": 85, "spe": 85}, "ivs": {"hp": 31, "atk": 31, "def": 31, "spa": 31, "spd": 31, "spe": 31}, "item": "Assault Vest", "teraType": "Water", "role": "AV Pivot", "bvs": {"hp": 95, "atk": 100, "def": 95, "spa": 100, "spd": 70, "spe": 30}, "stats": {"hp": 307, "atk": 224, "def": 215, "spa": 224, "spd": 172, "spe": 102}, "types": ["Poison", "Psychic"]}, "Palkia": {"name": "Palkia", "species": "Palkia", "speciesId": "palkia", "gender": "N", "shiny": false, "level": 75, "moves": ["fireblast", "dracometeor", "spacialrend", "hydropump"], "ability": "Pressure", "evs": {"hp": 85, "atk": 0, "def": 85, "spa": 85, "spd": 85, "spe": 85}, "ivs": {"hp": 31, "atk": 0, "def": 31, "spa": 31, "spd": 31, "spe": 31}, "item": "Choice Scarf", "teraType": "Water", "role": "Fast Attacker", "bvs": {"hp": 90, "atk": 120, "def": 100, "spa": 150, "spd": 120, "spe": 100}, "stats": {"hp": 259, "atk": 185, "def": 194, "spa": 269, "spd": 224, "spe": 194}, "types": ["Water", "Dragon"]}, "Misdreavus": {"name": "Misdreavus", "species": "Misdreavus", "speciesId": "misdreavus", "gender": "F", "shiny": false, "level": 90, "moves": ["calmmind", "willowisp", "shadowball", "drainingkiss"], "ability": "Levitate", "evs": {"hp": 85, "atk": 0, "def": 85, "spa": 85, "spd": 85, "spe": 85}, "ivs": {"hp": 31, "atk": 0, "def": 31, "spa": 31, "spd": 31, "spe": 31}, "item": "Eviolite", "teraType": "Fairy", "role": "Bulky Setup", "bvs": {"hp": 60, "atk": 60, "def": 60, "spa": 85, "spd": 85, "spe": 85}, "stats": {"hp": 254, "atk": 113, "def": 159, "spa": 204, "spd": 204, "spe": 204}, "types": ["Ghost"]}}, {"Tropius": {"name": "Tropius", "species": "Tropius", "speciesId": "tropius", "gender": "F", "shiny": false, "level": 91, "moves": ["dualwingbeat", "dragondance", "leafblade", "earthquake"], "ability": "Harvest", "evs": {"hp": 85, "atk": 85, "def": 85, "spa": 85, "spd": 85, "spe": 85}, "ivs": {"hp": 31, "atk": 31, "def": 31, "spa": 31, "spd": 31, "spe": 31}, "item": "Sitrus Berry", "teraType": "Ground", "role": "Setup Sweeper", "bvs": {"hp": 99, "atk": 68, "def": 83, "spa": 72, "spd": 87, "spe": 51}, "stats": {"hp": 328, "atk": 176, "def": 203, "spa": 183, "spd": 210, "spe": 145}, "types": ["Grass", "Flying"]}, "Whiscash": {"name": "Whiscash", "species": "Whiscash", "speciesId": "whiscash", "gender": "M", "shiny": false, "level": 88, "moves": ["earthquake", "stealthrock", "icebeam", "spikes"], "ability": "Oblivious", "evs": {"hp": 85, "atk": 85, "def": 85, "spa": 85, "spd": 85, "spe": 85}, "ivs": {"hp": 31, "atk": 31, "def": 31, "spa": 31, "spd": 31, "spe": 31}, "item": "Leftovers", "teraType": "Ghost", "role": "Bulky Support", "bvs": {"hp": 110, "atk": 78, "def": 73, "spa": 76, "spd": 71, "spe": 60}, "stats": {"hp": 337, "atk": 188, "def": 179, "spa": 184, "spd": 175, "spe": 156}, "types": ["Water", "Ground"]}, "Delphox": {"name": "Delphox", "species": "Delphox", "speciesId": "delphox", "gender": "F", "shiny": false, "level": 84, "moves": ["grassknot", "nastyplot", "psyshock", "fireblast"], "ability": "Blaze", "evs": {"hp": 85, "atk": 0, "def": 85, "spa": 85, "spd": 85, "spe": 85}, "ivs": {"hp": 31, "atk": 0, "def": 31, "spa": 31, "spd": 31, "spe": 31}, "item": "Heavy-Duty Boots", "teraType": "Grass", "role": "Fast Attacker", "bvs": {"hp": 75, "atk": 69, "def": 72, "spa": 114, "spd": 100, "spe": 104}, "stats": {"hp": 263, "atk": 120, "def": 169, "spa": 240, "spd": 216, "spe": 223}, "types": ["Fire", "Psychic"]}, "Sandy Shocks": {"name": "Sandy Shocks", "species": "Sandy Shocks", "speciesId": "sandyshocks", "gender": "N", "shiny": false, "level": 80, "moves": ["earthpower", "thunderwave", "thunderbolt", "voltswitch"], "ability": "Protosynthesis", "evs": {"hp": 85, "atk": 0, "def": 85, "spa": 85, "spd": 85, "spe": 85}, "ivs": {"hp": 31, "atk": 0, "def": 31, "spa": 31, "spd": 31, "spe": 31}, "item": "Heavy-Duty Boots", "teraType": "Grass", "role": "Fast Support", "bvs": {"hp": 85, "atk": 81, "def": 97, "spa": 121, "spd": 85, "spe": 101}, "stats": {"hp": 267, "atk": 134, "def": 201, "spa": 240, "spd": 182, "spe": 208}, "types": ["Electric", "Ground"]}, "Walking Wake": {"name": "Walking Wake", "species": "Walking Wake", "speciesId": "walkingwake", "gender": "N", "shiny": false, "level": 79, "moves": ["flamethrower", "sunnyday", "hydrosteam", "dracometeor"], "ability": "Protosynthesis", "evs": {"hp": 85, "atk": 0, "def": 85, "spa": 85, "spd": 85, "spe": 85}, "ivs": {"hp": 31, "atk": 0, "def": 31, "spa": 31, "spd": 31, "spe": 31}, "item": "Life Orb", "teraType": "Fire", "role": "Fast Attacker", "bvs": {"hp": 99, "atk": 83, "def": 91, "spa": 125, "spd": 83, "spe": 109}, "stats": {"hp": 286, "atk": 136, "def": 189, "spa": 243, "spd": 177, "spe": 218}, "types": ["Water", "Dragon"]}, "Mesprit": {"name": "Mesprit", "species": "Mesprit", "speciesId": "mesprit", "gender": "N", "shiny": false, "level": 85, "moves": ["thunderbolt", "psychicnoise", "drainpunch", "thunderwave"], "ability": "Levitate", "evs": {"hp": 85, "atk": 85, "def": 85, "spa": 85, "spd": 85, "spe": 85}, "ivs": {"hp": 31, "atk": 31, "def": 31, "spa": 31, "spd": 31, "spe": 31}, "item": "Leftovers", "teraType": "Fighting", "role": "Bulky Attacker", "bvs": {"hp": 80, "atk": 105, "def": 105, "spa": 105, "spd": 105, "spe": 80}, "stats": {"hp": 275, "atk": 227, "def": 227, "spa": 227, "spd": 227, "spe": 185}, "types": ["Psychic"]}}]}