{"id": "gen9randombattle-2641461188", "format": "[Gen 9] Random Battle", "players": ["somethingmagical", "Chakraisgae"], "log": "|badge|p1|bronze|gen9randombattle|100-9\n|html|<div class=\"broadcast-red\"><strong>This battle is required to be public due to one or more player having a season medal.</strong><br />During the public phase, you can discuss the state of the ladder <a href=\"/seasondiscussion\">in a special chatroom.</a></div>\n|uhtml|medal-msg|<div class=\"broadcast-blue\">Curious what those medals under the avatar are? PS now has Ladder Seasons! For more information, check out the <a href=\"https://www.smogon.com/forums/threads/3740067/\">thread on Smogon.</a></div>\n|badge|p2|bronze|gen9randombattle|100-9\n|uhtml|medal-msg|<div class=\"broadcast-blue\">Curious what those medals under the avatar are? PS now has Ladder Seasons! For more information, check out the <a href=\"https://www.smogon.com/forums/threads/3740067/\">thread on Smogon.</a></div>\n|raw|<div class=\"broadcast-blue\"><strong>This battle is required to be public due to a player having a name starting with 'medal'.</div>\n|j|\u2606somethingmagical\n|j|\u2606Chakraisgae\n|t:|1782788333\n|gametype|singles\n|player|p1|somethingmagical|benga|2280\n|player|p2|Chakraisgae|102|2291\n|gen|9\n|tier|[Gen 9] Random Battle\n|rated|\n|rule|Species Clause: Limit one of each Pok\u00e9mon\n|rule|HP Percentage Mod: HP is shown in percentages\n|rule|Sleep Clause Mod: Limit one foe put to sleep\n|rule|Illusion Level Mod: Illusion disguises the Pok\u00e9mon's true level\n|\n|t:|1782788333\n|teamsize|p1|6\n|teamsize|p2|6\n|start\n|switch|p1a: Drednaw|Drednaw, L81, M|278/278\n|switch|p2a: Oricorio|Oricorio-Pa'u, L87, F|272/272\n|turn|1\n|inactive|Battle timer is ON: inactive players will automatically lose when time's up. (requested by Chakraisgae)\n|j| ggwillikers\n|inactive|Chakraisgae has 120 seconds left.\n|\n|t:|1782788365\n|-terastallize|p2a: Oricorio|Ground\n|move|p2a: Oricorio|Revelation Dance|p1a: Drednaw\n|-supereffective|p1a: Drednaw\n|-damage|p1a: Drednaw|30/278\n|move|p1a: Drednaw|Stone Edge|p2a: Oricorio\n|-resisted|p2a: Oricorio\n|-crit|p2a: Oricorio\n|-damage|p2a: Oricorio|176/272\n|\n|upkeep\n|turn|2\n|\n|t:|1782788379\n|move|p2a: Oricorio|Revelation Dance|p1a: Drednaw\n|-supereffective|p1a: Drednaw\n|-damage|p1a: Drednaw|0 fnt\n|faint|p1a: Drednaw\n|\n|upkeep\n|\n|t:|1782788382\n|switch|p1a: Leafeon|Leafeon, L88, F|258/258\n|turn|3\n|\n|t:|1782788395\n|switch|p2a: Grafaiai|Grafaiai, L86, M|249/249\n|move|p1a: Leafeon|Leaf Blade|p2a: Grafaiai\n|-resisted|p2a: Grafaiai\n|-damage|p2a: Grafaiai|166/249\n|-damage|p1a: Leafeon|233/258|[from] item: Life Orb\n|\n|upkeep\n|turn|4\n|\n|t:|1782788403\n|switch|p1a: Duraludon|Duraludon, L82, M|249/249\n|move|p2a: Grafaiai|Swords Dance|p2a: Grafaiai\n|-boost|p2a: Grafaiai|atk|2\n|\n|upkeep\n|turn|5\n|\n|t:|1782788410\n|switch|p2a: Registeel|Registeel, L81|262/262\n|move|p1a: Duraludon|Draco Meteor|p2a: Registeel\n|-resisted|p2a: Registeel\n|-damage|p2a: Registeel|213/262\n|-unboost|p1a: Duraludon|spa|2\n|\n|-heal|p2a: Registeel|229/262|[from] item: Leftovers\n|upkeep\n|turn|6\n|\n|t:|1782788416\n|move|p1a: Duraludon|Iron Defense|p1a: Duraludon\n|-boost|p1a: Duraludon|def|2\n|move|p2a: Registeel|Stealth Rock|p1a: Duraludon\n|-sidestart|p1: somethingmagical|move: Stealth Rock\n|\n|-heal|p2a: Registeel|245/262|[from] item: Leftovers\n|upkeep\n|turn|7\n|\n|t:|1782788421\n|move|p1a: Duraludon|Body Press|p2a: Registeel\n|-supereffective|p2a: Registeel\n|-damage|p2a: Registeel|73/262\n|move|p2a: Registeel|Thunder Wave|p1a: Duraludon\n|-status|p1a: Duraludon|par\n|\n|-heal|p2a: Registeel|89/262|[from] item: Leftovers\n|upkeep\n|turn|8\n|\n|t:|1782788437\n|move|p2a: Registeel|Body Press|p1a: Duraludon\n|-supereffective|p1a: Duraludon\n|-damage|p1a: Duraludon|209/249 par\n|cant|p1a: Duraludon|par\n|\n|-heal|p2a: Registeel|105/262|[from] item: Leftovers\n|upkeep\n|turn|9\n|\n|t:|1782788446\n|move|p2a: Registeel|Body Press|p1a: Duraludon\n|-supereffective|p1a: Duraludon\n|-damage|p1a: Duraludon|167/249 par\n|move|p1a: Duraludon|Body Press|p2a: Registeel\n|-supereffective|p2a: Registeel\n|-damage|p2a: Registeel|0 fnt\n|faint|p2a: Registeel\n|\n|upkeep\n|\n|t:|1782788450\n|switch|p2a: Oricorio|Oricorio-Pa'u, L87, F, tera:Ground|176/272\n|turn|10\n|\n|t:|1782788458\n|move|p2a: Oricorio|Hurricane|p1a: Duraludon\n|-resisted|p1a: Duraludon\n|-damage|p1a: Duraludon|103/249 par\n|cant|p1a: Duraludon|par\n|\n|upkeep\n|turn|11\n|\n|t:|1782788463\n|switch|p1a: Leafeon|Leafeon, L88, F|233/258\n|-damage|p1a: Leafeon|201/258|[from] Stealth Rock\n|move|p2a: Oricorio|Revelation Dance|p1a: Leafeon\n|-resisted|p1a: Leafeon\n|-damage|p1a: Leafeon|145/258\n|\n|upkeep\n|turn|12\n|\n|t:|1782788475\n|switch|p2a: Grafaiai|Grafaiai, L86, M|166/249\n|move|p1a: Leafeon|Double-Edge|p2a: Grafaiai\n|-damage|p2a: Grafaiai|9/249\n|-damage|p1a: Leafeon|93/258|[from] Recoil\n|-damage|p1a: Leafeon|68/258|[from] item: Life Orb\n|\n|upkeep\n|turn|13\n|\n|t:|1782788481\n|switch|p1a: Duraludon|Duraludon, L82, M|103/249 par\n|-damage|p1a: Duraludon|88/249 par|[from] Stealth Rock\n|move|p2a: Grafaiai|Knock Off|p1a: Duraludon\n|-damage|p1a: Duraludon|39/249 par\n|-enditem|p1a: Duraludon|Eviolite|[from] move: Knock Off|[of] p2a: Grafaiai\n|-damage|p2a: Grafaiai|0 fnt|[from] item: Life Orb\n|faint|p2a: Grafaiai\n|\n|upkeep\n|\n|t:|1782788489\n|switch|p2a: Oricorio|Oricorio-Pa'u, L87, F, tera:Ground|176/272\n|turn|14\n|\n|t:|1782788491\n|switch|p1a: Kingdra|Kingdra, L84, M|263/263\n|-damage|p1a: Kingdra|231/263|[from] Stealth Rock\n|move|p2a: Oricorio|Quiver Dance|p2a: Oricorio\n|-boost|p2a: Oricorio|spa|1\n|-boost|p2a: Oricorio|spd|1\n|-boost|p2a: Oricorio|spe|1\n|\n|upkeep\n|turn|15\n|\n|t:|1782788504\n|switch|p2a: Mew|Mew, L82|298/298\n|move|p1a: Kingdra|Rain Dance|p1a: Kingdra\n|-weather|RainDance\n|\n|-weather|RainDance|[upkeep]\n|upkeep\n|turn|16\n|\n|t:|1782788510\n|-terastallize|p1a: Kingdra|Water\n|move|p1a: Kingdra|Wave Crash|p2a: Mew\n|-damage|p2a: Mew|17/298\n|-damage|p1a: Kingdra|138/263|[from] Recoil\n|-damage|p1a: Kingdra|112/263|[from] item: Life Orb\n|move|p2a: Mew|Psychic Fangs|p1a: Kingdra\n|-damage|p1a: Kingdra|2/263\n|-damage|p2a: Mew|0 fnt|[from] item: Life Orb\n|faint|p2a: Mew\n|\n|-weather|RainDance|[upkeep]\n|upkeep\n|\n|t:|1782788516\n|switch|p2a: Orthworm|Orthworm, L88, F|266/266\n|turn|17\n|\n|t:|1782788519\n|move|p1a: Kingdra|Wave Crash|p2a: Orthworm\n|-damage|p2a: Orthworm|42/266\n|-damage|p1a: Kingdra|0 fnt|[from] Recoil\n|faint|p1a: Kingdra\n|move|p2a: Orthworm|Rest|p2a: Orthworm\n|-status|p2a: Orthworm|slp|[from] move: Rest\n|-heal|p2a: Orthworm|266/266 slp|[silent]\n|-enditem|p2a: Orthworm|Chesto Berry|[eat]\n|-curestatus|p2a: Orthworm|slp|[msg]\n|\n|-weather|RainDance|[upkeep]\n|upkeep\n|\n|t:|1782788527\n|switch|p1a: Scovillain|Scovillain, L91, M|266/266\n|turn|18\n|\n|t:|1782788533\n|move|p1a: Scovillain|Sunny Day|p1a: Scovillain\n|-weather|SunnyDay\n|move|p2a: Orthworm|Body Press|p1a: Scovillain\n|-damage|p1a: Scovillain|163/266\n|\n|-weather|SunnyDay|[upkeep]\n|upkeep\n|turn|19\n|\n|t:|1782788538\n|move|p1a: Scovillain|Fire Blast|p2a: Orthworm\n|-supereffective|p2a: Orthworm\n|-damage|p2a: Orthworm|0 fnt\n|faint|p2a: Orthworm\n|\n|-weather|SunnyDay|[upkeep]\n|upkeep\n|\n|t:|1782788546\n|switch|p2a: Maushold|Maushold-Four, L76|238/238\n|turn|20\n|\n|t:|1782788567\n|switch|p2a: Oricorio|Oricorio-Pa'u, L87, F, tera:Ground|176/272\n|move|p1a: Scovillain|Fire Blast|p2a: Oricorio|[miss]\n|-miss|p1a: Scovillain|p2a: Oricorio\n|\n|-weather|SunnyDay|[upkeep]\n|upkeep\n|turn|21\n|\n|t:|1782788572\n|move|p1a: Scovillain|Energy Ball|p2a: Oricorio\n|-supereffective|p2a: Oricorio\n|-damage|p2a: Oricorio|0 fnt\n|faint|p2a: Oricorio\n|\n|-weather|SunnyDay|[upkeep]\n|upkeep\n|\n|t:|1782788575\n|switch|p2a: Maushold|Maushold-Four, L76|238/238\n|turn|22\n|\n|t:|1782788578\n|move|p1a: Scovillain|Fire Blast|p2a: Maushold|[miss]\n|-miss|p1a: Scovillain|p2a: Maushold\n|move|p2a: Maushold|Tidy Up|p2a: Maushold\n|-sideend|p1: somethingmagical|Stealth Rock\n|-activate|p2a: Maushold|move: Tidy Up\n|-boost|p2a: Maushold|atk|1\n|-boost|p2a: Maushold|spe|1\n|\n|-weather|none\n|upkeep\n|turn|23\n|\n|t:|1782788584\n|move|p2a: Maushold|Population Bomb|p1a: Scovillain\n|-damage|p1a: Scovillain|124/266\n|-damage|p1a: Scovillain|82/266\n|-damage|p1a: Scovillain|43/266\n|-damage|p1a: Scovillain|3/266\n|-damage|p1a: Scovillain|0 fnt\n|faint|p1a: Scovillain\n|-hitcount|p1: Scovillain|5\n|\n|upkeep\n|\n|t:|1782788587\n|switch|p1a: Ursaluna|Ursaluna-Bloodmoon, L79, M|308/308\n|turn|24\n|\n|t:|1782788591\n|move|p2a: Maushold|Population Bomb|p1a: Ursaluna\n|-damage|p1a: Ursaluna|281/308\n|-damage|p1a: Ursaluna|251/308\n|-damage|p1a: Ursaluna|221/308\n|-damage|p1a: Ursaluna|194/308\n|-damage|p1a: Ursaluna|163/308\n|-damage|p1a: Ursaluna|133/308\n|-damage|p1a: Ursaluna|103/308\n|-damage|p1a: Ursaluna|73/308\n|-crit|p1a: Ursaluna\n|-damage|p1a: Ursaluna|34/308\n|-damage|p1a: Ursaluna|7/308\n|-hitcount|p1a: Ursaluna|10\n|move|p1a: Ursaluna|Blood Moon|p2a: Maushold\n|-damage|p2a: Maushold|39/238\n|\n|-heal|p1a: Ursaluna|26/308|[from] item: Leftovers\n|upkeep\n|turn|25\n|\n|t:|1782788598\n|move|p2a: Maushold|Bite|p1a: Ursaluna\n|-damage|p1a: Ursaluna|0 fnt\n|faint|p1a: Ursaluna\n|\n|upkeep\n|\n|t:|1782788600\n|switch|p1a: Leafeon|Leafeon, L88, F|68/258\n|turn|26\n|\n|t:|1782788614\n|move|p2a: Maushold|Population Bomb|p1a: Leafeon\n|-damage|p1a: Leafeon|44/258\n|-damage|p1a: Leafeon|20/258\n|-damage|p1a: Leafeon|0 fnt\n|faint|p1a: Leafeon\n|-hitcount|p1: Leafeon|3\n|\n|upkeep\n|\n|t:|1782788617\n|switch|p1a: Duraludon|Duraludon, L82, M|39/249 par\n|turn|27\n|\n|t:|1782788620\n|move|p2a: Maushold|Bite|p1a: Duraludon\n|-damage|p1a: Duraludon|0 fnt\n|faint|p1a: Duraludon\n|\n|win|Chakraisgae\n", "inputlog": ">version f8ac14003a5f27e1bdc8d8c59608a773c1cb96e5\n>start {\"formatid\":\"gen9randombattle\",\"seed\":\"sodium,799a2ad626700c9c93593d29ba96db0d\",\"rated\":\"Rated battle\"}\n>player p1 {\"name\":\"somethingmagical\",\"avatar\":\"benga\",\"rating\":2280,\"seed\":\"sodium,3f7874194239da2f4dd121b8ddc9d6dc\"}\n>player p2 {\"name\":\"Chakraisgae\",\"avatar\":\"102\",\"rating\":2291,\"seed\":\"sodium,ef741166aa092e469947a3bbe910e3b4\"}\n>p1 move stoneedge\n>p2 move revelationdance terastallize\n>p1 move liquidation\n>p2 move revelationdance\n>p1 switch 5\n>p1 move leafblade\n>p2 switch 2\n>p1 switch 3\n>p2 move swordsdance\n>p1 move dracometeor\n>p2 switch 5\n>p1 move irondefense\n>p2 move stealthrock\n>p1 move bodypress\n>p2 move thunderwave\n>p1 move bodypress\n>p2 move bodypress\n>p1 move bodypress\n>p2 move bodypress\n>p2 switch 2\n>p1 move bodypress\n>p2 move hurricane\n>p1 switch 3\n>p2 move revelationdance\n>p1 move doubleedge\n>p2 switch 5\n>p1 switch 3\n>p2 move knockoff\n>p2 switch 5\n>p1 switch 2\n>p2 move quiverdance\n>p1 move raindance\n>p2 switch 4\n>p1 move wavecrash terastallize\n>p2 move psychicfangs\n>p2 switch 3\n>p1 move wavecrash\n>p2 move rest\n>p1 switch 6\n>p1 move sunnyday\n>p2 move bodypress\n>p1 move fireblast\n>p2 move bodypress\n>p2 switch 6\n>p1 move fireblast\n>p2 switch 4\n>p1 move energyball\n>p2 move quiverdance\n>p2 switch 4\n>p1 move fireblast\n>p2 move tidyup\n>p1 move fireblast\n>p2 move populationbomb\n>p1 switch 4\n>p1 move bloodmoon\n>p2 move populationbomb\n>p1 move earthpower\n>p2 move bite\n>p1 switch 3\n>p1 move leafblade\n>p2 move populationbomb\n>p1 switch 2\n>p1 move bodypress\n>p2 move bite", "uploadtime": 1782788334, "views": 4, "formatid": "gen9randombattle", "rating": null, "private": 0, "password": null, "player_dets": [{"name": "somethingmagical", "avatar": "benga", "rating": 2280, "seed": "sodium,3f7874194239da2f4dd121b8ddc9d6dc"}, {"name": "Chakraisgae", "avatar": "102", "rating": 2291, "seed": "sodium,ef741166aa092e469947a3bbe910e3b4"}], "teams_full": [{"Drednaw": {"name": "Drednaw", "species": "Drednaw", "speciesId": "drednaw", "gender": "M", "shiny": false, "level": 81, "moves": ["earthquake", "shellsmash", "stoneedge", "liquidation"], "ability": "Shell Armor", "evs": {"hp": 85, "atk": 85, "def": 85, "spa": 85, "spd": 85, "spe": 85}, "ivs": {"hp": 31, "atk": 31, "def": 31, "spa": 31, "spd": 31, "spe": 31}, "item": "White Herb", "teraType": "Ground", "role": "Fast Bulky Setup", "bvs": {"hp": 90, "atk": 115, "def": 90, "spa": 48, "spd": 68, "spe": 74}, "stats": {"hp": 278, "atk": 233, "def": 192, "spa": 124, "spd": 157, "spe": 167}, "types": ["Water", "Rock"]}, "Kingdra": {"name": "Kingdra", "species": "Kingdra", "speciesId": "kingdra", "gender": "M", "shiny": false, "level": 84, "moves": ["dracometeor", "hurricane", "raindance", "wavecrash"], "ability": "Swift Swim", "evs": {"hp": 85, "atk": 85, "def": 85, "spa": 85, "spd": 85, "spe": 85}, "ivs": {"hp": 31, "atk": 31, "def": 31, "spa": 31, "spd": 31, "spe": 31}, "item": "Life Orb", "teraType": "Water", "role": "Fast Attacker", "bvs": {"hp": 75, "atk": 95, "def": 95, "spa": 95, "spd": 95, "spe": 85}, "stats": {"hp": 263, "atk": 208, "def": 208, "spa": 208, "spd": 208, "spe": 191}, "types": ["Water", "Dragon"]}, "Duraludon": {"name": "Duraludon", "species": "Duraludon", "speciesId": "duraludon", "gender": "M", "shiny": false, "level": 82, "moves": ["irondefense", "bodypress", "flashcannon", "dracometeor"], "ability": "Light Metal", "evs": {"hp": 85, "atk": 0, "def": 85, "spa": 85, "spd": 85, "spe": 85}, "ivs": {"hp": 31, "atk": 0, "def": 31, "spa": 31, "spd": 31, "spe": 31}, "item": "Eviolite", "teraType": "Fighting", "role": "Bulky Attacker", "bvs": {"hp": 70, "atk": 95, "def": 115, "spa": 120, "spd": 50, "spe": 85}, "stats": {"hp": 249, "atk": 160, "def": 236, "spa": 244, "spd": 129, "spe": 187}, "types": ["Steel", "Dragon"]}, "Ursaluna": {"name": "Ursaluna", "species": "Ursaluna-Bloodmoon", "speciesId": "ursalunabloodmoon", "gender": "M", "shiny": false, "level": 79, "moves": ["earthpower", "moonlight", "bloodmoon", "calmmind"], "ability": "Mind's Eye", "evs": {"hp": 85, "atk": 0, "def": 85, "spa": 85, "spd": 85, "spe": 85}, "ivs": {"hp": 31, "atk": 0, "def": 31, "spa": 31, "spd": 31, "spe": 31}, "item": "Leftovers", "teraType": "Poison", "role": "Bulky Attacker", "bvs": {"hp": 113, "atk": 70, "def": 120, "spa": 135, "spd": 65, "spe": 52}, "stats": {"hp": 308, "atk": 115, "def": 235, "spa": 259, "spd": 148, "spe": 128}, "types": ["Ground", "Normal"]}, "Leafeon": {"name": "Leafeon", "species": "Leafeon", "speciesId": "leafeon", "gender": "F", "shiny": false, "level": 88, "moves": ["swordsdance", "knockoff", "doubleedge", "leafblade"], "ability": "Chlorophyll", "evs": {"hp": 85, "atk": 85, "def": 85, "spa": 85, "spd": 85, "spe": 85}, "ivs": {"hp": 31, "atk": 31, "def": 31, "spa": 31, "spd": 31, "spe": 31}, "item": "Life Orb", "teraType": "Dark", "role": "Setup Sweeper", "bvs": {"hp": 65, "atk": 110, "def": 130, "spa": 60, "spd": 65, "spe": 95}, "stats": {"hp": 258, "atk": 244, "def": 279, "spa": 156, "spd": 165, "spe": 217}, "types": ["Grass"]}, "Scovillain": {"name": "Scovillain", "species": "Scovillain", "speciesId": "scovillain", "gender": "M", "shiny": false, "level": 91, "moves": ["stompingtantrum", "sunnyday", "energyball", "fireblast"], "ability": "Chlorophyll", "evs": {"hp": 85, "atk": 85, "def": 85, "spa": 85, "spd": 85, "spe": 85}, "ivs": {"hp": 31, "atk": 31, "def": 31, "spa": 31, "spd": 31, "spe": 31}, "item": "Heavy-Duty Boots", "teraType": "Fire", "role": "Wallbreaker", "bvs": {"hp": 65, "atk": 108, "def": 65, "spa": 108, "spd": 65, "spe": 75}, "stats": {"hp": 266, "atk": 248, "def": 170, "spa": 248, "spd": 170, "spe": 188}, "types": ["Grass", "Fire"]}}, {"Oricorio": {"name": "Oricorio", "species": "Oricorio-Pa'u", "speciesId": "oricoriopau", "gender": "F", "shiny": false, "level": 87, "moves": ["roost", "hurricane", "quiverdance", "revelationdance"], "ability": "Dancer", "evs": {"hp": 85, "atk": 0, "def": 85, "spa": 85, "spd": 85, "spe": 85}, "ivs": {"hp": 31, "atk": 0, "def": 31, "spa": 31, "spd": 31, "spe": 31}, "item": "Heavy-Duty Boots", "teraType": "Ground", "role": "Setup Sweeper", "bvs": {"hp": 75, "atk": 70, "def": 70, "spa": 98, "spd": 70, "spe": 93}, "stats": {"hp": 272, "atk": 126, "def": 172, "spa": 220, "spd": 172, "spe": 212}, "types": ["Psychic", "Flying"]}, "Grafaiai": {"name": "Grafaiai", "species": "Grafaiai", "speciesId": "grafaiai", "gender": "M", "shiny": false, "level": 86, "moves": ["gunkshot", "knockoff", "lowkick", "swordsdance"], "ability": "Poison Touch", "evs": {"hp": 85, "atk": 85, "def": 85, "spa": 85, "spd": 85, "spe": 85}, "ivs": {"hp": 31, "atk": 31, "def": 31, "spa": 31, "spd": 31, "spe": 31}, "item": "Life Orb", "teraType": "Dark", "role": "Setup Sweeper", "bvs": {"hp": 63, "atk": 95, "def": 65, "spa": 80, "spd": 72, "spe": 110}, "stats": {"hp": 249, "atk": 213, "def": 161, "spa": 187, "spd": 173, "spe": 238}, "types": ["Poison", "Normal"]}, "Orthworm": {"name": "Orthworm", "species": "Orthworm", "speciesId": "orthworm", "gender": "F", "shiny": false, "level": 88, "moves": ["irontail", "rest", "coil", "bodypress"], "ability": "Earth Eater", "evs": {"hp": 85, "atk": 85, "def": 85, "spa": 85, "spd": 85, "spe": 85}, "ivs": {"hp": 31, "atk": 31, "def": 31, "spa": 31, "spd": 31, "spe": 31}, "item": "Chesto Berry", "teraType": "Electric", "role": "Bulky Setup", "bvs": {"hp": 70, "atk": 85, "def": 145, "spa": 60, "spd": 55, "spe": 65}, "stats": {"hp": 266, "atk": 200, "def": 305, "spa": 156, "spd": 147, "spe": 165}, "types": ["Steel"]}, "Mew": {"name": "Mew", "species": "Mew", "speciesId": "mew", "gender": "N", "shiny": false, "level": 82, "moves": ["psychicfangs", "leechlife", "swordsdance", "closecombat"], "ability": "Synchronize", "evs": {"hp": 85, "atk": 85, "def": 85, "spa": 85, "spd": 85, "spe": 85}, "ivs": {"hp": 31, "atk": 31, "def": 31, "spa": 31, "spd": 31, "spe": 31}, "item": "Life Orb", "teraType": "Fighting", "role": "Setup Sweeper", "bvs": {"hp": 100, "atk": 100, "def": 100, "spa": 100, "spd": 100, "spe": 100}, "stats": {"hp": 298, "atk": 211, "def": 211, "spa": 211, "spd": 211, "spe": 211}, "types": ["Psychic"]}, "Registeel": {"name": "Registeel", "species": "Registeel", "speciesId": "registeel", "gender": "N", "shiny": false, "level": 81, "moves": ["ironhead", "stealthrock", "thunderwave", "bodypress"], "ability": "Clear Body", "evs": {"hp": 85, "atk": 85, "def": 85, "spa": 85, "spd": 85, "spe": 85}, "ivs": {"hp": 31, "atk": 31, "def": 31, "spa": 31, "spd": 31, "spe": 31}, "item": "Leftovers", "teraType": "Fighting", "role": "Bulky Support", "bvs": {"hp": 80, "atk": 75, "def": 150, "spa": 75, "spd": 150, "spe": 50}, "stats": {"hp": 262, "atk": 168, "def": 290, "spa": 168, "spd": 290, "spe": 128}, "types": ["Steel"]}, "Maushold": {"name": "Maushold", "species": "Maushold-Four", "speciesId": "maushold", "gender": "N", "shiny": false, "level": 76, "moves": ["tidyup", "encore", "bite", "populationbomb"], "ability": "Technician", "evs": {"hp": 85, "atk": 85, "def": 85, "spa": 85, "spd": 85, "spe": 85}, "ivs": {"hp": 31, "atk": 31, "def": 31, "spa": 31, "spd": 31, "spe": 31}, "item": "Wide Lens", "teraType": "Normal", "role": "Setup Sweeper", "bvs": {"hp": 74, "atk": 75, "def": 70, "spa": 65, "spd": 75, "spe": 111}, "stats": {"hp": 238, "atk": 158, "def": 150, "spa": 143, "spd": 158, "spe": 213}, "types": ["Normal"]}}]}