{"id": "gen9randombattle-2641335652", "format": "[Gen 9] Random Battle", "players": ["Borgatron9000", "jugandoengestion"], "log": "|j|\u2606Borgatron9000\n|j|\u2606jugandoengestion\n|t:|1782769453\n|gametype|singles\n|player|p1|Borgatron9000|fisherman-gen4|1501\n|player|p2|jugandoengestion|2|1500\n|gen|9\n|tier|[Gen 9] Random Battle\n|rated|\n|rule|Species Clause: Limit one of each Pok\u00e9mon\n|rule|HP Percentage Mod: HP is shown in percentages\n|rule|Sleep Clause Mod: Limit one foe put to sleep\n|rule|Illusion Level Mod: Illusion disguises the Pok\u00e9mon's true level\n|\n|t:|1782769453\n|teamsize|p1|6\n|teamsize|p2|6\n|start\n|switch|p1a: Glalie|Glalie, L96, F|309/309\n|switch|p2a: Forretress|Forretress, L84, M|263/263\n|turn|1\n|\n|t:|1782769465\n|move|p1a: Glalie|Taunt|p2a: Forretress\n|-start|p2a: Forretress|move: Taunt\n|cant|p2a: Forretress|move: Taunt|Stealth Rock\n|\n|upkeep\n|turn|2\n|\n|t:|1782769484\n|move|p1a: Glalie|Spikes|p2a: Forretress\n|-sidestart|p2: jugandoengestion|Spikes\n|move|p2a: Forretress|Body Press|p1a: Glalie\n|-supereffective|p1a: Glalie\n|-damage|p1a: Glalie|167/309\n|\n|upkeep\n|turn|3\n|\n|t:|1782769492\n|move|p1a: Glalie|Spikes|p2a: Forretress\n|-sidestart|p2: jugandoengestion|Spikes\n|move|p2a: Forretress|Body Press|p1a: Glalie\n|-supereffective|p1a: Glalie\n|-damage|p1a: Glalie|23/309\n|\n|-end|p2a: Forretress|move: Taunt\n|upkeep\n|turn|4\n|\n|t:|1782769499\n|move|p1a: Glalie|Taunt|p2a: Forretress\n|-start|p2a: Forretress|move: Taunt\n|move|p2a: Forretress|Rapid Spin|p1a: Glalie\n|-damage|p1a: Glalie|0 fnt\n|-boost|p2a: Forretress|spe|1\n|-sideend|p2: jugandoengestion|Spikes|[from] move: Rapid Spin|[of] p2a: Forretress\n|faint|p1a: Glalie\n|\n|upkeep\n|inactive|Battle timer is ON: inactive players will automatically lose when time's up. (requested by jugandoengestion)\n|\n|t:|1782769551\n|switch|p1a: Bellossom|Bellossom, L84, F|263/263\n|turn|5\n|\n|t:|1782769572\n|switch|p2a: Tornadus|Tornadus-Therian, L79, M|254/254\n|move|p1a: Bellossom|Quiver Dance|p1a: Bellossom\n|-boost|p1a: Bellossom|spa|1\n|-boost|p1a: Bellossom|spd|1\n|-boost|p1a: Bellossom|spe|1\n|\n|upkeep\n|turn|6\n|\n|t:|1782769590\n|-terastallize|p1a: Bellossom|Fire\n|move|p2a: Tornadus|Bleakwind Storm|p1a: Bellossom\n|-damage|p1a: Bellossom|173/263\n|-unboost|p1a: Bellossom|spe|1\n|move|p1a: Bellossom|Quiver Dance|p1a: Bellossom\n|-boost|p1a: Bellossom|spa|1\n|-boost|p1a: Bellossom|spd|1\n|-boost|p1a: Bellossom|spe|1\n|\n|-heal|p1a: Bellossom|189/263|[from] item: Leftovers\n|upkeep\n|turn|7\n|\n|t:|1782769605\n|move|p2a: Tornadus|Bleakwind Storm|p1a: Bellossom\n|-damage|p1a: Bellossom|120/263\n|move|p1a: Bellossom|Quiver Dance|p1a: Bellossom\n|-boost|p1a: Bellossom|spa|1\n|-boost|p1a: Bellossom|spd|1\n|-boost|p1a: Bellossom|spe|1\n|\n|-heal|p1a: Bellossom|136/263|[from] item: Leftovers\n|upkeep\n|turn|8\n|\n|t:|1782769630\n|move|p1a: Bellossom|Tera Blast|p2a: Tornadus|[anim] Tera Blast Fire\n|-damage|p2a: Tornadus|29/254\n|move|p2a: Tornadus|Bleakwind Storm|p1a: Bellossom\n|-damage|p1a: Bellossom|78/263\n|\n|-heal|p1a: Bellossom|94/263|[from] item: Leftovers\n|upkeep\n|turn|9\n|\n|t:|1782769641\n|switch|p2a: Volcanion|Volcanion, L79|255/255\n|move|p1a: Bellossom|Tera Blast|p2a: Volcanion|[anim] Tera Blast Fire\n|-resisted|p2a: Volcanion\n|-damage|p2a: Volcanion|218/255\n|\n|-heal|p1a: Bellossom|110/263|[from] item: Leftovers\n|upkeep\n|turn|10\n|\n|t:|1782769646\n|move|p1a: Bellossom|Strength Sap|p2a: Volcanion\n|-unboost|p2a: Volcanion|atk|1\n|-heal|p1a: Bellossom|263/263\n|move|p2a: Volcanion|Steam Eruption|p1a: Bellossom\n|-supereffective|p1a: Bellossom\n|-crit|p1a: Bellossom\n|-damage|p1a: Bellossom|0 fnt\n|faint|p1a: Bellossom\n|\n|upkeep\n|\n|t:|1782769663\n|switch|p1a: Landorus|Landorus, L75, M|257/257\n|turn|11\n|\n|t:|1782769667\n|switch|p2a: Tornadus|Tornadus-Therian, L79, M|113/254\n|move|p1a: Landorus|Earth Power|p2a: Tornadus\n|-immune|p2a: Tornadus\n|\n|upkeep\n|turn|12\n|\n|t:|1782769673\n|move|p2a: Tornadus|U-turn|p1a: Landorus\n|-resisted|p1a: Landorus\n|-damage|p1a: Landorus|232/257\n|\n|t:|1782769679\n|switch|p2a: Forretress|Forretress, L84, M|263/263|[from] U-turn\n|move|p1a: Landorus|Rock Slide|p2a: Forretress\n|-damage|p2a: Forretress|202/263\n|\n|-heal|p2a: Forretress|218/263|[from] item: Leftovers\n|upkeep\n|turn|13\n|\n|t:|1782769693\n|move|p1a: Landorus|Earth Power|p2a: Forretress\n|-damage|p2a: Forretress|18/263\n|move|p2a: Forretress|Stealth Rock|p1a: Landorus\n|-sidestart|p1: Borgatron9000|move: Stealth Rock\n|\n|-heal|p2a: Forretress|34/263|[from] item: Leftovers\n|upkeep\n|turn|14\n|\n|t:|1782769707\n|move|p1a: Landorus|Rock Slide|p2a: Forretress\n|-crit|p2a: Forretress\n|-damage|p2a: Forretress|0 fnt\n|faint|p2a: Forretress\n|\n|upkeep\n|\n|t:|1782769727\n|switch|p2a: Hydreigon|Hydreigon, L79, M|275/275\n|turn|15\n|\n|t:|1782769755\n|switch|p1a: Darkrai|Darkrai, L77|234/234\n|-damage|p1a: Darkrai|205/234|[from] Stealth Rock\n|move|p2a: Hydreigon|Dark Pulse|p1a: Darkrai\n|-resisted|p1a: Darkrai\n|-damage|p1a: Darkrai|139/234\n|-damage|p2a: Hydreigon|248/275|[from] item: Life Orb\n|\n|-heal|p1a: Darkrai|153/234|[from] item: Leftovers\n|upkeep\n|turn|16\n|inactive|Borgatron9000 has 120 seconds left.\n|\n|t:|1782769780\n|switch|p2a: Tornadus|Tornadus-Therian, L79, M|197/254\n|move|p1a: Darkrai|Sludge Bomb|p2a: Tornadus\n|-crit|p2a: Tornadus\n|-damage|p2a: Tornadus|97/254\n|\n|-heal|p1a: Darkrai|167/234|[from] item: Leftovers\n|upkeep\n|turn|17\n|inactive|Borgatron9000 has 120 seconds left.\n|\n|t:|1782769792\n|move|p2a: Tornadus|U-turn|p1a: Darkrai\n|-supereffective|p1a: Darkrai\n|-crit|p1a: Darkrai\n|-damage|p1a: Darkrai|23/234\n|\n|t:|1782769800\n|switch|p2a: Hydreigon|Hydreigon, L79, M|248/275|[from] U-turn\n|move|p1a: Darkrai|Dark Pulse|p2a: Hydreigon\n|-resisted|p2a: Hydreigon\n|-damage|p2a: Hydreigon|198/275\n|\n|-heal|p1a: Darkrai|37/234|[from] item: Leftovers\n|upkeep\n|turn|18\n|\n|t:|1782769806\n|move|p1a: Darkrai|Sludge Bomb|p2a: Hydreigon\n|-damage|p2a: Hydreigon|130/275\n|move|p2a: Hydreigon|Flash Cannon|p1a: Darkrai\n|-damage|p1a: Darkrai|0 fnt\n|faint|p1a: Darkrai\n|-damage|p2a: Hydreigon|103/275|[from] item: Life Orb\n|\n|upkeep\n|\n|t:|1782769815\n|switch|p1a: Mightyena|Mightyena, L96, F|290/290\n|-damage|p1a: Mightyena|254/290|[from] Stealth Rock\n|-ability|p1a: Mightyena|Intimidate|boost\n|-unboost|p2a: Hydreigon|atk|1\n|turn|19\n|\n|t:|1782769822\n|move|p2a: Hydreigon|Draco Meteor|p1a: Mightyena\n|-crit|p1a: Mightyena\n|-damage|p1a: Mightyena|0 fnt\n|-unboost|p2a: Hydreigon|spa|2\n|faint|p1a: Mightyena\n|-damage|p2a: Hydreigon|76/275|[from] item: Life Orb\n|\n|upkeep\n|\n|t:|1782769835\n|switch|p1a: Kommo-o|Kommo-o, L78, F|245/245\n|-damage|p1a: Kommo-o|230/245|[from] Stealth Rock\n|turn|20\n|inactive|Borgatron9000 has 120 seconds left.\n|\n|t:|1782769852\n|move|p2a: Hydreigon|Draco Meteor|p1a: Kommo-o\n|-supereffective|p1a: Kommo-o\n|-damage|p1a: Kommo-o|35/245\n|-unboost|p2a: Hydreigon|spa|2\n|-damage|p2a: Hydreigon|49/275|[from] item: Life Orb\n|move|p1a: Kommo-o|Swords Dance|p1a: Kommo-o\n|-boost|p1a: Kommo-o|atk|2\n|\n|upkeep\n|turn|21\n|\n|t:|1782769856\n|move|p2a: Hydreigon|Draco Meteor|p1a: Kommo-o\n|-supereffective|p1a: Kommo-o\n|-damage|p1a: Kommo-o|0 fnt\n|-unboost|p2a: Hydreigon|spa|2\n|faint|p1a: Kommo-o\n|-damage|p2a: Hydreigon|22/275|[from] item: Life Orb\n|\n|upkeep\n|\n|t:|1782769857\n|switch|p1a: Landorus|Landorus, L75, M|232/257\n|-damage|p1a: Landorus|200/257|[from] Stealth Rock\n|turn|22\n|\n|t:|1782769863\n|move|p2a: Hydreigon|Draco Meteor|p1a: Landorus\n|-damage|p1a: Landorus|138/257\n|-damage|p2a: Hydreigon|0 fnt|[from] item: Life Orb\n|faint|p2a: Hydreigon\n|move|p1a: Landorus|Rock Slide|p2: Hydreigon|[notarget]\n|-fail|p1a: Landorus\n|\n|upkeep\n|\n|t:|1782769869\n|switch|p2a: Volcanion|Volcanion, L79|218/255\n|turn|23\n|\n|t:|1782769872\n|move|p1a: Landorus|Earth Power|p2a: Volcanion\n|-supereffective|p2a: Volcanion\n|-damage|p2a: Volcanion|7/255\n|move|p2a: Volcanion|Steam Eruption|p1a: Landorus\n|-supereffective|p1a: Landorus\n|-crit|p1a: Landorus\n|-damage|p1a: Landorus|0 fnt\n|faint|p1a: Landorus\n|\n|win|jugandoengestion\n|raw|Borgatron9000's rating: 1501 &rarr; <strong>1481</strong><br />(-20 for losing)\n|raw|jugandoengestion's rating: 1500 &rarr; <strong>1520</strong><br />(+20 for winning)\n|l|\u2606Borgatron9000\n|player|p1|\n", "inputlog": ">version f8ac14003a5f27e1bdc8d8c59608a773c1cb96e5\n>start {\"formatid\":\"gen9randombattle\",\"seed\":\"sodium,6d646c3db8eceb996f52115e765d5ec5\",\"rated\":\"Rated battle\"}\n>player p1 {\"name\":\"Borgatron9000\",\"avatar\":\"fisherman-gen4\",\"rating\":1501,\"seed\":\"sodium,bb75d9e7b95c8c1cc2077c82a253c39d\"}\n>player p2 {\"name\":\"jugandoengestion\",\"avatar\":\"2\",\"rating\":1500,\"seed\":\"sodium,d593d854e0bced6fe1a1a36c9adf4bac\"}\n>p1 move taunt\n>p2 move stealthrock\n>p1 move spikes\n>p2 move bodypress\n>p1 move spikes\n>p2 move bodypress\n>p1 move taunt\n>p2 move rapidspin\n>p1 switch 6\n>p1 move quiverdance\n>p2 switch 2\n>p1 move quiverdance terastallize\n>p2 move bleakwindstorm\n>p1 move quiverdance\n>p2 move bleakwindstorm\n>p1 move terablast\n>p2 move bleakwindstorm\n>p1 move terablast\n>p2 switch 6\n>p1 move strengthsap\n>p2 move steameruption\n>p1 switch 4\n>p1 move earthpower\n>p2 switch 6\n>p1 move rockslide\n>p2 move uturn\n>p2 switch 2\n>p1 move earthpower\n>p2 move stealthrock\n>p1 move rockslide\n>p2 move ironhead\n>p2 switch 5\n>p1 switch 3\n>p2 move darkpulse\n>p1 move sludgebomb\n>p2 switch 2\n>p1 move darkpulse\n>p2 move uturn\n>p2 switch 2\n>p1 move sludgebomb\n>p2 move flashcannon\n>p1 switch 5\n>p1 move playrough\n>p2 move dracometeor\n>p1 switch 2\n>p1 move swordsdance\n>p2 move dracometeor\n>p1 move scaleshot\n>p2 move dracometeor\n>p1 switch 3\n>p1 move rockslide\n>p2 move dracometeor\n>p2 switch 6\n>p1 move earthpower\n>p2 move steameruption", "uploadtime": 1782769882, "views": 2, "formatid": "gen9randombattle", "rating": 1481, "private": 0, "password": null, "player_dets": [{"name": "Borgatron9000", "avatar": "fisherman-gen4", "rating": 1501, "seed": "sodium,bb75d9e7b95c8c1cc2077c82a253c39d"}, {"name": "jugandoengestion", "avatar": "2", "rating": 1500, "seed": "sodium,d593d854e0bced6fe1a1a36c9adf4bac"}], "teams_full": [{"Glalie": {"name": "Glalie", "species": "Glalie", "speciesId": "glalie", "gender": "F", "shiny": false, "level": 96, "moves": ["earthquake", "spikes", "freezedry", "taunt"], "ability": "Inner Focus", "evs": {"hp": 85, "atk": 85, "def": 85, "spa": 85, "spd": 85, "spe": 85}, "ivs": {"hp": 31, "atk": 31, "def": 31, "spa": 31, "spd": 31, "spe": 31}, "item": "Heavy-Duty Boots", "teraType": "Water", "role": "Fast Support", "bvs": {"hp": 80, "atk": 80, "def": 80, "spa": 80, "spd": 80, "spe": 80}, "stats": {"hp": 309, "atk": 208, "def": 208, "spa": 208, "spd": 208, "spe": 208}, "types": ["Ice"]}, "Kommo-o": {"name": "Kommo-o", "species": "Kommo-o", "speciesId": "kommoo", "gender": "F", "shiny": false, "level": 78, "moves": ["ironhead", "closecombat", "swordsdance", "scaleshot"], "ability": "Soundproof", "evs": {"hp": 85, "atk": 85, "def": 85, "spa": 85, "spd": 85, "spe": 85}, "ivs": {"hp": 31, "atk": 31, "def": 31, "spa": 31, "spd": 31, "spe": 31}, "item": "Loaded Dice", "teraType": "Steel", "role": "Setup Sweeper", "bvs": {"hp": 75, "atk": 110, "def": 125, "spa": 100, "spd": 105, "spe": 85}, "stats": {"hp": 245, "atk": 217, "def": 240, "spa": 201, "spd": 209, "spe": 178}, "types": ["Dragon", "Fighting"]}, "Darkrai": {"name": "Darkrai", "species": "Darkrai", "speciesId": "darkrai", "gender": "N", "shiny": false, "level": 77, "moves": ["nastyplot", "darkpulse", "substitute", "sludgebomb"], "ability": "Bad Dreams", "evs": {"hp": 85, "atk": 0, "def": 85, "spa": 85, "spd": 85, "spe": 85}, "ivs": {"hp": 31, "atk": 0, "def": 31, "spa": 31, "spd": 31, "spe": 31}, "item": "Leftovers", "teraType": "Poison", "role": "Setup Sweeper", "bvs": {"hp": 70, "atk": 90, "def": 90, "spa": 135, "spd": 90, "spe": 125}, "stats": {"hp": 234, "atk": 143, "def": 183, "spa": 252, "spd": 183, "spe": 237}, "types": ["Dark"]}, "Landorus": {"name": "Landorus", "species": "Landorus", "speciesId": "landorus", "gender": "M", "shiny": false, "level": 75, "moves": ["earthpower", "sludgewave", "rockslide", "psychic"], "ability": "Sheer Force", "evs": {"hp": 85, "atk": 85, "def": 85, "spa": 85, "spd": 85, "spe": 85}, "ivs": {"hp": 31, "atk": 31, "def": 31, "spa": 31, "spd": 31, "spe": 31}, "item": "Life Orb", "teraType": "Ground", "role": "Fast Attacker", "bvs": {"hp": 89, "atk": 125, "def": 90, "spa": 115, "spd": 80, "spe": 101}, "stats": {"hp": 257, "atk": 231, "def": 179, "spa": 216, "spd": 164, "spe": 195}, "types": ["Ground", "Flying"]}, "Mightyena": {"name": "Mightyena", "species": "Mightyena", "speciesId": "mightyena", "gender": "F", "shiny": false, "level": 96, "moves": ["crunch", "poisonfang", "suckerpunch", "playrough"], "ability": "Intimidate", "evs": {"hp": 85, "atk": 85, "def": 85, "spa": 85, "spd": 85, "spe": 85}, "ivs": {"hp": 31, "atk": 31, "def": 31, "spa": 31, "spd": 31, "spe": 31}, "item": "Choice Band", "teraType": "Poison", "role": "Bulky Attacker", "bvs": {"hp": 70, "atk": 90, "def": 70, "spa": 60, "spd": 60, "spe": 70}, "stats": {"hp": 290, "atk": 227, "def": 189, "spa": 170, "spd": 170, "spe": 189}, "types": ["Dark"]}, "Bellossom": {"name": "Bellossom", "species": "Bellossom", "speciesId": "bellossom", "gender": "F", "shiny": false, "level": 84, "moves": ["terablast", "gigadrain", "strengthsap", "quiverdance"], "ability": "Chlorophyll", "evs": {"hp": 85, "atk": 0, "def": 85, "spa": 85, "spd": 85, "spe": 85}, "ivs": {"hp": 31, "atk": 0, "def": 31, "spa": 31, "spd": 31, "spe": 31}, "item": "Leftovers", "teraType": "Fire", "role": "Tera Blast user", "bvs": {"hp": 75, "atk": 80, "def": 95, "spa": 90, "spd": 100, "spe": 50}, "stats": {"hp": 263, "atk": 139, "def": 208, "spa": 199, "spd": 216, "spe": 132}, "types": ["Grass"]}}, {"Forretress": {"name": "Forretress", "species": "Forretress", "speciesId": "forretress", "gender": "M", "shiny": false, "level": 84, "moves": ["stealthrock", "bodypress", "ironhead", "rapidspin"], "ability": "Sturdy", "evs": {"hp": 85, "atk": 85, "def": 85, "spa": 85, "spd": 85, "spe": 85}, "ivs": {"hp": 31, "atk": 31, "def": 31, "spa": 31, "spd": 31, "spe": 31}, "item": "Leftovers", "teraType": "Water", "role": "Bulky Attacker", "bvs": {"hp": 75, "atk": 90, "def": 140, "spa": 60, "spd": 60, "spe": 40}, "stats": {"hp": 263, "atk": 199, "def": 283, "spa": 149, "spd": 149, "spe": 115}, "types": ["Bug", "Steel"]}, "Tornadus": {"name": "Tornadus", "species": "Tornadus-Therian", "speciesId": "tornadustherian", "gender": "M", "shiny": false, "level": 79, "moves": ["heatwave", "grassknot", "uturn", "bleakwindstorm"], "ability": "Regenerator", "evs": {"hp": 85, "atk": 85, "def": 85, "spa": 85, "spd": 85, "spe": 85}, "ivs": {"hp": 31, "atk": 31, "def": 31, "spa": 31, "spd": 31, "spe": 31}, "item": "Choice Specs", "teraType": "Fire", "role": "Fast Attacker", "bvs": {"hp": 79, "atk": 100, "def": 80, "spa": 110, "spd": 90, "spe": 121}, "stats": {"hp": 254, "atk": 204, "def": 172, "spa": 219, "spd": 188, "spe": 237}, "types": ["Flying"]}, "Moltres": {"name": "Moltres", "species": "Moltres", "speciesId": "moltres", "gender": "N", "shiny": false, "level": 81, "moves": ["uturn", "roost", "fireblast", "bravebird"], "ability": "Flame Body", "evs": {"hp": 85, "atk": 85, "def": 85, "spa": 85, "spd": 85, "spe": 85}, "ivs": {"hp": 31, "atk": 31, "def": 31, "spa": 31, "spd": 31, "spe": 31}, "item": "Heavy-Duty Boots", "teraType": "Dragon", "role": "Bulky Attacker", "bvs": {"hp": 90, "atk": 100, "def": 90, "spa": 125, "spd": 85, "spe": 90}, "stats": {"hp": 278, "atk": 209, "def": 192, "spa": 249, "spd": 184, "spe": 192}, "types": ["Fire", "Flying"]}, "Espathra": {"name": "Espathra", "species": "Espathra", "speciesId": "espathra", "gender": "M", "shiny": false, "level": 80, "moves": ["shadowball", "uturn", "luminacrash", "dazzlinggleam"], "ability": "Speed Boost", "evs": {"hp": 85, "atk": 85, "def": 85, "spa": 85, "spd": 85, "spe": 85}, "ivs": {"hp": 31, "atk": 31, "def": 31, "spa": 31, "spd": 31, "spe": 31}, "item": "Choice Specs", "teraType": "Psychic", "role": "Wallbreaker", "bvs": {"hp": 95, "atk": 60, "def": 60, "spa": 101, "spd": 60, "spe": 105}, "stats": {"hp": 283, "atk": 142, "def": 142, "spa": 208, "spd": 142, "spe": 214}, "types": ["Psychic"]}, "Hydreigon": {"name": "Hydreigon", "species": "Hydreigon", "speciesId": "hydreigon", "gender": "M", "shiny": false, "level": 79, "moves": ["flashcannon", "nastyplot", "dracometeor", "darkpulse"], "ability": "Levitate", "evs": {"hp": 85, "atk": 0, "def": 85, "spa": 85, "spd": 85, "spe": 85}, "ivs": {"hp": 31, "atk": 0, "def": 31, "spa": 31, "spd": 31, "spe": 31}, "item": "Life Orb", "teraType": "Steel", "role": "Fast Attacker", "bvs": {"hp": 92, "atk": 105, "def": 90, "spa": 125, "spd": 90, "spe": 98}, "stats": {"hp": 275, "atk": 170, "def": 188, "spa": 243, "spd": 188, "spe": 200}, "types": ["Dark", "Dragon"]}, "Volcanion": {"name": "Volcanion", "species": "Volcanion", "speciesId": "volcanion", "gender": "N", "shiny": false, "level": 79, "moves": ["steameruption", "sludgebomb", "flamethrower", "flamecharge"], "ability": "Water Absorb", "evs": {"hp": 81, "atk": 85, "def": 85, "spa": 85, "spd": 85, "spe": 85}, "ivs": {"hp": 31, "atk": 31, "def": 31, "spa": 31, "spd": 31, "spe": 31}, "item": "Assault Vest", "teraType": "Fire", "role": "Bulky Attacker", "bvs": {"hp": 80, "atk": 110, "def": 120, "spa": 130, "spd": 90, "spe": 70}, "stats": {"hp": 255, "atk": 219, "def": 235, "spa": 251, "spd": 188, "spe": 156}, "types": ["Fire", "Water"]}}]}