{"id": "gen9randombattle-2641705390", "format": "[Gen 9] Random Battle", "players": ["jetpackuser", "Bronzel Main"], "log": "|badge|p2|silver|gen9randombattle|30-9\n|html|<div class=\"broadcast-red\"><strong>This battle is required to be public due to one or more player having a season medal.</strong><br />During the public phase, you can discuss the state of the ladder <a href=\"/seasondiscussion\">in a special chatroom.</a></div>\n|uhtml|medal-msg|<div class=\"broadcast-blue\">Curious what those medals under the avatar are? PS now has Ladder Seasons! For more information, check out the <a href=\"https://www.smogon.com/forums/threads/3740067/\">thread on Smogon.</a></div>\n|raw|<div class=\"broadcast-blue\"><strong>This battle is required to be public due to a player having a name starting with 'medal'.</div>\n|j|\u2606jetpackuser\n|j|\u2606Bronzel Main\n|t:|1782832072\n|gametype|singles\n|player|p1|jetpackuser|101|2144\n|player|p2|Bronzel Main|veteran|2390\n|gen|9\n|tier|[Gen 9] Random Battle\n|rated|\n|rule|Species Clause: Limit one of each Pok\u00e9mon\n|rule|HP Percentage Mod: HP is shown in percentages\n|rule|Sleep Clause Mod: Limit one foe put to sleep\n|rule|Illusion Level Mod: Illusion disguises the Pok\u00e9mon's true level\n|\n|t:|1782832072\n|teamsize|p1|6\n|teamsize|p2|6\n|start\n|switch|p1a: Slaking|Slaking, L84, F|389/389\n|switch|p2a: Palafin|Palafin, L77, M|281/281\n|turn|1\n|inactive|Battle timer is ON: inactive players will automatically lose when time's up. (requested by jetpackuser)\n|\n|t:|1782832097\n|detailschange|p2a: Palafin|Palafin-Hero, L77, M\n|switch|p2a: Mudsdale|Mudsdale, L83, M|302/302\n|move|p1a: Slaking|Knock Off|p2a: Mudsdale\n|-damage|p2a: Mudsdale|210/302\n|-ability|p2a: Mudsdale|Stamina|boost\n|-boost|p2a: Mudsdale|def|1\n|-enditem|p2a: Mudsdale|Leftovers|[from] move: Knock Off|[of] p1a: Slaking\n|\n|upkeep\n|turn|2\n|\n|t:|1782832119\n|switch|p1a: Noivern|Noivern, L82, F|274/274\n|move|p2a: Mudsdale|Stealth Rock|p1a: Noivern\n|-sidestart|p1: jetpackuser|move: Stealth Rock\n|\n|upkeep\n|turn|3\n|\n|t:|1782832133\n|switch|p2a: Pincurchin|Pincurchin, F|258/258\n|-fieldstart|move: Electric Terrain|[from] ability: Electric Surge|[of] p2a: Pincurchin\n|move|p1a: Noivern|Defog|p2a: Pincurchin\n|-unboost|p2a: Pincurchin|evasion|1\n|-sideend|p1: jetpackuser|Stealth Rock|[from] move: Defog|[of] p1a: Noivern\n|-fieldend|move: Electric Terrain\n|\n|upkeep\n|turn|4\n|\n|t:|1782832155\n|switch|p1a: Ampharos|Ampharos, L88, M|302/302\n|move|p2a: Pincurchin|Zing Zap|p1a: Ampharos\n|-resisted|p1a: Ampharos\n|-damage|p1a: Ampharos|242/302\n|\n|upkeep\n|turn|5\n|\n|t:|1782832165\n|move|p1a: Ampharos|Focus Blast|p2a: Pincurchin\n|-damage|p2a: Pincurchin|135/258\n|-damage|p1a: Ampharos|212/302|[from] item: Life Orb\n|move|p2a: Pincurchin|Zing Zap|p1a: Ampharos\n|-resisted|p1a: Ampharos\n|-damage|p1a: Ampharos|153/302\n|\n|-heal|p2a: Pincurchin|151/258|[from] item: Leftovers\n|upkeep\n|turn|6\n|\n|t:|1782832181\n|switch|p1a: Conkeldurr|Conkeldurr, L80, F|299/299\n|move|p2a: Pincurchin|Recover|p2a: Pincurchin\n|-heal|p2a: Pincurchin|258/258\n|\n|-status|p1a: Conkeldurr|brn|[from] item: Flame Orb\n|upkeep\n|turn|7\n|\n|t:|1782832201\n|switch|p2a: Mudsdale|Mudsdale, L83, M|210/302\n|move|p1a: Conkeldurr|Facade|p2a: Mudsdale\n|-damage|p2a: Mudsdale|34/302\n|-ability|p2a: Mudsdale|Stamina|boost\n|-boost|p2a: Mudsdale|def|1\n|\n|-damage|p1a: Conkeldurr|281/299 brn|[from] brn\n|upkeep\n|turn|8\n|inactive|jetpackuser has 120 seconds left.\n|\n|t:|1782832218\n|move|p1a: Conkeldurr|Knock Off|p2a: Mudsdale\n|-damage|p2a: Mudsdale|0 fnt\n|faint|p2a: Mudsdale\n|\n|-damage|p1a: Conkeldurr|263/299 brn|[from] brn\n|upkeep\n|\n|t:|1782832228\n|switch|p2a: Rabsca|Rabsca, L91, F|284/284\n|turn|9\n|inactive|jetpackuser has 120 seconds left.\n|inactive|jetpackuser has 90 seconds left.\n|inactive|jetpackuser has 60 seconds left.\n|\n|t:|1782832306\n|switch|p1a: Ampharos|Ampharos, L88, M|153/302\n|move|p2a: Rabsca|Trick Room|p2a: Rabsca\n|-fieldstart|move: Trick Room|[of] p2a: Rabsca\n|\n|upkeep\n|turn|10\n|\n|t:|1782832314\n|move|p2a: Rabsca|Psychic|p1a: Ampharos\n|-damage|p1a: Ampharos|38/302\n|move|p1a: Ampharos|Thunderbolt|p2a: Rabsca\n|-damage|p2a: Rabsca|148/284\n|-damage|p1a: Ampharos|8/302|[from] item: Life Orb\n|\n|upkeep\n|turn|11\n|inactive|jetpackuser has 60 seconds left.\n|\n|t:|1782832331\n|move|p2a: Rabsca|Psychic|p1a: Ampharos\n|-damage|p1a: Ampharos|0 fnt\n|faint|p1a: Ampharos\n|\n|upkeep\n|inactive|jetpackuser has 60 seconds left.\n|\n|t:|1782832356\n|switch|p1a: Noivern|Noivern, L82, F|274/274\n|turn|12\n|\n|t:|1782832362\n|move|p2a: Rabsca|Psychic|p1a: Noivern\n|-damage|p1a: Noivern|145/274\n|move|p1a: Noivern|Hurricane|p2a: Rabsca\n|-supereffective|p2a: Rabsca\n|-crit|p2a: Rabsca\n|-damage|p2a: Rabsca|0 fnt\n|faint|p2a: Rabsca\n|\n|upkeep\n|\n|t:|1782832369\n|switch|p2a: Pincurchin|Pincurchin, F|258/258\n|-fieldstart|move: Electric Terrain|[from] ability: Electric Surge|[of] p2a: Pincurchin\n|turn|13\n|inactive|jetpackuser has 60 seconds left.\n|\n|t:|1782832388\n|move|p2a: Pincurchin|Curse|p2a: Pincurchin\n|-unboost|p2a: Pincurchin|spe|1\n|-boost|p2a: Pincurchin|atk|1\n|-boost|p2a: Pincurchin|def|1\n|move|p1a: Noivern|Draco Meteor|p2a: Pincurchin\n|-damage|p2a: Pincurchin|150/258\n|-unboost|p1a: Noivern|spa|2\n|\n|-heal|p2a: Pincurchin|166/258|[from] item: Leftovers\n|-fieldend|move: Trick Room\n|upkeep\n|turn|14\n|inactive|jetpackuser has 30 seconds left.\n|inactive|jetpackuser has 20 seconds left.\n|inactive|jetpackuser has 15 seconds left.\n|inactive|jetpackuser has 10 seconds left.\n|inactive|jetpackuser has 5 seconds left.\n|\n|t:|1782832444\n|switch|p1a: Deoxys|Deoxys, L74|196/196\n|-ability|p1a: Deoxys|Pressure\n|move|p2a: Pincurchin|Curse|p2a: Pincurchin\n|-unboost|p2a: Pincurchin|spe|1\n|-boost|p2a: Pincurchin|atk|1\n|-boost|p2a: Pincurchin|def|1\n|\n|-heal|p2a: Pincurchin|182/258|[from] item: Leftovers\n|upkeep\n|turn|15\n|inactive|jetpackuser has 15 seconds left this turn.\n|\n|t:|1782832449\n|move|p1a: Deoxys|Psycho Boost|p2a: Pincurchin\n|-damage|p2a: Pincurchin|13/258\n|-unboost|p1a: Deoxys|spa|2\n|-damage|p1a: Deoxys|177/196|[from] item: Life Orb\n|move|p2a: Pincurchin|Recover|p2a: Pincurchin\n|-heal|p2a: Pincurchin|142/258\n|\n|-heal|p2a: Pincurchin|158/258|[from] item: Leftovers\n|upkeep\n|turn|16\n|inactive|jetpackuser has 25 seconds left this turn.\n|inactive|jetpackuser has 20 seconds left.\n|\n|t:|1782832456\n|move|p1a: Deoxys|Knock Off|p2a: Pincurchin\n|-damage|p2a: Pincurchin|122/258\n|-enditem|p2a: Pincurchin|Leftovers|[from] move: Knock Off|[of] p1a: Deoxys\n|-damage|p1a: Deoxys|158/196|[from] item: Life Orb\n|move|p2a: Pincurchin|Recover|p2a: Pincurchin\n|-heal|p2a: Pincurchin|251/258\n|\n|upkeep\n|turn|17\n|inactive|jetpackuser has 30 seconds left this turn.\n|\n|t:|1782832460\n|switch|p1a: Noivern|Noivern, L82, F|145/274\n|move|p2a: Pincurchin|Zing Zap|p1a: Noivern\n|-damage|p1a: Noivern|0 fnt\n|faint|p1a: Noivern\n|\n|-fieldend|move: Electric Terrain\n|upkeep\n|inactive|jetpackuser has 30 seconds left.\n|inactive|jetpackuser has 20 seconds left.\n|\n|t:|1782832479\n|switch|p1a: Conkeldurr|Conkeldurr, L80, F|263/299 brn\n|turn|18\n|inactive|jetpackuser has 30 seconds left this turn.\n|\n|t:|1782832482\n|move|p1a: Conkeldurr|Close Combat|p2a: Pincurchin\n|-damage|p2a: Pincurchin|155/258\n|-unboost|p1a: Conkeldurr|def|1\n|-unboost|p1a: Conkeldurr|spd|1\n|move|p2a: Pincurchin|Curse|p2a: Pincurchin\n|-unboost|p2a: Pincurchin|spe|1\n|-boost|p2a: Pincurchin|atk|1\n|-boost|p2a: Pincurchin|def|1\n|\n|-damage|p1a: Conkeldurr|245/299 brn|[from] brn\n|upkeep\n|turn|19\n|\n|t:|1782832492\n|move|p1a: Conkeldurr|Close Combat|p2a: Pincurchin\n|-damage|p2a: Pincurchin|82/258\n|-unboost|p1a: Conkeldurr|def|1\n|-unboost|p1a: Conkeldurr|spd|1\n|move|p2a: Pincurchin|Recover|p2a: Pincurchin\n|-heal|p2a: Pincurchin|211/258\n|\n|-damage|p1a: Conkeldurr|227/299 brn|[from] brn\n|upkeep\n|turn|20\n|\n|t:|1782832496\n|move|p1a: Conkeldurr|Close Combat|p2a: Pincurchin\n|-damage|p2a: Pincurchin|135/258\n|-unboost|p1a: Conkeldurr|def|1\n|-unboost|p1a: Conkeldurr|spd|1\n|move|p2a: Pincurchin|Curse|p2a: Pincurchin\n|-unboost|p2a: Pincurchin|spe|1\n|-boost|p2a: Pincurchin|atk|1\n|-boost|p2a: Pincurchin|def|1\n|\n|-damage|p1a: Conkeldurr|209/299 brn|[from] brn\n|upkeep\n|turn|21\n|\n|t:|1782832499\n|move|p1a: Conkeldurr|Close Combat|p2a: Pincurchin\n|-damage|p2a: Pincurchin|75/258\n|-unboost|p1a: Conkeldurr|def|1\n|-unboost|p1a: Conkeldurr|spd|1\n|move|p2a: Pincurchin|Recover|p2a: Pincurchin\n|-heal|p2a: Pincurchin|204/258\n|\n|-damage|p1a: Conkeldurr|191/299 brn|[from] brn\n|upkeep\n|turn|22\n|\n|t:|1782832502\n|move|p1a: Conkeldurr|Close Combat|p2a: Pincurchin\n|-damage|p2a: Pincurchin|143/258\n|-unboost|p1a: Conkeldurr|def|1\n|-unboost|p1a: Conkeldurr|spd|1\n|move|p2a: Pincurchin|Recover|p2a: Pincurchin\n|-heal|p2a: Pincurchin|258/258\n|\n|-damage|p1a: Conkeldurr|173/299 brn|[from] brn\n|upkeep\n|turn|23\n|\n|t:|1782832508\n|move|p1a: Conkeldurr|Close Combat|p2a: Pincurchin\n|-damage|p2a: Pincurchin|189/258\n|-unboost|p1a: Conkeldurr|def|1\n|-unboost|p1a: Conkeldurr|spd|1\n|move|p2a: Pincurchin|Curse|p2a: Pincurchin\n|-unboost|p2a: Pincurchin|spe|1\n|-boost|p2a: Pincurchin|atk|1\n|-boost|p2a: Pincurchin|def|1\n|\n|-damage|p1a: Conkeldurr|155/299 brn|[from] brn\n|upkeep\n|turn|24\n|\n|t:|1782832511\n|move|p1a: Conkeldurr|Close Combat|p2a: Pincurchin\n|-damage|p2a: Pincurchin|129/258\n|move|p2a: Pincurchin|Recover|p2a: Pincurchin\n|-heal|p2a: Pincurchin|258/258\n|\n|-damage|p1a: Conkeldurr|137/299 brn|[from] brn\n|upkeep\n|turn|25\n|\n|t:|1782832531\n|move|p1a: Conkeldurr|Facade|p2a: Pincurchin\n|-damage|p2a: Pincurchin|218/258\n|move|p2a: Pincurchin|Zing Zap|p1a: Conkeldurr\n|-damage|p1a: Conkeldurr|0 fnt\n|faint|p1a: Conkeldurr\n|\n|upkeep\n|\n|t:|1782832535\n|switch|p1a: Deoxys|Deoxys, L74|158/196\n|-ability|p1a: Deoxys|Pressure\n|turn|26\n|\n|t:|1782832539\n|move|p1a: Deoxys|Psycho Boost|p2a: Pincurchin\n|-damage|p2a: Pincurchin|43/258\n|-unboost|p1a: Deoxys|spa|2\n|-damage|p1a: Deoxys|139/196|[from] item: Life Orb\n|move|p2a: Pincurchin|Zing Zap|p1a: Deoxys\n|-damage|p1a: Deoxys|0 fnt\n|faint|p1a: Deoxys\n|\n|upkeep\n|\n|t:|1782832552\n|switch|p1a: Slaking|Slaking, L84, F|389/389\n|turn|27\n|\n|t:|1782832558\n|move|p1a: Slaking|Earthquake|p2a: Pincurchin\n|-supereffective|p2a: Pincurchin\n|-crit|p2a: Pincurchin\n|-damage|p2a: Pincurchin|0 fnt\n|faint|p2a: Pincurchin\n|\n|upkeep\n|\n|t:|1782832570\n|switch|p2a: Palafin|Palafin-Hero, L77, M|281/281\n|-activate|p2a: Palafin|ability: Zero to Hero\n|turn|28\n|inactive|jetpackuser has 120 seconds left.\n|c|\u2606jetpackuser|that first psycho boost roll completely cost me the gane\n|c|\u2606jetpackuser|lmao\n|\n|t:|1782832587\n|switch|p1a: Lilligant|Lilligant-Hisui, L79, F|240/240\n|move|p2a: Palafin|Flip Turn|p1a: Lilligant\n|-resisted|p1a: Lilligant\n|-damage|p1a: Lilligant|168/240\n|\n|t:|1782832599\n|switch|p2a: Sawsbuck|Sawsbuck-Autumn, L88, M|284/284|[from] Flip Turn\n|\n|upkeep\n|turn|29\n|inactive|jetpackuser has 120 seconds left.\n|\n|t:|1782832608\n|-terastallize|p1a: Lilligant|Steel\n|move|p2a: Sawsbuck|Headbutt|p1a: Lilligant\n|-resisted|p1a: Lilligant\n|-damage|p1a: Lilligant|103/240\n|-damage|p2a: Sawsbuck|256/284|[from] item: Life Orb\n|move|p1a: Lilligant|Victory Dance|p1a: Lilligant\n|-boost|p1a: Lilligant|atk|1\n|-boost|p1a: Lilligant|def|1\n|-boost|p1a: Lilligant|spe|1\n|\n|upkeep\n|turn|30\n|\n|t:|1782832617\n|move|p1a: Lilligant|Ice Spinner|p2a: Sawsbuck\n|-supereffective|p2a: Sawsbuck\n|-damage|p2a: Sawsbuck|0 fnt\n|faint|p2a: Sawsbuck\n|\n|upkeep\n|\n|t:|1782832627\n|switch|p2a: Palafin|Palafin-Hero, L77, M|281/281\n|turn|31\n|\n|t:|1782832640\n|-terastallize|p2a: Palafin|Water\n|move|p2a: Palafin|Jet Punch|p1a: Lilligant\n|-damage|p1a: Lilligant|0 fnt\n|faint|p1a: Lilligant\n|\n|upkeep\n|\n|t:|1782832642\n|switch|p1a: Slaking|Slaking, L84, F|389/389\n|turn|32\n|\n|t:|1782832650\n|move|p2a: Palafin|Jet Punch|p1a: Slaking\n|-damage|p1a: Slaking|255/389\n|move|p1a: Slaking|Giga Impact|p2a: Palafin\n|-damage|p2a: Palafin|22/281\n|-mustrecharge|p1a: Slaking\n|\n|upkeep\n|turn|33\n|\n|t:|1782832652\n|move|p2a: Palafin|Jet Punch|p1a: Slaking\n|-damage|p1a: Slaking|97/389\n|cant|p1a: Slaking|recharge\n|\n|upkeep\n|turn|34\n|\n|t:|1782832654\n|move|p2a: Palafin|Jet Punch|p1a: Slaking\n|-damage|p1a: Slaking|0 fnt\n|faint|p1a: Slaking\n|\n|win|Bronzel Main\n|raw|jetpackuser's rating: 2144 &rarr; <strong>2136</strong><br />(-8 for losing)\n|raw|Bronzel Main's rating: 2390 &rarr; <strong>2398</strong><br />(+8 for winning)\n", "inputlog": ">version f8ac14003a5f27e1bdc8d8c59608a773c1cb96e5\n>start {\"formatid\":\"gen9randombattle\",\"seed\":\"sodium,ca78e073203fd991d61fc9963bea4a00\",\"rated\":\"Rated battle\"}\n>player p1 {\"name\":\"jetpackuser\",\"avatar\":\"101\",\"rating\":2144,\"seed\":\"sodium,ae3ad3d6ffff5dab89442c0b55f56d58\"}\n>player p2 {\"name\":\"Bronzel Main\",\"avatar\":\"veteran\",\"rating\":2390,\"seed\":\"sodium,71e64614336fc6c1c381a94189351953\"}\n>p1 move knockoff\n>p2 switch 5\n>p1 switch 3\n>p2 move stealthrock\n>p1 move defog\n>p2 switch 2\n>p1 switch 6\n>p2 move zingzap\n>p1 move focusblast\n>p2 move zingzap\n>p1 switch 2\n>p2 move recover\n>p1 move facade\n>p2 switch 2\n>p1 move knockoff\n>p2 move stealthrock\n>p2 switch 4\n>p1 switch 2\n>p2 move trickroom\n>p1 move thunderbolt\n>p2 move psychic\n>p1 move thunderbolt\n>p2 move psychic\n>p1 switch 6\n>p1 move hurricane\n>p2 move psychic\n>p2 switch 2\n>p1 move dracometeor\n>p2 move curse\n>p1 switch 5\n>p2 move curse\n>p1 move psychoboost\n>p2 move recover\n>p1 move knockoff\n>p2 move recover\n>p1 switch 5\n>p2 move zingzap\n>p1 switch 2\n>p1 move closecombat\n>p2 move curse\n>p1 move closecombat\n>p2 move recover\n>p1 move closecombat\n>p2 move curse\n>p1 move closecombat\n>p2 move recover\n>p1 move closecombat\n>p2 move recover\n>p1 move closecombat\n>p2 move curse\n>p1 move closecombat\n>p2 move recover\n>p1 move facade\n>p2 move zingzap\n>p1 switch 5\n>p1 move psychoboost\n>p2 move zingzap\n>p1 switch 3\n>p1 move earthquake\n>p2 move recover\n>p2 switch 5\n>chat \u2606jetpackuser|that first psycho boost roll completely cost me the gane\n>chat \u2606jetpackuser|lmao\n>p1 switch 4\n>p2 move flipturn\n>p2 switch 3\n>p1 move victorydance terastallize\n>p2 move headbutt\n>p1 move icespinner\n>p2 move highhorsepower\n>p2 switch 3\n>p1 move leafblade\n>p2 move jetpunch terastallize\n>p1 switch 4\n>p1 move gigaimpact\n>p2 move jetpunch\n>p1 move recharge\n>p2 move jetpunch\n>p1 move gigaimpact\n>p2 move jetpunch", "uploadtime": 1782832074, "views": 4, "formatid": "gen9randombattle", "rating": 2136, "private": 0, "password": null, "player_dets": [{"name": "jetpackuser", "avatar": "101", "rating": 2144, "seed": "sodium,ae3ad3d6ffff5dab89442c0b55f56d58"}, {"name": "Bronzel Main", "avatar": "veteran", "rating": 2390, "seed": "sodium,71e64614336fc6c1c381a94189351953"}], "teams_full": [{"Slaking": {"name": "Slaking", "species": "Slaking", "speciesId": "slaking", "gender": "F", "shiny": false, "level": 84, "moves": ["gigaimpact", "knockoff", "earthquake", "doubleedge"], "ability": "Truant", "evs": {"hp": 85, "atk": 85, "def": 85, "spa": 85, "spd": 85, "spe": 85}, "ivs": {"hp": 31, "atk": 31, "def": 31, "spa": 31, "spd": 31, "spe": 31}, "item": "Choice Scarf", "teraType": "Normal", "role": "Fast Attacker", "bvs": {"hp": 150, "atk": 160, "def": 100, "spa": 95, "spd": 65, "spe": 100}, "stats": {"hp": 389, "atk": 317, "def": 216, "spa": 208, "spd": 157, "spe": 216}, "types": ["Normal"]}, "Conkeldurr": {"name": "Conkeldurr", "species": "Conkeldurr", "speciesId": "conkeldurr", "gender": "F", "shiny": false, "level": 80, "moves": ["facade", "knockoff", "closecombat", "machpunch"], "ability": "Guts", "evs": {"hp": 85, "atk": 85, "def": 85, "spa": 85, "spd": 85, "spe": 85}, "ivs": {"hp": 31, "atk": 31, "def": 31, "spa": 31, "spd": 31, "spe": 31}, "item": "Flame Orb", "teraType": "Normal", "role": "Wallbreaker", "bvs": {"hp": 105, "atk": 140, "def": 95, "spa": 55, "spd": 65, "spe": 45}, "stats": {"hp": 299, "atk": 270, "def": 198, "spa": 134, "spd": 150, "spe": 118}, "types": ["Fighting"]}, "Noivern": {"name": "Noivern", "species": "Noivern", "speciesId": "noivern", "gender": "F", "shiny": false, "level": 82, "moves": ["defog", "flamethrower", "hurricane", "dracometeor"], "ability": "Infiltrator", "evs": {"hp": 85, "atk": 0, "def": 85, "spa": 85, "spd": 85, "spe": 85}, "ivs": {"hp": 31, "atk": 0, "def": 31, "spa": 31, "spd": 31, "spe": 31}, "item": "Heavy-Duty Boots", "teraType": "Fire", "role": "Fast Support", "bvs": {"hp": 85, "atk": 70, "def": 80, "spa": 97, "spd": 80, "spe": 123}, "stats": {"hp": 274, "atk": 119, "def": 178, "spa": 206, "spd": 178, "spe": 249}, "types": ["Flying", "Dragon"]}, "Lilligant": {"name": "Lilligant", "species": "Lilligant-Hisui", "speciesId": "lilliganthisui", "gender": "F", "shiny": false, "level": 79, "moves": ["icespinner", "closecombat", "leafblade", "victorydance"], "ability": "Hustle", "evs": {"hp": 85, "atk": 85, "def": 85, "spa": 85, "spd": 85, "spe": 85}, "ivs": {"hp": 31, "atk": 31, "def": 31, "spa": 31, "spd": 31, "spe": 31}, "item": "Wide Lens", "teraType": "Steel", "role": "Setup Sweeper", "bvs": {"hp": 70, "atk": 105, "def": 75, "spa": 50, "spd": 75, "spe": 105}, "stats": {"hp": 240, "atk": 211, "def": 164, "spa": 125, "spd": 164, "spe": 211}, "types": ["Grass", "Fighting"]}, "Deoxys": {"name": "Deoxys", "species": "Deoxys", "speciesId": "deoxys", "gender": "N", "shiny": false, "level": 74, "moves": ["knockoff", "icebeam", "superpower", "psychoboost"], "ability": "Pressure", "evs": {"hp": 85, "atk": 85, "def": 85, "spa": 85, "spd": 85, "spe": 85}, "ivs": {"hp": 31, "atk": 31, "def": 31, "spa": 31, "spd": 31, "spe": 31}, "item": "Life Orb", "teraType": "Dark", "role": "Wallbreaker", "bvs": {"hp": 50, "atk": 150, "def": 50, "spa": 150, "spd": 50, "spe": 150}, "stats": {"hp": 196, "atk": 265, "def": 117, "spa": 265, "spd": 117, "spe": 265}, "types": ["Psychic"]}, "Ampharos": {"name": "Ampharos", "species": "Ampharos", "speciesId": "ampharos", "gender": "M", "shiny": false, "level": 88, "moves": ["dazzlinggleam", "thunderbolt", "agility", "focusblast"], "ability": "Static", "evs": {"hp": 85, "atk": 0, "def": 85, "spa": 85, "spd": 85, "spe": 85}, "ivs": {"hp": 31, "atk": 0, "def": 31, "spa": 31, "spd": 31, "spe": 31}, "item": "Life Orb", "teraType": "Fairy", "role": "Wallbreaker", "bvs": {"hp": 90, "atk": 75, "def": 85, "spa": 115, "spd": 90, "spe": 55}, "stats": {"hp": 302, "atk": 137, "def": 200, "spa": 253, "spd": 209, "spe": 147}, "types": ["Electric"]}}, {"Palafin": {"name": "Palafin", "species": "Palafin", "speciesId": "palafin", "gender": "M", "shiny": false, "level": 77, "moves": ["wavecrash", "jetpunch", "closecombat", "flipturn"], "ability": "Zero to Hero", "evs": {"hp": 85, "atk": 85, "def": 85, "spa": 85, "spd": 85, "spe": 85}, "ivs": {"hp": 31, "atk": 31, "def": 31, "spa": 31, "spd": 31, "spe": 31}, "item": "Choice Band", "teraType": "Water", "role": "Wallbreaker", "bvs": {"hp": 100, "atk": 70, "def": 72, "spa": 53, "spd": 62, "spe": 100}, "stats": {"hp": 281, "atk": 152, "def": 155, "spa": 126, "spd": 140, "spe": 199}, "types": ["Water"]}, "Pincurchin": {"name": "Pincurchin", "species": "Pincurchin", "speciesId": "pincurchin", "gender": "F", "shiny": false, "level": 100, "moves": ["recover", "zingzap", "curse", "liquidation"], "ability": "Electric Surge", "evs": {"hp": 85, "atk": 85, "def": 85, "spa": 85, "spd": 85, "spe": 85}, "ivs": {"hp": 31, "atk": 31, "def": 31, "spa": 31, "spd": 31, "spe": 31}, "item": "Leftovers", "teraType": "Grass", "role": "Bulky Setup", "bvs": {"hp": 48, "atk": 101, "def": 95, "spa": 91, "spd": 85, "spe": 15}, "stats": {"hp": 258, "atk": 259, "def": 247, "spa": 239, "spd": 227, "spe": 87}, "types": ["Electric"]}, "Sawsbuck": {"name": "Sawsbuck", "species": "Sawsbuck-Autumn", "speciesId": "sawsbuck", "gender": "M", "shiny": false, "level": 88, "moves": ["hornleech", "highhorsepower", "headbutt", "swordsdance"], "ability": "Serene Grace", "evs": {"hp": 85, "atk": 85, "def": 85, "spa": 85, "spd": 85, "spe": 85}, "ivs": {"hp": 31, "atk": 31, "def": 31, "spa": 31, "spd": 31, "spe": 31}, "item": "Life Orb", "teraType": "Normal", "role": "Fast Attacker", "bvs": {"hp": 80, "atk": 100, "def": 70, "spa": 60, "spd": 70, "spe": 95}, "stats": {"hp": 284, "atk": 226, "def": 173, "spa": 156, "spd": 173, "spe": 217}, "types": ["Normal", "Grass"]}, "Rabsca": {"name": "Rabsca", "species": "Rabsca", "speciesId": "rabsca", "gender": "F", "shiny": false, "level": 91, "moves": ["trickroom", "revivalblessing", "bugbuzz", "psychic"], "ability": "Synchronize", "evs": {"hp": 85, "atk": 0, "def": 85, "spa": 85, "spd": 85, "spe": 0}, "ivs": {"hp": 31, "atk": 0, "def": 31, "spa": 31, "spd": 31, "spe": 0}, "item": "Heavy-Duty Boots", "teraType": "Steel", "role": "Wallbreaker", "bvs": {"hp": 75, "atk": 50, "def": 85, "spa": 115, "spd": 100, "spe": 45}, "stats": {"hp": 284, "atk": 96, "def": 207, "spa": 261, "spd": 234, "spe": 86}, "types": ["Bug", "Psychic"]}, "Mudsdale": {"name": "Mudsdale", "species": "Mudsdale", "speciesId": "mudsdale", "gender": "M", "shiny": false, "level": 83, "moves": ["earthquake", "stoneedge", "stealthrock", "heavyslam"], "ability": "Stamina", "evs": {"hp": 85, "atk": 85, "def": 85, "spa": 85, "spd": 85, "spe": 85}, "ivs": {"hp": 31, "atk": 31, "def": 31, "spa": 31, "spd": 31, "spe": 31}, "item": "Leftovers", "teraType": "Steel", "role": "Bulky Attacker", "bvs": {"hp": 100, "atk": 125, "def": 100, "spa": 55, "spd": 85, "spe": 35}, "stats": {"hp": 302, "atk": 255, "def": 214, "spa": 139, "spd": 189, "spe": 106}, "types": ["Ground"]}, "Piloswine": {"name": "Piloswine", "species": "Piloswine", "speciesId": "piloswine", "gender": "F", "shiny": false, "level": 85, "moves": ["iciclecrash", "roar", "iceshard", "earthquake"], "ability": "Thick Fat", "evs": {"hp": 85, "atk": 85, "def": 85, "spa": 85, "spd": 85, "spe": 85}, "ivs": {"hp": 31, "atk": 31, "def": 31, "spa": 31, "spd": 31, "spe": 31}, "item": "Eviolite", "teraType": "Poison", "role": "Bulky Support", "bvs": {"hp": 100, "atk": 100, "def": 80, "spa": 60, "spd": 60, "spe": 50}, "stats": {"hp": 309, "atk": 219, "def": 185, "spa": 151, "spd": 151, "spe": 134}, "types": ["Ice", "Ground"]}}]}