{"id": "gen9randombattle-2641452905", "format": "[Gen 9] Random Battle", "players": ["Tyyyyyyu", "ucbqsz8"], "log": "|j|\u2606Tyyyyyyu\n|j|\u2606ucbqsz8\n|t:|1782787027\n|gametype|singles\n|player|p1|Tyyyyyyu|lady-gen4|1302\n|player|p2|ucbqsz8|266|1334\n|gen|9\n|tier|[Gen 9] Random Battle\n|rated|\n|rule|Species Clause: Limit one of each Pok\u00e9mon\n|rule|HP Percentage Mod: HP is shown in percentages\n|rule|Sleep Clause Mod: Limit one foe put to sleep\n|rule|Illusion Level Mod: Illusion disguises the Pok\u00e9mon's true level\n|\n|t:|1782787027\n|teamsize|p1|6\n|teamsize|p2|6\n|start\n|switch|p1a: Iron Treads|Iron Treads, L77|265/265\n|switch|p2a: Zangoose|Zangoose, L85, M|263/263\n|turn|1\n|inactive|Battle timer is ON: inactive players will automatically lose when time's up. (requested by ucbqsz8)\n|\n|t:|1782787037\n|switch|p2a: Blastoise|Blastoise, L80, F|258/258\n|move|p1a: Iron Treads|Stealth Rock|p2a: Blastoise\n|-sidestart|p2: ucbqsz8|move: Stealth Rock\n|\n|upkeep\n|turn|2\n|\n|t:|1782787045\n|-end|p1a: Iron Treads|Quark Drive|[silent]\n|switch|p1a: Araquanid|Araquanid, L82, F|246/246\n|move|p2a: Blastoise|Shell Smash|p2a: Blastoise\n|-unboost|p2a: Blastoise|def|1\n|-unboost|p2a: Blastoise|spd|1\n|-boost|p2a: Blastoise|atk|2\n|-boost|p2a: Blastoise|spa|2\n|-boost|p2a: Blastoise|spe|2\n|-enditem|p2a: Blastoise|White Herb\n|-clearnegativeboost|p2a: Blastoise|[silent]\n|\n|upkeep\n|turn|3\n|\n|t:|1782787064\n|switch|p2a: Golem|Golem-Alola, L93, M|300/300\n|-damage|p2a: Golem|263/300|[from] Stealth Rock\n|move|p1a: Araquanid|Sticky Web|p2a: Golem\n|-sidestart|p2: ucbqsz8|move: Sticky Web\n|\n|upkeep\n|turn|4\n|\n|t:|1782787070\n|move|p2a: Golem|Double-Edge|p1a: Araquanid\n|-supereffective|p1a: Araquanid\n|-damage|p1a: Araquanid|0 fnt\n|faint|p1a: Araquanid\n|-damage|p2a: Golem|182/300|[from] Recoil\n|-damage|p2a: Golem|152/300|[from] item: Life Orb\n|\n|upkeep\n|\n|t:|1782787081\n|switch|p1a: Iron Treads|Iron Treads, L77|265/265\n|turn|5\n|\n|t:|1782787087\n|-terastallize|p2a: Golem|Flying\n|move|p1a: Iron Treads|Earthquake|p2a: Golem\n|-immune|p2a: Golem\n|move|p2a: Golem|Earthquake|p1a: Iron Treads\n|-supereffective|p1a: Iron Treads\n|-damage|p1a: Iron Treads|39/265\n|-damage|p2a: Golem|122/300|[from] item: Life Orb\n|\n|-heal|p1a: Iron Treads|55/265|[from] item: Leftovers\n|upkeep\n|turn|6\n|\n|t:|1782787096\n|move|p1a: Iron Treads|Iron Head|p2a: Golem\n|-damage|p2a: Golem|68/300\n|move|p2a: Golem|Earthquake|p1a: Iron Treads\n|-supereffective|p1a: Iron Treads\n|-damage|p1a: Iron Treads|0 fnt\n|faint|p1a: Iron Treads\n|-end|p1a: Iron Treads|Quark Drive|[silent]\n|-damage|p2a: Golem|38/300|[from] item: Life Orb\n|\n|upkeep\n|inactive|Tyyyyyyu has 120 seconds left.\n|\n|t:|1782787145\n|switch|p1a: Jolteon|Jolteon, L84, F|246/246\n|turn|7\n|\n|t:|1782787151\n|move|p1a: Jolteon|Alluring Voice|p2a: Golem\n|-damage|p2a: Golem|0 fnt\n|faint|p2a: Golem\n|\n|upkeep\n|\n|t:|1782787160\n|switch|p2a: Reshiram|Reshiram, L76|277/277\n|-ability|p2a: Reshiram|Turboblaze\n|turn|8\n|inactive|Tyyyyyyu has 120 seconds left.\n|\n|t:|1782787168\n|switch|p1a: Hitmontop|Hitmontop, L88, M|231/231\n|-ability|p1a: Hitmontop|Intimidate|boost\n|-unboost|p2a: Reshiram|atk|1\n|move|p2a: Reshiram|Earth Power|p1a: Hitmontop\n|-damage|p1a: Hitmontop|171/231\n|\n|upkeep\n|turn|9\n|\n|t:|1782787172\n|move|p2a: Reshiram|Draco Meteor|p1a: Hitmontop\n|-damage|p1a: Hitmontop|35/231\n|-unboost|p2a: Reshiram|spa|2\n|move|p1a: Hitmontop|Stone Edge|p2a: Reshiram\n|-supereffective|p2a: Reshiram\n|-damage|p2a: Reshiram|53/277\n|\n|upkeep\n|turn|10\n|inactive|Tyyyyyyu has 120 seconds left.\n|\n|t:|1782787197\n|switch|p1a: Terapagos|Terapagos, L77, M|265/265\n|-activate|p1a: Terapagos|ability: Tera Shift\n|detailschange|p1a: Terapagos|Terapagos-Terastal, L77, M\n|-heal|p1a: Terapagos|273/273|[silent]\n|move|p2a: Reshiram|Draco Meteor|p1a: Terapagos\n|-crit|p1a: Terapagos\n|-damage|p1a: Terapagos|68/273\n|-unboost|p2a: Reshiram|spa|2\n|\n|upkeep\n|turn|11\n|\n|t:|1782787208\n|switch|p2a: Zangoose|Zangoose, L85, M|263/263\n|-damage|p2a: Zangoose|231/263|[from] Stealth Rock\n|-activate|p2a: Zangoose|move: Sticky Web\n|-unboost|p2a: Zangoose|spe|1\n|move|p1a: Terapagos|Rest|p1a: Terapagos\n|-status|p1a: Terapagos|slp|[from] move: Rest\n|-heal|p1a: Terapagos|273/273 slp|[silent]\n|-enditem|p1a: Terapagos|Chesto Berry|[eat]\n|-curestatus|p1a: Terapagos|slp|[msg]\n|\n|-status|p2a: Zangoose|tox|[from] item: Toxic Orb\n|upkeep\n|turn|12\n|inactive|Tyyyyyyu has 120 seconds left.\n|\n|t:|1782787223\n|move|p1a: Terapagos|Dark Pulse|p2a: Zangoose\n|-damage|p2a: Zangoose|161/263 tox\n|move|p2a: Zangoose|Facade|p1a: Terapagos\n|-activate|p1a: Terapagos|ability: Tera Shell\n|-resisted|p1a: Terapagos\n|-damage|p1a: Terapagos|155/273\n|\n|-damage|p2a: Zangoose|145/263 tox|[from] psn\n|upkeep\n|turn|13\n|inactive|Tyyyyyyu has 120 seconds left.\n|\n|t:|1782787236\n|move|p1a: Terapagos|Dark Pulse|p2a: Zangoose\n|-damage|p2a: Zangoose|79/263 tox\n|move|p2a: Zangoose|Facade|p1a: Terapagos\n|-damage|p1a: Terapagos|0 fnt\n|faint|p1a: Terapagos\n|\n|-damage|p2a: Zangoose|47/263 tox|[from] psn\n|upkeep\n|inactive|Tyyyyyyu has 120 seconds left.\n|\n|t:|1782787243\n|switch|p1a: Jolteon|Jolteon, L84, F|246/246\n|turn|14\n|\n|t:|1782787247\n|move|p2a: Zangoose|Quick Attack|p1a: Jolteon\n|-damage|p1a: Jolteon|155/246\n|move|p1a: Jolteon|Thunderbolt|p2a: Zangoose\n|-damage|p2a: Zangoose|0 fnt\n|faint|p2a: Zangoose\n|\n|upkeep\n|\n|t:|1782787255\n|switch|p2a: Leafeon|Leafeon, L88, M|258/258\n|-damage|p2a: Leafeon|226/258|[from] Stealth Rock\n|-activate|p2a: Leafeon|move: Sticky Web\n|-unboost|p2a: Leafeon|spe|1\n|turn|15\n|\n|t:|1782787258\n|switch|p1a: Hitmontop|Hitmontop, L88, M|35/231\n|-ability|p1a: Hitmontop|Intimidate|boost\n|-unboost|p2a: Leafeon|atk|1\n|move|p2a: Leafeon|Leaf Blade|p1a: Hitmontop\n|-damage|p1a: Hitmontop|0 fnt\n|faint|p1a: Hitmontop\n|-damage|p2a: Leafeon|201/258|[from] item: Life Orb\n|\n|upkeep\n|\n|t:|1782787263\n|switch|p1a: Mew|Mew, L82|298/298\n|turn|16\n|\n|t:|1782787266\n|switch|p2a: Reshiram|Reshiram, L76|53/277\n|-ability|p2a: Reshiram|Turboblaze\n|move|p1a: Mew|Leech Life|p2a: Reshiram\n|-resisted|p2a: Reshiram\n|-damage|p2a: Reshiram|19/277\n|-damage|p1a: Mew|269/298|[from] item: Life Orb\n|\n|upkeep\n|turn|17\n|\n|t:|1782787273\n|move|p1a: Mew|Leech Life|p2a: Reshiram\n|-resisted|p2a: Reshiram\n|-damage|p2a: Reshiram|0 fnt\n|-heal|p1a: Mew|279/298|[from] drain|[of] p2a: Reshiram\n|faint|p2a: Reshiram\n|-damage|p1a: Mew|250/298|[from] item: Life Orb\n|\n|upkeep\n|\n|t:|1782787275\n|switch|p2a: Blastoise|Blastoise, L80, F|258/258\n|-damage|p2a: Blastoise|226/258|[from] Stealth Rock\n|-activate|p2a: Blastoise|move: Sticky Web\n|-unboost|p2a: Blastoise|spe|1\n|turn|18\n|\n|t:|1782787278\n|move|p1a: Mew|Swords Dance|p1a: Mew\n|-boost|p1a: Mew|atk|2\n|move|p2a: Blastoise|Shell Smash|p2a: Blastoise\n|-unboost|p2a: Blastoise|def|1\n|-unboost|p2a: Blastoise|spd|1\n|-boost|p2a: Blastoise|atk|2\n|-boost|p2a: Blastoise|spa|2\n|-boost|p2a: Blastoise|spe|2\n|\n|upkeep\n|turn|19\n|\n|t:|1782787285\n|move|p2a: Blastoise|Hydro Pump|p1a: Mew\n|-damage|p1a: Mew|58/298\n|move|p1a: Mew|Psychic Fangs|p2a: Blastoise\n|-damage|p2a: Blastoise|0 fnt\n|faint|p2a: Blastoise\n|-damage|p1a: Mew|29/298|[from] item: Life Orb\n|\n|upkeep\n|\n|t:|1782787292\n|switch|p2a: Leafeon|Leafeon, L88, M|201/258\n|-damage|p2a: Leafeon|169/258|[from] Stealth Rock\n|-activate|p2a: Leafeon|move: Sticky Web\n|-unboost|p2a: Leafeon|spe|1\n|turn|20\n|\n|t:|1782787294\n|move|p1a: Mew|Leech Life|p2a: Leafeon\n|-supereffective|p2a: Leafeon\n|-damage|p2a: Leafeon|0 fnt\n|-heal|p1a: Mew|114/298|[from] drain|[of] p2a: Leafeon\n|faint|p2a: Leafeon\n|-damage|p1a: Mew|85/298|[from] item: Life Orb\n|\n|upkeep\n|\n|t:|1782787297\n|switch|p2a: Walking Wake|Walking Wake, L79|286/286\n|-damage|p2a: Walking Wake|251/286|[from] Stealth Rock\n|-activate|p2a: Walking Wake|move: Sticky Web\n|-unboost|p2a: Walking Wake|spe|1\n|turn|21\n|\n|t:|1782787306\n|move|p1a: Mew|Psychic Fangs|p2a: Walking Wake\n|-damage|p2a: Walking Wake|0 fnt\n|faint|p2a: Walking Wake\n|-end|p2a: Walking Wake|Protosynthesis|[silent]\n|-damage|p1a: Mew|56/298|[from] item: Life Orb\n|\n|win|Tyyyyyyu\n|raw|Tyyyyyyu's rating: 1302 &rarr; <strong>1324</strong><br />(+22 for winning)\n|raw|ucbqsz8's rating: 1334 &rarr; <strong>1312</strong><br />(-22 for losing)\n|l|\u2606ucbqsz8\n|player|p2|\n", "inputlog": ">version f8ac14003a5f27e1bdc8d8c59608a773c1cb96e5\n>start {\"formatid\":\"gen9randombattle\",\"seed\":\"sodium,90728407aaa4121dc93bc13ab6211801\",\"rated\":\"Rated battle\"}\n>player p1 {\"name\":\"Tyyyyyyu\",\"avatar\":\"lady-gen4\",\"rating\":1302,\"seed\":\"sodium,4f6e914d1775e8f338638d35a98bde84\"}\n>player p2 {\"name\":\"ucbqsz8\",\"avatar\":\"266\",\"rating\":1334,\"seed\":\"sodium,b8e754dcd97409b0a581fd0548d8acab\"}\n>p1 move stealthrock\n>p2 switch 2\n>p1 switch 3\n>p2 move shellsmash\n>p1 move stickyweb\n>p2 switch 5\n>p1 move liquidation\n>p2 move doubleedge\n>p1 switch 3\n>p1 move earthquake\n>p2 move earthquake terastallize\n>p1 move ironhead\n>p2 move earthquake\n>p1 switch 6\n>p1 move alluringvoice\n>p2 move earthquake\n>p2 switch 6\n>p1 switch 5\n>p2 move earthpower\n>p1 move stoneedge\n>p2 move dracometeor\n>p1 switch 2\n>p2 move dracometeor\n>p1 move rest\n>p2 switch 2\n>p1 move darkpulse\n>p2 move facade\n>p1 move darkpulse\n>p2 move facade\n>p1 switch 5\n>p1 move thunderbolt\n>p2 move quickattack\n>p2 switch 3\n>p1 switch 2\n>p2 move leafblade\n>p1 switch 4\n>p1 move leechlife\n>p2 switch 2\n>p1 move leechlife\n>p2 move dracometeor\n>p2 switch 5\n>p1 move swordsdance\n>p2 move shellsmash\n>p1 move psychicfangs\n>p2 move hydropump\n>p2 switch 2\n>p1 move leechlife\n>p2 move knockoff\n>p2 switch 4\n>p1 move psychicfangs\n>p2 move hydropump", "uploadtime": 1782787312, "views": 3, "formatid": "gen9randombattle", "rating": 1312, "private": 0, "password": null, "player_dets": [{"name": "Tyyyyyyu", "avatar": "lady-gen4", "rating": 1302, "seed": "sodium,4f6e914d1775e8f338638d35a98bde84"}, {"name": "ucbqsz8", "avatar": "266", "rating": 1334, "seed": "sodium,b8e754dcd97409b0a581fd0548d8acab"}], "teams_full": [{"Iron Treads": {"name": "Iron Treads", "species": "Iron Treads", "speciesId": "irontreads", "gender": "N", "shiny": false, "level": 77, "moves": ["ironhead", "earthquake", "rapidspin", "stealthrock"], "ability": "Quark Drive", "evs": {"hp": 85, "atk": 85, "def": 85, "spa": 85, "spd": 85, "spe": 85}, "ivs": {"hp": 31, "atk": 31, "def": 31, "spa": 31, "spd": 31, "spe": 31}, "item": "Leftovers", "teraType": "Dragon", "role": "Bulky Support", "bvs": {"hp": 90, "atk": 112, "def": 120, "spa": 72, "spd": 70, "spe": 106}, "stats": {"hp": 265, "atk": 217, "def": 229, "spa": 155, "spd": 152, "spe": 208}, "types": ["Ground", "Steel"]}, "Terapagos": {"name": "Terapagos", "species": "Terapagos", "speciesId": "terapagos", "gender": "M", "shiny": false, "level": 77, "moves": ["calmmind", "rest", "darkpulse", "terastarstorm"], "ability": "Tera Shift", "evs": {"hp": 85, "atk": 0, "def": 85, "spa": 85, "spd": 85, "spe": 85}, "ivs": {"hp": 31, "atk": 0, "def": 31, "spa": 31, "spd": 31, "spe": 31}, "item": "Chesto Berry", "teraType": "Stellar", "role": "Setup Sweeper", "bvs": {"hp": 90, "atk": 65, "def": 85, "spa": 65, "spd": 85, "spe": 60}, "stats": {"hp": 265, "atk": 105, "def": 175, "spa": 145, "spd": 175, "spe": 137}, "types": ["Normal"]}, "Araquanid": {"name": "Araquanid", "species": "Araquanid", "speciesId": "araquanid", "gender": "F", "shiny": false, "level": 82, "moves": ["liquidation", "stickyweb", "mirrorcoat", "leechlife"], "ability": "Water Bubble", "evs": {"hp": 85, "atk": 85, "def": 85, "spa": 85, "spd": 85, "spe": 85}, "ivs": {"hp": 31, "atk": 31, "def": 31, "spa": 31, "spd": 31, "spe": 31}, "item": "Heavy-Duty Boots", "teraType": "Ground", "role": "Bulky Attacker", "bvs": {"hp": 68, "atk": 70, "def": 92, "spa": 50, "spd": 132, "spe": 42}, "stats": {"hp": 246, "atk": 162, "def": 198, "spa": 129, "spd": 264, "spe": 116}, "types": ["Water", "Bug"]}, "Mew": {"name": "Mew", "species": "Mew", "speciesId": "mew", "gender": "N", "shiny": false, "level": 82, "moves": ["psychicfangs", "swordsdance", "closecombat", "leechlife"], "ability": "Synchronize", "evs": {"hp": 85, "atk": 85, "def": 85, "spa": 85, "spd": 85, "spe": 85}, "ivs": {"hp": 31, "atk": 31, "def": 31, "spa": 31, "spd": 31, "spe": 31}, "item": "Life Orb", "teraType": "Fighting", "role": "Setup Sweeper", "bvs": {"hp": 100, "atk": 100, "def": 100, "spa": 100, "spd": 100, "spe": 100}, "stats": {"hp": 298, "atk": 211, "def": 211, "spa": 211, "spd": 211, "spe": 211}, "types": ["Psychic"]}, "Hitmontop": {"name": "Hitmontop", "species": "Hitmontop", "speciesId": "hitmontop", "gender": "M", "shiny": false, "level": 88, "moves": ["suckerpunch", "earthquake", "closecombat", "stoneedge"], "ability": "Intimidate", "evs": {"hp": 85, "atk": 85, "def": 85, "spa": 85, "spd": 85, "spe": 85}, "ivs": {"hp": 31, "atk": 31, "def": 31, "spa": 31, "spd": 31, "spe": 31}, "item": "Choice Band", "teraType": "Steel", "role": "Bulky Support", "bvs": {"hp": 50, "atk": 95, "def": 95, "spa": 35, "spd": 110, "spe": 70}, "stats": {"hp": 231, "atk": 217, "def": 217, "spa": 112, "spd": 244, "spe": 173}, "types": ["Fighting"]}, "Jolteon": {"name": "Jolteon", "species": "Jolteon", "speciesId": "jolteon", "gender": "F", "shiny": false, "level": 84, "moves": ["alluringvoice", "thunderbolt", "shadowball", "voltswitch"], "ability": "Volt Absorb", "evs": {"hp": 85, "atk": 0, "def": 85, "spa": 85, "spd": 85, "spe": 85}, "ivs": {"hp": 31, "atk": 0, "def": 31, "spa": 31, "spd": 31, "spe": 31}, "item": "Choice Specs", "teraType": "Fairy", "role": "Fast Attacker", "bvs": {"hp": 65, "atk": 65, "def": 60, "spa": 110, "spd": 95, "spe": 130}, "stats": {"hp": 246, "atk": 114, "def": 149, "spa": 233, "spd": 208, "spe": 267}, "types": ["Electric"]}}, {"Zangoose": {"name": "Zangoose", "species": "Zangoose", "speciesId": "zangoose", "gender": "M", "shiny": false, "level": 85, "moves": ["swordsdance", "knockoff", "facade", "quickattack"], "ability": "Toxic Boost", "evs": {"hp": 85, "atk": 85, "def": 85, "spa": 85, "spd": 85, "spe": 85}, "ivs": {"hp": 31, "atk": 31, "def": 31, "spa": 31, "spd": 31, "spe": 31}, "item": "Toxic Orb", "teraType": "Normal", "role": "Fast Attacker", "bvs": {"hp": 73, "atk": 115, "def": 60, "spa": 60, "spd": 60, "spe": 90}, "stats": {"hp": 263, "atk": 244, "def": 151, "spa": 151, "spd": 151, "spe": 202}, "types": ["Normal"]}, "Blastoise": {"name": "Blastoise", "species": "Blastoise", "speciesId": "blastoise", "gender": "F", "shiny": false, "level": 80, "moves": ["shellsmash", "hydropump", "earthquake", "icebeam"], "ability": "Torrent", "evs": {"hp": 85, "atk": 85, "def": 85, "spa": 85, "spd": 85, "spe": 85}, "ivs": {"hp": 31, "atk": 31, "def": 31, "spa": 31, "spd": 31, "spe": 31}, "item": "White Herb", "teraType": "Water", "role": "Setup Sweeper", "bvs": {"hp": 79, "atk": 83, "def": 100, "spa": 85, "spd": 105, "spe": 78}, "stats": {"hp": 258, "atk": 179, "def": 206, "spa": 182, "spd": 214, "spe": 171}, "types": ["Water"]}, "Leafeon": {"name": "Leafeon", "species": "Leafeon", "speciesId": "leafeon", "gender": "M", "shiny": false, "level": 88, "moves": ["doubleedge", "leafblade", "swordsdance", "knockoff"], "ability": "Chlorophyll", "evs": {"hp": 85, "atk": 85, "def": 85, "spa": 85, "spd": 85, "spe": 85}, "ivs": {"hp": 31, "atk": 31, "def": 31, "spa": 31, "spd": 31, "spe": 31}, "item": "Life Orb", "teraType": "Normal", "role": "Setup Sweeper", "bvs": {"hp": 65, "atk": 110, "def": 130, "spa": 60, "spd": 65, "spe": 95}, "stats": {"hp": 258, "atk": 244, "def": 279, "spa": 156, "spd": 165, "spe": 217}, "types": ["Grass"]}, "Walking Wake": {"name": "Walking Wake", "species": "Walking Wake", "speciesId": "walkingwake", "gender": "N", "shiny": false, "level": 79, "moves": ["hydropump", "flamethrower", "flipturn", "dracometeor"], "ability": "Protosynthesis", "evs": {"hp": 85, "atk": 85, "def": 85, "spa": 85, "spd": 85, "spe": 85}, "ivs": {"hp": 31, "atk": 31, "def": 31, "spa": 31, "spd": 31, "spe": 31}, "item": "Choice Specs", "teraType": "Fire", "role": "Wallbreaker", "bvs": {"hp": 99, "atk": 83, "def": 91, "spa": 125, "spd": 83, "spe": 109}, "stats": {"hp": 286, "atk": 177, "def": 189, "spa": 243, "spd": 177, "spe": 218}, "types": ["Water", "Dragon"]}, "Golem": {"name": "Golem", "species": "Golem-Alola", "speciesId": "golemalola", "gender": "M", "shiny": false, "level": 93, "moves": ["earthquake", "rockpolish", "doubleedge", "stoneedge"], "ability": "Galvanize", "evs": {"hp": 85, "atk": 85, "def": 85, "spa": 85, "spd": 85, "spe": 85}, "ivs": {"hp": 31, "atk": 31, "def": 31, "spa": 31, "spd": 31, "spe": 31}, "item": "Life Orb", "teraType": "Flying", "role": "Setup Sweeper", "bvs": {"hp": 80, "atk": 120, "def": 130, "spa": 55, "spd": 65, "spe": 45}, "stats": {"hp": 300, "atk": 276, "def": 295, "spa": 155, "spd": 174, "spe": 137}, "types": ["Rock", "Electric"]}, "Reshiram": {"name": "Reshiram", "species": "Reshiram", "speciesId": "reshiram", "gender": "N", "shiny": false, "level": 76, "moves": ["dracometeor", "earthpower", "blueflare", "willowisp"], "ability": "Turboblaze", "evs": {"hp": 85, "atk": 0, "def": 85, "spa": 85, "spd": 85, "spe": 85}, "ivs": {"hp": 31, "atk": 0, "def": 31, "spa": 31, "spd": 31, "spe": 31}, "item": "Heavy-Duty Boots", "teraType": "Ground", "role": "Fast Attacker", "bvs": {"hp": 100, "atk": 120, "def": 100, "spa": 150, "spd": 120, "spe": 90}, "stats": {"hp": 277, "atk": 187, "def": 196, "spa": 272, "spd": 226, "spe": 181}, "types": ["Dragon", "Fire"]}}]}