{"id": "gen9randombattle-2641596786", "format": "[Gen 9] Random Battle", "players": ["Yog Rahang...", "PikaTru"], "log": "|j|\u2606Yog Rahang...\n|j|\u2606PikaTru\n|t:|1782815673\n|gametype|singles\n|player|p1|Yog Rahang...|brawly|2040\n|player|p2|PikaTru|101|2041\n|gen|9\n|tier|[Gen 9] Random Battle\n|rated|\n|rule|Species Clause: Limit one of each Pok\u00e9mon\n|rule|HP Percentage Mod: HP is shown in percentages\n|rule|Sleep Clause Mod: Limit one foe put to sleep\n|rule|Illusion Level Mod: Illusion disguises the Pok\u00e9mon's true level\n|\n|t:|1782815673\n|teamsize|p1|6\n|teamsize|p2|6\n|start\n|switch|p1a: Revavroom|Revavroom, L79, M|256/256\n|switch|p2a: Slowking|Slowking, L88, M|310/310\n|turn|1\n|inactive|Battle timer is ON: inactive players will automatically lose when time's up. (requested by PikaTru)\n|j| akhi1995\n|\n|t:|1782815704\n|move|p1a: Revavroom|Shift Gear|p1a: Revavroom\n|-boost|p1a: Revavroom|spe|2\n|-boost|p1a: Revavroom|atk|1\n|move|p2a: Slowking|Scald|p1a: Revavroom\n|-damage|p1a: Revavroom|142/256\n|\n|upkeep\n|turn|2\n|\n|t:|1782815712\n|move|p1a: Revavroom|Gunk Shot|p2a: Slowking|[miss]\n|-miss|p1a: Revavroom|p2a: Slowking\n|move|p2a: Slowking|Scald|p1a: Revavroom\n|-damage|p1a: Revavroom|10/256\n|-status|p1a: Revavroom|brn\n|\n|-damage|p1a: Revavroom|0 fnt|[from] brn\n|faint|p1a: Revavroom\n|upkeep\n|\n|t:|1782815723\n|switch|p1a: Smeargle|Smeargle, L95, F|258/258\n|turn|3\n|\n|t:|1782815737\n|switch|p2a: Tropius|Tropius, L91, F|328/328\n|move|p1a: Smeargle|Sticky Web|p2a: Tropius\n|-sidestart|p2: PikaTru|move: Sticky Web\n|\n|upkeep\n|turn|4\n|\n|t:|1782815742\n|move|p1a: Smeargle|Ceaseless Edge|p2a: Tropius\n|-damage|p2a: Tropius|307/328\n|-sidestart|p2: PikaTru|Spikes\n|move|p2a: Tropius|Dragon Dance|p2a: Tropius\n|-boost|p2a: Tropius|atk|1\n|-boost|p2a: Tropius|spe|1\n|\n|upkeep\n|turn|5\n|\n|t:|1782815744\n|move|p2a: Tropius|Dragon Dance|p2a: Tropius\n|-boost|p2a: Tropius|atk|1\n|-boost|p2a: Tropius|spe|1\n|move|p1a: Smeargle|Whirlwind|p2a: Tropius\n|drag|p2a: Venomoth|Venomoth, L84, F|255/255\n|\n|upkeep\n|turn|6\n|\n|t:|1782815751\n|switch|p1a: Hatterene|Hatterene, L85, F|236/236\n|move|p2a: Venomoth|Sleep Powder|p1a: Hatterene\n|move|p1a: Hatterene|Sleep Powder|p2a: Venomoth|[from] ability: Magic Bounce\n|-status|p2a: Venomoth|slp|[from] move: Sleep Powder\n|\n|upkeep\n|turn|7\n|\n|t:|1782815770\n|switch|p2a: Zapdos|Zapdos, L78|268/268\n|move|p1a: Hatterene|Psychic|p2a: Zapdos\n|-damage|p2a: Zapdos|136/268\n|\n|upkeep\n|turn|8\n|\n|t:|1782815776\n|move|p2a: Zapdos|Thunderbolt|p1a: Hatterene\n|-damage|p1a: Hatterene|181/236\n|move|p1a: Hatterene|Psychic|p2a: Zapdos\n|-damage|p2a: Zapdos|0 fnt\n|faint|p2a: Zapdos\n|\n|upkeep\n|\n|t:|1782815788\n|switch|p2a: Slowking|Slowking, L88, M|310/310\n|turn|9\n|\n|t:|1782815815\n|move|p2a: Slowking|Scald|p1a: Hatterene\n|-damage|p1a: Hatterene|124/236\n|move|p1a: Hatterene|Nuzzle|p2a: Slowking\n|-supereffective|p2a: Slowking\n|-damage|p2a: Slowking|282/310\n|-status|p2a: Slowking|par\n|\n|upkeep\n|turn|10\n|inactive|Yog Rahang... has 120 seconds left.\n|\n|t:|1782815835\n|move|p1a: Hatterene|Draining Kiss|p2a: Slowking\n|-damage|p2a: Slowking|227/310 par\n|-heal|p1a: Hatterene|165/236|[from] drain|[of] p2a: Slowking\n|move|p2a: Slowking|Scald|p1a: Hatterene\n|-damage|p1a: Hatterene|104/236\n|\n|upkeep\n|turn|11\n|\n|t:|1782815845\n|move|p1a: Hatterene|Draining Kiss|p2a: Slowking\n|-damage|p2a: Slowking|167/310 par\n|-heal|p1a: Hatterene|149/236|[from] drain|[of] p2a: Slowking\n|move|p2a: Slowking|Scald|p1a: Hatterene\n|-damage|p1a: Hatterene|98/236\n|\n|upkeep\n|turn|12\n|\n|t:|1782815849\n|move|p1a: Hatterene|Draining Kiss|p2a: Slowking\n|-damage|p2a: Slowking|104/310 par\n|-heal|p1a: Hatterene|145/236|[from] drain|[of] p2a: Slowking\n|move|p2a: Slowking|Scald|p1a: Hatterene\n|-damage|p1a: Hatterene|91/236\n|\n|upkeep\n|turn|13\n|\n|t:|1782815858\n|switch|p2a: Hippowdon|Hippowdon, L82, M|311/311\n|-activate|p2a: Hippowdon|move: Sticky Web\n|-unboost|p2a: Hippowdon|spe|1\n|-damage|p2a: Hippowdon|273/311|[from] Spikes\n|-weather|Sandstorm|[from] ability: Sand Stream|[of] p2a: Hippowdon\n|move|p1a: Hatterene|Draining Kiss|p2a: Hippowdon\n|-damage|p2a: Hippowdon|192/311\n|-heal|p1a: Hatterene|152/236|[from] drain|[of] p2a: Hippowdon\n|-damage|p1a: Hatterene|113/236|[from] item: Rocky Helmet|[of] p2a: Hippowdon\n|\n|-weather|Sandstorm|[upkeep]\n|-damage|p1a: Hatterene|99/236|[from] Sandstorm\n|upkeep\n|turn|14\n|\n|t:|1782815868\n|switch|p1a: Latios|Latios, L78, M|253/253\n|move|p2a: Hippowdon|Earthquake|p1a: Latios\n|-immune|p1a: Latios|[from] ability: Levitate\n|\n|-weather|Sandstorm|[upkeep]\n|-damage|p1a: Latios|238/253|[from] Sandstorm\n|upkeep\n|turn|15\n|\n|t:|1782815873\n|switch|p2a: Slowking|Slowking, L88, M|207/310 par\n|move|p1a: Latios|Luster Purge|p2a: Slowking\n|-resisted|p2a: Slowking\n|-damage|p2a: Slowking|141/310 par\n|\n|-weather|Sandstorm|[upkeep]\n|-damage|p1a: Latios|223/253|[from] Sandstorm\n|-damage|p2a: Slowking|122/310 par|[from] Sandstorm\n|upkeep\n|turn|16\n|\n|t:|1782815880\n|move|p1a: Latios|Luster Purge|p2a: Slowking\n|-resisted|p2a: Slowking\n|-damage|p2a: Slowking|51/310 par\n|-prepare|p2a: Slowking|Chilly Reception|[premajor]\n|move|p2a: Slowking|Chilly Reception|p2a: Slowking\n|-weather|Snowscape\n|\n|t:|1782815889\n|switch|p2a: Tropius|Tropius, L91, F|307/328|[from] Chilly Reception\n|\n|-weather|Snowscape|[upkeep]\n|upkeep\n|turn|17\n|\n|t:|1782815898\n|switch|p1a: Skeledirge|Skeledirge, L79, M|294/294\n|move|p2a: Tropius|Dragon Dance|p2a: Tropius\n|-boost|p2a: Tropius|atk|1\n|-boost|p2a: Tropius|spe|1\n|\n|-weather|Snowscape|[upkeep]\n|upkeep\n|turn|18\n|\n|t:|1782815903\n|switch|p2a: Slowking|Slowking, L88, M|154/310 par\n|move|p1a: Skeledirge|Will-O-Wisp||[still]\n|-fail|p1a: Skeledirge\n|\n|-weather|Snowscape|[upkeep]\n|upkeep\n|turn|19\n|\n|t:|1782815915\n|switch|p2a: Hippowdon|Hippowdon, L82, M|192/311\n|-activate|p2a: Hippowdon|move: Sticky Web\n|-unboost|p2a: Hippowdon|spe|1\n|-damage|p2a: Hippowdon|154/311|[from] Spikes\n|-weather|Sandstorm|[from] ability: Sand Stream|[of] p2a: Hippowdon\n|move|p1a: Skeledirge|Hex|p2a: Hippowdon\n|-damage|p2a: Hippowdon|70/311\n|\n|-weather|Sandstorm|[upkeep]\n|-damage|p1a: Skeledirge|276/294|[from] Sandstorm\n|upkeep\n|turn|20\n|\n|t:|1782815922\n|move|p1a: Skeledirge|Torch Song|p2a: Hippowdon\n|-damage|p2a: Hippowdon|0 fnt\n|-boost|p1a: Skeledirge|spa|1\n|faint|p2a: Hippowdon\n|\n|-weather|Sandstorm|[upkeep]\n|-damage|p1a: Skeledirge|258/294|[from] Sandstorm\n|upkeep\n|\n|t:|1782815924\n|switch|p2a: Conkeldurr|Conkeldurr, L80, M|299/299\n|-activate|p2a: Conkeldurr|move: Sticky Web\n|-unboost|p2a: Conkeldurr|spe|1\n|-damage|p2a: Conkeldurr|262/299|[from] Spikes\n|turn|21\n|\n|t:|1782815938\n|move|p1a: Skeledirge|Torch Song|p2a: Conkeldurr\n|-damage|p2a: Conkeldurr|100/299\n|-boost|p1a: Skeledirge|spa|1\n|move|p2a: Conkeldurr|Knock Off|p1a: Skeledirge\n|-supereffective|p1a: Skeledirge\n|-damage|p1a: Skeledirge|98/294\n|-enditem|p1a: Skeledirge|Heavy-Duty Boots|[from] move: Knock Off|[of] p2a: Conkeldurr\n|\n|-weather|Sandstorm|[upkeep]\n|-damage|p1a: Skeledirge|80/294|[from] Sandstorm\n|-damage|p2a: Conkeldurr|82/299|[from] Sandstorm\n|-status|p2a: Conkeldurr|brn|[from] item: Flame Orb\n|upkeep\n|turn|22\n|\n|t:|1782815945\n|move|p1a: Skeledirge|Hex|p2a: Conkeldurr\n|-damage|p2a: Conkeldurr|0 fnt\n|faint|p2a: Conkeldurr\n|\n|-weather|Sandstorm|[upkeep]\n|-damage|p1a: Skeledirge|62/294|[from] Sandstorm\n|upkeep\n|-message|PikaTru forfeited.\n|\n|win|Yog Rahang...\n|raw|Yog Rahang...'s rating: 2040 &rarr; <strong>2060</strong><br />(+20 for winning)\n|raw|PikaTru's rating: 2041 &rarr; <strong>2021</strong><br />(-20 for losing)\n", "inputlog": ">version f8ac14003a5f27e1bdc8d8c59608a773c1cb96e5\n>start {\"formatid\":\"gen9randombattle\",\"seed\":\"sodium,0a2ed1a957afbd5b32bf7ea4dcf895c7\",\"rated\":\"Rated battle\"}\n>player p1 {\"name\":\"Yog Rahang...\",\"avatar\":\"brawly\",\"rating\":2040,\"seed\":\"sodium,1c8875c088bf249ec7f4f00a0f61469f\"}\n>player p2 {\"name\":\"PikaTru\",\"avatar\":\"101\",\"rating\":2041,\"seed\":\"sodium,3c4e2fcb0d20244482bbf333530c7bea\"}\n>p1 move shiftgear\n>p2 move scald\n>p1 move gunkshot\n>p2 move scald\n>p1 switch 3\n>p1 move stickyweb\n>p2 switch 5\n>p1 move ceaselessedge\n>p2 move dragondance\n>p1 move whirlwind\n>p2 move dragondance\n>p1 switch 6\n>p2 move sleeppowder\n>p1 move psychic\n>p2 switch 2\n>p1 move psychic\n>p2 move thunderbolt\n>p2 switch 5\n>p1 move nuzzle\n>p2 move scald\n>p1 move drainingkiss\n>p2 move scald\n>p1 move drainingkiss\n>p2 move scald\n>p1 move drainingkiss\n>p2 move scald\n>p1 move drainingkiss\n>p2 switch 4\n>p1 switch 5\n>p2 move earthquake\n>p1 move lusterpurge\n>p2 switch 4\n>p1 move lusterpurge\n>p2 move chillyreception\n>p2 switch 3\n>p1 switch 2\n>p2 move dragondance\n>p1 move willowisp\n>p2 switch 3\n>p1 move hex\n>p2 switch 4\n>p1 move torchsong\n>p2 move earthquake\n>p2 switch 6\n>p1 move torchsong\n>p2 move knockoff\n>p1 move hex\n>p2 move knockoff\n>forcelose p2", "uploadtime": 1782815676, "views": 4, "formatid": "gen9randombattle", "rating": 2021, "private": 0, "password": null, "player_dets": [{"name": "Yog Rahang...", "avatar": "brawly", "rating": 2040, "seed": "sodium,1c8875c088bf249ec7f4f00a0f61469f"}, {"name": "PikaTru", "avatar": "101", "rating": 2041, "seed": "sodium,3c4e2fcb0d20244482bbf333530c7bea"}], "teams_full": [{"Revavroom": {"name": "Revavroom", "species": "Revavroom", "speciesId": "revavroom", "gender": "M", "shiny": false, "level": 79, "moves": ["ironhead", "shiftgear", "highhorsepower", "gunkshot"], "ability": "Filter", "evs": {"hp": 85, "atk": 85, "def": 85, "spa": 85, "spd": 85, "spe": 85}, "ivs": {"hp": 31, "atk": 31, "def": 31, "spa": 31, "spd": 31, "spe": 31}, "item": "Life Orb", "teraType": "Ground", "role": "Fast Attacker", "bvs": {"hp": 80, "atk": 119, "def": 90, "spa": 54, "spd": 67, "spe": 90}, "stats": {"hp": 256, "atk": 234, "def": 188, "spa": 131, "spd": 151, "spe": 188}, "types": ["Steel", "Poison"]}, "Skeledirge": {"name": "Skeledirge", "species": "Skeledirge", "speciesId": "skeledirge", "gender": "M", "shiny": false, "level": 79, "moves": ["torchsong", "slackoff", "hex", "willowisp"], "ability": "Unaware", "evs": {"hp": 85, "atk": 0, "def": 85, "spa": 85, "spd": 85, "spe": 85}, "ivs": {"hp": 31, "atk": 0, "def": 31, "spa": 31, "spd": 31, "spe": 31}, "item": "Heavy-Duty Boots", "teraType": "Fairy", "role": "Bulky Support", "bvs": {"hp": 104, "atk": 75, "def": 100, "spa": 110, "spd": 75, "spe": 66}, "stats": {"hp": 294, "atk": 123, "def": 204, "spa": 219, "spd": 164, "spe": 150}, "types": ["Fire", "Ghost"]}, "Smeargle": {"name": "Smeargle", "species": "Smeargle", "speciesId": "smeargle", "gender": "F", "shiny": false, "level": 95, "moves": ["spore", "ceaselessedge", "stickyweb", "whirlwind"], "ability": "Own Tempo", "evs": {"hp": 85, "atk": 85, "def": 85, "spa": 85, "spd": 85, "spe": 85}, "ivs": {"hp": 31, "atk": 31, "def": 31, "spa": 31, "spd": 31, "spe": 31}, "item": "Focus Sash", "teraType": "Ghost", "role": "Fast Support", "bvs": {"hp": 55, "atk": 20, "def": 35, "spa": 20, "spd": 45, "spe": 75}, "stats": {"hp": 258, "atk": 92, "def": 120, "spa": 92, "spd": 139, "spe": 196}, "types": ["Normal"]}, "Toucannon": {"name": "Toucannon", "species": "Toucannon", "speciesId": "toucannon", "gender": "F", "shiny": false, "level": 88, "moves": ["knockoff", "roost", "boomburst", "beakblast"], "ability": "Keen Eye", "evs": {"hp": 85, "atk": 85, "def": 85, "spa": 85, "spd": 85, "spe": 85}, "ivs": {"hp": 31, "atk": 31, "def": 31, "spa": 31, "spd": 31, "spe": 31}, "item": "Heavy-Duty Boots", "teraType": "Steel", "role": "Bulky Support", "bvs": {"hp": 80, "atk": 120, "def": 75, "spa": 75, "spd": 75, "spe": 60}, "stats": {"hp": 284, "atk": 261, "def": 182, "spa": 182, "spd": 182, "spe": 156}, "types": ["Normal", "Flying"]}, "Latios": {"name": "Latios", "species": "Latios", "speciesId": "latios", "gender": "M", "shiny": false, "level": 78, "moves": ["lusterpurge", "dracometeor", "aurasphere", "flipturn"], "ability": "Levitate", "evs": {"hp": 85, "atk": 85, "def": 85, "spa": 85, "spd": 85, "spe": 85}, "ivs": {"hp": 31, "atk": 31, "def": 31, "spa": 31, "spd": 31, "spe": 31}, "item": "Choice Specs", "teraType": "Steel", "role": "Fast Attacker", "bvs": {"hp": 80, "atk": 90, "def": 80, "spa": 130, "spd": 110, "spe": 110}, "stats": {"hp": 253, "atk": 185, "def": 170, "spa": 248, "spd": 217, "spe": 217}, "types": ["Dragon", "Psychic"]}, "Hatterene": {"name": "Hatterene", "species": "Hatterene", "speciesId": "hatterene", "gender": "F", "shiny": false, "level": 85, "moves": ["drainingkiss", "mysticalfire", "psychic", "nuzzle"], "ability": "Magic Bounce", "evs": {"hp": 85, "atk": 85, "def": 85, "spa": 85, "spd": 85, "spe": 85}, "ivs": {"hp": 31, "atk": 31, "def": 31, "spa": 31, "spd": 31, "spe": 31}, "item": "Assault Vest", "teraType": "Fairy", "role": "AV Pivot", "bvs": {"hp": 57, "atk": 90, "def": 95, "spa": 136, "spd": 103, "spe": 29}, "stats": {"hp": 236, "atk": 202, "def": 210, "spa": 280, "spd": 224, "spe": 98}, "types": ["Psychic", "Fairy"]}}, {"Slowking": {"name": "Slowking", "species": "Slowking", "speciesId": "slowking", "gender": "M", "shiny": false, "level": 88, "moves": ["futuresight", "slackoff", "chillyreception", "scald"], "ability": "Regenerator", "evs": {"hp": 85, "atk": 0, "def": 85, "spa": 85, "spd": 85, "spe": 85}, "ivs": {"hp": 31, "atk": 0, "def": 31, "spa": 31, "spd": 31, "spe": 31}, "item": "Heavy-Duty Boots", "teraType": "Dragon", "role": "Fast Support", "bvs": {"hp": 95, "atk": 75, "def": 80, "spa": 100, "spd": 110, "spe": 30}, "stats": {"hp": 310, "atk": 137, "def": 191, "spa": 226, "spd": 244, "spe": 103}, "types": ["Water", "Psychic"]}, "Zapdos": {"name": "Zapdos", "species": "Zapdos", "speciesId": "zapdos", "gender": "N", "shiny": false, "level": 78, "moves": ["roost", "heatwave", "hurricane", "thunderbolt"], "ability": "Static", "evs": {"hp": 85, "atk": 0, "def": 85, "spa": 85, "spd": 85, "spe": 85}, "ivs": {"hp": 31, "atk": 0, "def": 31, "spa": 31, "spd": 31, "spe": 31}, "item": "Heavy-Duty Boots", "teraType": "Electric", "role": "Bulky Attacker", "bvs": {"hp": 90, "atk": 90, "def": 85, "spa": 125, "spd": 90, "spe": 100}, "stats": {"hp": 268, "atk": 145, "def": 178, "spa": 240, "spd": 185, "spe": 201}, "types": ["Electric", "Flying"]}, "Venomoth": {"name": "Venomoth", "species": "Venomoth", "speciesId": "venomoth", "gender": "F", "shiny": false, "level": 84, "moves": ["bugbuzz", "sleeppowder", "quiverdance", "sludgewave"], "ability": "Tinted Lens", "evs": {"hp": 85, "atk": 0, "def": 85, "spa": 85, "spd": 85, "spe": 85}, "ivs": {"hp": 31, "atk": 0, "def": 31, "spa": 31, "spd": 31, "spe": 31}, "item": "Heavy-Duty Boots", "teraType": "Bug", "role": "Setup Sweeper", "bvs": {"hp": 70, "atk": 65, "def": 60, "spa": 90, "spd": 75, "spe": 90}, "stats": {"hp": 255, "atk": 114, "def": 149, "spa": 199, "spd": 174, "spe": 199}, "types": ["Bug", "Poison"]}, "Hippowdon": {"name": "Hippowdon", "species": "Hippowdon", "speciesId": "hippowdon", "gender": "M", "shiny": false, "level": 82, "moves": ["stoneedge", "earthquake", "slackoff", "whirlwind"], "ability": "Sand Stream", "evs": {"hp": 85, "atk": 85, "def": 85, "spa": 85, "spd": 85, "spe": 85}, "ivs": {"hp": 31, "atk": 31, "def": 31, "spa": 31, "spd": 31, "spe": 31}, "item": "Rocky Helmet", "teraType": "Rock", "role": "Bulky Support", "bvs": {"hp": 108, "atk": 112, "def": 118, "spa": 68, "spd": 72, "spe": 47}, "stats": {"hp": 311, "atk": 231, "def": 241, "spa": 159, "spd": 165, "spe": 124}, "types": ["Ground"]}, "Tropius": {"name": "Tropius", "species": "Tropius", "speciesId": "tropius", "gender": "F", "shiny": false, "level": 91, "moves": ["dragondance", "synthesis", "dualwingbeat", "earthquake"], "ability": "Harvest", "evs": {"hp": 85, "atk": 85, "def": 85, "spa": 85, "spd": 85, "spe": 85}, "ivs": {"hp": 31, "atk": 31, "def": 31, "spa": 31, "spd": 31, "spe": 31}, "item": "Sitrus Berry", "teraType": "Ground", "role": "Setup Sweeper", "bvs": {"hp": 99, "atk": 68, "def": 83, "spa": 72, "spd": 87, "spe": 51}, "stats": {"hp": 328, "atk": 176, "def": 203, "spa": 183, "spd": 210, "spe": 145}, "types": ["Grass", "Flying"]}, "Conkeldurr": {"name": "Conkeldurr", "species": "Conkeldurr", "speciesId": "conkeldurr", "gender": "M", "shiny": false, "level": 80, "moves": ["knockoff", "facade", "closecombat", "machpunch"], "ability": "Guts", "evs": {"hp": 85, "atk": 85, "def": 85, "spa": 85, "spd": 85, "spe": 85}, "ivs": {"hp": 31, "atk": 31, "def": 31, "spa": 31, "spd": 31, "spe": 31}, "item": "Flame Orb", "teraType": "Normal", "role": "Wallbreaker", "bvs": {"hp": 105, "atk": 140, "def": 95, "spa": 55, "spd": 65, "spe": 45}, "stats": {"hp": 299, "atk": 270, "def": 198, "spa": 134, "spd": 150, "spe": 118}, "types": ["Fighting"]}}]}