{"id": "gen9randombattle-2641688475", "format": "[Gen 9] Random Battle", "players": ["GothPerona", "rields121"], "log": "|j|\u2606GothPerona\n|j|\u2606rields121\n|t:|1782830011\n|gametype|singles\n|player|p1|GothPerona|marley|2274\n|player|p2|rields121|169|2200\n|gen|9\n|tier|[Gen 9] Random Battle\n|rated|\n|rule|Species Clause: Limit one of each Pok\u00e9mon\n|rule|HP Percentage Mod: HP is shown in percentages\n|rule|Sleep Clause Mod: Limit one foe put to sleep\n|rule|Illusion Level Mod: Illusion disguises the Pok\u00e9mon's true level\n|\n|t:|1782830011\n|teamsize|p1|6\n|teamsize|p2|6\n|start\n|switch|p1a: Noctowl|Noctowl, L95, F|344/344\n|switch|p2a: Deoxys|Deoxys, L74|196/196\n|-ability|p2a: Deoxys|Pressure\n|turn|1\n|inactive|Battle timer is ON: inactive players will automatically lose when time's up. (requested by rields121)\n|inactive|GothPerona also wants the timer to be on.\n|\n|t:|1782830025\n|switch|p2a: Slowbro|Slowbro, L85, M|300/300\n|move|p1a: Noctowl|Hyper Voice|p2a: Slowbro\n|-damage|p2a: Slowbro|177/300\n|\n|upkeep\n|turn|2\n|\n|t:|1782830036\n|move|p1a: Noctowl|Hyper Voice|p2a: Slowbro\n|-damage|p2a: Slowbro|65/300\n|move|p2a: Slowbro|Thunder Wave|p1a: Noctowl|[miss]\n|-miss|p2a: Slowbro|p1a: Noctowl\n|\n|upkeep\n|turn|3\n|j| Questless Knight\n|inactive|rields121 has 120 seconds left.\n|inactive|rields121 has 90 seconds left.\n|\n|t:|1782830102\n|switch|p2a: Komala|Komala, L88, F|258/258\n|-ability|p2a: Komala|Comatose\n|move|p1a: Noctowl|Hyper Voice|p2a: Komala\n|-damage|p2a: Komala|195/258\n|\n|upkeep\n|turn|4\n|inactive|rields121 has 90 seconds left.\n|\n|t:|1782830109\n|switch|p1a: Houndstone|Houndstone, L86, F|264/264\n|move|p2a: Komala|Body Slam|p1a: Houndstone\n|-immune|p1a: Houndstone\n|\n|upkeep\n|turn|5\n|inactive|rields121 has 90 seconds left.\n|\n|t:|1782830147\n|switch|p2a: Slowbro|Slowbro, L85, M|165/300\n|move|p1a: Houndstone|Body Press|p2a: Slowbro\n|-resisted|p2a: Slowbro\n|-damage|p2a: Slowbro|141/300\n|-damage|p1a: Houndstone|220/264|[from] item: Rocky Helmet|[of] p2a: Slowbro\n|\n|-heal|p1a: Houndstone|236/264|[from] item: Leftovers\n|upkeep\n|turn|6\n|\n|t:|1782830155\n|switch|p2a: Fezandipiti|Fezandipiti, L82, M|278/278\n|move|p1a: Houndstone|Poltergeist|p2a: Fezandipiti\n|-activate|p2a: Fezandipiti|move: Poltergeist|Leftovers\n|-crit|p2a: Fezandipiti\n|-damage|p2a: Fezandipiti|65/278\n|\n|-heal|p2a: Fezandipiti|82/278|[from] item: Leftovers\n|-heal|p1a: Houndstone|252/264|[from] item: Leftovers\n|upkeep\n|turn|7\n|\n|t:|1782830166\n|move|p2a: Fezandipiti|Gunk Shot|p1a: Houndstone|[miss]\n|-miss|p2a: Fezandipiti|p1a: Houndstone\n|move|p1a: Houndstone|Poltergeist|p2a: Fezandipiti\n|-activate|p2a: Fezandipiti|move: Poltergeist|Leftovers\n|-damage|p2a: Fezandipiti|0 fnt\n|faint|p2a: Fezandipiti\n|\n|-heal|p1a: Houndstone|264/264|[from] item: Leftovers\n|upkeep\n|\n|t:|1782830177\n|switch|p2a: Pikachu|Pikachu-World, L93, F|216/216\n|turn|8\n|\n|t:|1782830182\n|move|p2a: Pikachu|Volt Switch|p1a: Houndstone\n|-damage|p1a: Houndstone|165/264\n|\n|t:|1782830202\n|switch|p2a: Komala|Komala, L88, F|195/258|[from] Volt Switch\n|-ability|p2a: Komala|Comatose\n|move|p1a: Houndstone|Poltergeist|p2a: Komala\n|-immune|p2a: Komala\n|\n|-heal|p1a: Houndstone|181/264|[from] item: Leftovers\n|upkeep\n|turn|9\n|\n|t:|1782830213\n|move|p1a: Houndstone|Body Press|p2a: Komala\n|-supereffective|p2a: Komala\n|-damage|p2a: Komala|43/258\n|move|p2a: Komala|Knock Off|p1a: Houndstone\n|-supereffective|p1a: Houndstone\n|-damage|p1a: Houndstone|105/264\n|-enditem|p1a: Houndstone|Leftovers|[from] move: Knock Off|[of] p2a: Komala\n|\n|upkeep\n|turn|10\n|\n|t:|1782830231\n|switch|p2a: Slowbro|Slowbro, L85, M|241/300\n|move|p1a: Houndstone|Poltergeist|p2a: Slowbro\n|-activate|p2a: Slowbro|move: Poltergeist|Rocky Helmet\n|-supereffective|p2a: Slowbro\n|-damage|p2a: Slowbro|37/300\n|\n|upkeep\n|turn|11\n|l| Questless Knight\n|\n|t:|1782830238\n|switch|p2a: Komala|Komala, L88, F|43/258\n|-ability|p2a: Komala|Comatose\n|move|p1a: Houndstone|Poltergeist|p2a: Komala\n|-immune|p2a: Komala\n|\n|upkeep\n|turn|12\n|\n|t:|1782830243\n|move|p1a: Houndstone|Body Press|p2a: Komala\n|-supereffective|p2a: Komala\n|-damage|p2a: Komala|0 fnt\n|faint|p2a: Komala\n|\n|upkeep\n|inactive|rields121 has 90 seconds left.\n|\n|t:|1782830250\n|switch|p2a: Pikachu|Pikachu-World, L93, F|216/216\n|turn|13\n|\n|t:|1782830263\n|move|p2a: Pikachu|Volt Tackle|p1a: Houndstone\n|-damage|p1a: Houndstone|8/264\n|-status|p1a: Houndstone|par\n|-damage|p2a: Pikachu|184/216|[from] Recoil\n|move|p1a: Houndstone|Poltergeist|p2a: Pikachu\n|-activate|p2a: Pikachu|move: Poltergeist|Light Ball\n|-damage|p2a: Pikachu|0 fnt\n|faint|p2a: Pikachu\n|\n|upkeep\n|inactive|rields121 has 90 seconds left.\n|\n|t:|1782830281\n|switch|p2a: Toxtricity|Toxtricity, L82, M|257/257\n|turn|14\n|\n|t:|1782830289\n|-terastallize|p2a: Toxtricity|Normal\n|move|p2a: Toxtricity|Shift Gear|p2a: Toxtricity\n|-boost|p2a: Toxtricity|spe|2\n|-boost|p2a: Toxtricity|atk|1\n|move|p1a: Houndstone|Rest|p1a: Houndstone\n|-status|p1a: Houndstone|slp|[from] move: Rest\n|-heal|p1a: Houndstone|264/264 slp|[silent]\n|\n|upkeep\n|turn|15\n|\n|t:|1782830301\n|move|p2a: Toxtricity|Overdrive|p1a: Houndstone\n|-damage|p1a: Houndstone|161/264 slp\n|-enditem|p2a: Toxtricity|Throat Spray\n|-boost|p2a: Toxtricity|spa|1|[from] item: Throat Spray\n|cant|p1a: Houndstone|slp\n|move|p1a: Houndstone|Sleep Talk|p1a: Houndstone\n|move|p1a: Houndstone|Body Press|p2a: Toxtricity|[from] move: Sleep Talk\n|-supereffective|p2a: Toxtricity\n|-damage|p2a: Toxtricity|105/257\n|\n|upkeep\n|turn|16\n|\n|t:|1782830305\n|move|p2a: Toxtricity|Overdrive|p1a: Houndstone\n|-damage|p1a: Houndstone|11/264 slp\n|cant|p1a: Houndstone|slp\n|move|p1a: Houndstone|Sleep Talk|p1a: Houndstone\n|move|p1a: Houndstone|Poltergeist||[from] move: Sleep Talk|[still]\n|-fail|p1a: Houndstone\n|\n|upkeep\n|turn|17\n|\n|t:|1782830309\n|move|p2a: Toxtricity|Overdrive|p1a: Houndstone\n|-damage|p1a: Houndstone|0 fnt\n|faint|p1a: Houndstone\n|\n|upkeep\n|\n|t:|1782830313\n|switch|p1a: Emboar|Emboar, L84, M|322/322\n|turn|18\n|\n|t:|1782830319\n|move|p2a: Toxtricity|Boomburst|p1a: Emboar\n|-damage|p1a: Emboar|43/322\n|move|p1a: Emboar|Close Combat|p2a: Toxtricity\n|-supereffective|p2a: Toxtricity\n|-damage|p2a: Toxtricity|0 fnt\n|-unboost|p1a: Emboar|def|1\n|-unboost|p1a: Emboar|spd|1\n|faint|p2a: Toxtricity\n|\n|upkeep\n|\n|t:|1782830328\n|switch|p2a: Deoxys|Deoxys, L74|196/196\n|-ability|p2a: Deoxys|Pressure\n|turn|19\n|inactive|GothPerona has 120 seconds left.\n|\n|t:|1782830361\n|move|p1a: Emboar|Sucker Punch|p2a: Deoxys\n|-supereffective|p2a: Deoxys\n|-damage|p2a: Deoxys|12/196\n|move|p2a: Deoxys|Knock Off|p1a: Emboar\n|-resisted|p1a: Emboar\n|-damage|p1a: Emboar|0 fnt\n|-enditem|p1a: Emboar|Assault Vest|[from] move: Knock Off|[of] p2a: Deoxys\n|faint|p1a: Emboar\n|-damage|p2a: Deoxys|0 fnt|[from] item: Life Orb\n|faint|p2a: Deoxys\n|\n|upkeep\n|inactive|rields121 has 120 seconds left.\n|-message|rields121 forfeited.\n|\n|win|GothPerona\n", "inputlog": ">version f8ac14003a5f27e1bdc8d8c59608a773c1cb96e5\n>start {\"formatid\":\"gen9randombattle\",\"seed\":\"sodium,f56749b3776ea9ddee6fdceea7c68023\",\"rated\":\"Rated battle\"}\n>player p1 {\"name\":\"GothPerona\",\"avatar\":\"marley\",\"rating\":2274,\"seed\":\"sodium,c9cdc1963335c2e4fef1a923ae516a16\"}\n>player p2 {\"name\":\"rields121\",\"avatar\":\"169\",\"rating\":2200,\"seed\":\"sodium,d2d95b79b4f0691b01cdc37b4f540d79\"}\n>p1 move hypervoice\n>p2 switch 6\n>p1 move hypervoice\n>p2 move thunderwave\n>p1 move hypervoice\n>p2 switch 5\n>p1 switch 6\n>p2 move bodyslam\n>p1 move bodypress\n>p2 switch 5\n>p1 move poltergeist\n>p2 switch 2\n>p1 move poltergeist\n>p2 move gunkshot\n>p2 switch 3\n>p1 move poltergeist\n>p2 move voltswitch\n>p2 switch 5\n>p1 move bodypress\n>p2 move knockoff\n>p1 move poltergeist\n>p2 switch 2\n>p1 move poltergeist\n>p2 switch 2\n>p1 move bodypress\n>p2 move knockoff\n>p2 switch 5\n>p1 move poltergeist\n>p2 move volttackle\n>p2 switch 4\n>p1 move rest\n>p2 move shiftgear terastallize\n>p1 move sleeptalk\n>p2 move overdrive\n>p1 move sleeptalk\n>p2 move overdrive\n>p1 move bodypress\n>p2 move overdrive\n>p1 switch 2\n>p1 move closecombat\n>p2 move boomburst\n>p2 switch 6\n>p1 move suckerpunch\n>p2 move knockoff\n>forcelose p2", "uploadtime": 1782830013, "views": 3, "formatid": "gen9randombattle", "rating": null, "private": 0, "password": null, "player_dets": [{"name": "GothPerona", "avatar": "marley", "rating": 2274, "seed": "sodium,c9cdc1963335c2e4fef1a923ae516a16"}, {"name": "rields121", "avatar": "169", "rating": 2200, "seed": "sodium,d2d95b79b4f0691b01cdc37b4f540d79"}], "teams_full": [{"Noctowl": {"name": "Noctowl", "species": "Noctowl", "speciesId": "noctowl", "gender": "F", "shiny": false, "level": 95, "moves": ["roost", "hurricane", "hypervoice", "nastyplot"], "ability": "Tinted Lens", "evs": {"hp": 85, "atk": 0, "def": 85, "spa": 85, "spd": 85, "spe": 85}, "ivs": {"hp": 31, "atk": 0, "def": 31, "spa": 31, "spd": 31, "spe": 31}, "item": "Heavy-Duty Boots", "teraType": "Ground", "role": "Bulky Attacker", "bvs": {"hp": 100, "atk": 50, "def": 50, "spa": 86, "spd": 96, "spe": 70}, "stats": {"hp": 344, "atk": 100, "def": 149, "spa": 217, "spd": 236, "spe": 187}, "types": ["Normal", "Flying"]}, "Emboar": {"name": "Emboar", "species": "Emboar", "speciesId": "emboar", "gender": "M", "shiny": false, "level": 84, "moves": ["flareblitz", "suckerpunch", "wildcharge", "closecombat"], "ability": "Reckless", "evs": {"hp": 85, "atk": 85, "def": 85, "spa": 85, "spd": 85, "spe": 85}, "ivs": {"hp": 31, "atk": 31, "def": 31, "spa": 31, "spd": 31, "spe": 31}, "item": "Assault Vest", "teraType": "Electric", "role": "AV Pivot", "bvs": {"hp": 110, "atk": 123, "def": 65, "spa": 100, "spd": 65, "spe": 65}, "stats": {"hp": 322, "atk": 255, "def": 157, "spa": 216, "spd": 157, "spe": 157}, "types": ["Fire", "Fighting"]}, "Serperior": {"name": "Serperior", "species": "Serperior", "speciesId": "serperior", "gender": "M", "shiny": false, "level": 79, "moves": ["leechseed", "substitute", "leafstorm", "terablast"], "ability": "Contrary", "evs": {"hp": 85, "atk": 85, "def": 85, "spa": 85, "spd": 85, "spe": 85}, "ivs": {"hp": 31, "atk": 31, "def": 31, "spa": 31, "spd": 31, "spe": 31}, "item": "Leftovers", "teraType": "Fire", "role": "Tera Blast user", "bvs": {"hp": 75, "atk": 75, "def": 95, "spa": 75, "spd": 95, "spe": 113}, "stats": {"hp": 248, "atk": 164, "def": 196, "spa": 164, "spd": 196, "spe": 224}, "types": ["Grass"]}, "Masquerain": {"name": "Masquerain", "species": "Masquerain", "speciesId": "masquerain", "gender": "F", "shiny": false, "level": 87, "moves": ["hurricane", "hydropump", "stickyweb", "uturn"], "ability": "Intimidate", "evs": {"hp": 85, "atk": 85, "def": 85, "spa": 85, "spd": 85, "spe": 85}, "ivs": {"hp": 31, "atk": 31, "def": 31, "spa": 31, "spd": 31, "spe": 31}, "item": "Heavy-Duty Boots", "teraType": "Steel", "role": "Fast Support", "bvs": {"hp": 70, "atk": 60, "def": 62, "spa": 100, "spd": 82, "spe": 80}, "stats": {"hp": 264, "atk": 154, "def": 158, "spa": 224, "spd": 192, "spe": 189}, "types": ["Bug", "Flying"]}, "Gothitelle": {"name": "Gothitelle", "species": "Gothitelle", "speciesId": "gothitelle", "gender": "M", "shiny": false, "level": 90, "moves": ["focusblast", "psychicnoise", "calmmind", "darkpulse"], "ability": "Shadow Tag", "evs": {"hp": 85, "atk": 0, "def": 85, "spa": 85, "spd": 85, "spe": 85}, "ivs": {"hp": 31, "atk": 0, "def": 31, "spa": 31, "spd": 31, "spe": 31}, "item": "Leftovers", "teraType": "Ground", "role": "Bulky Setup", "bvs": {"hp": 70, "atk": 55, "def": 95, "spa": 95, "spd": 110, "spe": 65}, "stats": {"hp": 272, "atk": 104, "def": 222, "spa": 222, "spd": 249, "spe": 168}, "types": ["Psychic"]}, "Houndstone": {"name": "Houndstone", "species": "Houndstone", "speciesId": "houndstone", "gender": "F", "shiny": false, "level": 86, "moves": ["bodypress", "rest", "sleeptalk", "poltergeist"], "ability": "Fluffy", "evs": {"hp": 85, "atk": 85, "def": 85, "spa": 85, "spd": 85, "spe": 85}, "ivs": {"hp": 31, "atk": 31, "def": 31, "spa": 31, "spd": 31, "spe": 31}, "item": "Leftovers", "teraType": "Fighting", "role": "Bulky Support", "bvs": {"hp": 72, "atk": 101, "def": 100, "spa": 50, "spd": 97, "spe": 68}, "stats": {"hp": 264, "atk": 223, "def": 221, "spa": 135, "spd": 216, "spe": 166}, "types": ["Ghost"]}}, {"Deoxys": {"name": "Deoxys", "species": "Deoxys", "speciesId": "deoxys", "gender": "N", "shiny": false, "level": 74, "moves": ["psychoboost", "superpower", "extremespeed", "knockoff"], "ability": "Pressure", "evs": {"hp": 85, "atk": 85, "def": 85, "spa": 85, "spd": 85, "spe": 85}, "ivs": {"hp": 31, "atk": 31, "def": 31, "spa": 31, "spd": 31, "spe": 31}, "item": "Life Orb", "teraType": "Psychic", "role": "Fast Attacker", "bvs": {"hp": 50, "atk": 150, "def": 50, "spa": 150, "spd": 50, "spe": 150}, "stats": {"hp": 196, "atk": 265, "def": 117, "spa": 265, "spd": 117, "spe": 265}, "types": ["Psychic"]}, "Fezandipiti": {"name": "Fezandipiti", "species": "Fezandipiti", "speciesId": "fezandipiti", "gender": "M", "shiny": false, "level": 82, "moves": ["terablast", "gunkshot", "playrough", "swordsdance"], "ability": "Toxic Chain", "evs": {"hp": 85, "atk": 85, "def": 85, "spa": 85, "spd": 85, "spe": 85}, "ivs": {"hp": 31, "atk": 31, "def": 31, "spa": 31, "spd": 31, "spe": 31}, "item": "Leftovers", "teraType": "Ground", "role": "Tera Blast user", "bvs": {"hp": 88, "atk": 91, "def": 82, "spa": 70, "spd": 125, "spe": 99}, "stats": {"hp": 278, "atk": 196, "def": 182, "spa": 162, "spd": 252, "spe": 210}, "types": ["Poison", "Fairy"]}, "Pikachu": {"name": "Pikachu", "species": "Pikachu-World", "speciesId": "pikachu", "gender": "F", "shiny": false, "level": 93, "moves": ["knockoff", "volttackle", "surf", "voltswitch"], "ability": "Lightning Rod", "evs": {"hp": 85, "atk": 85, "def": 85, "spa": 85, "spd": 85, "spe": 85}, "ivs": {"hp": 31, "atk": 31, "def": 31, "spa": 31, "spd": 31, "spe": 31}, "item": "Light Ball", "teraType": "Water", "role": "Fast Attacker", "bvs": {"hp": 35, "atk": 55, "def": 40, "spa": 50, "spd": 50, "spe": 90}, "stats": {"hp": 216, "atk": 155, "def": 127, "spa": 146, "spd": 146, "spe": 220}, "types": ["Electric"]}, "Toxtricity": {"name": "Toxtricity", "species": "Toxtricity", "speciesId": "toxtricity", "gender": "M", "shiny": false, "level": 82, "moves": ["shiftgear", "overdrive", "boomburst", "gunkshot"], "ability": "Punk Rock", "evs": {"hp": 85, "atk": 85, "def": 85, "spa": 85, "spd": 85, "spe": 85}, "ivs": {"hp": 31, "atk": 31, "def": 31, "spa": 31, "spd": 31, "spe": 31}, "item": "Throat Spray", "teraType": "Normal", "role": "Setup Sweeper", "bvs": {"hp": 75, "atk": 98, "def": 70, "spa": 114, "spd": 70, "spe": 75}, "stats": {"hp": 257, "atk": 208, "def": 162, "spa": 234, "spd": 162, "spe": 170}, "types": ["Electric", "Poison"]}, "Komala": {"name": "Komala", "species": "Komala", "speciesId": "komala", "gender": "F", "shiny": false, "level": 88, "moves": ["earthquake", "knockoff", "rapidspin", "bodyslam"], "ability": "Comatose", "evs": {"hp": 85, "atk": 85, "def": 85, "spa": 85, "spd": 85, "spe": 85}, "ivs": {"hp": 31, "atk": 31, "def": 31, "spa": 31, "spd": 31, "spe": 31}, "item": "Assault Vest", "teraType": "Ghost", "role": "Bulky Support", "bvs": {"hp": 65, "atk": 115, "def": 65, "spa": 75, "spd": 95, "spe": 65}, "stats": {"hp": 258, "atk": 253, "def": 165, "spa": 182, "spd": 217, "spe": 165}, "types": ["Normal"]}, "Slowbro": {"name": "Slowbro", "species": "Slowbro", "speciesId": "slowbro", "gender": "M", "shiny": false, "level": 85, "moves": ["thunderwave", "psychicnoise", "scald", "slackoff"], "ability": "Regenerator", "evs": {"hp": 85, "atk": 0, "def": 85, "spa": 85, "spd": 85, "spe": 85}, "ivs": {"hp": 31, "atk": 0, "def": 31, "spa": 31, "spd": 31, "spe": 31}, "item": "Rocky Helmet", "teraType": "Fairy", "role": "Bulky Attacker", "bvs": {"hp": 95, "atk": 75, "def": 110, "spa": 100, "spd": 80, "spe": 30}, "stats": {"hp": 300, "atk": 132, "def": 236, "spa": 219, "spd": 185, "spe": 100}, "types": ["Water", "Psychic"]}}]}