{"id": "gen9randombattle-2641676466", "format": "[Gen 9] Random Battle", "players": ["Larome", "tiger_liky"], "log": "|j|\u2606Larome\n|j|\u203dtiger_liky\n|t:|1782828497\n|gametype|singles\n|player|p1|Larome|266|1112\n|player|p2|tiger_liky|jasmine-masters|1138\n|gen|9\n|tier|[Gen 9] Random Battle\n|rated|\n|rule|Species Clause: Limit one of each Pok\u00e9mon\n|rule|HP Percentage Mod: HP is shown in percentages\n|rule|Sleep Clause Mod: Limit one foe put to sleep\n|rule|Illusion Level Mod: Illusion disguises the Pok\u00e9mon's true level\n|\n|t:|1782828497\n|teamsize|p1|6\n|teamsize|p2|6\n|start\n|switch|p1a: Hitmontop|Hitmontop, L88, M|231/231\n|switch|p2a: Krookodile|Krookodile, L79, M|280/280\n|-ability|p2a: Krookodile|Intimidate|boost\n|-unboost|p1a: Hitmontop|atk|1\n|-ability|p1a: Hitmontop|Intimidate|boost\n|-unboost|p2a: Krookodile|atk|1\n|turn|1\n|inactive|Battle timer is ON: inactive players will automatically lose when time's up. (requested by tiger_liky)\n|\n|t:|1782828512\n|switch|p2a: Toxapex|Toxapex, L82, M|216/216\n|switch|p1a: Scream Tail|Scream Tail, L84|330/330\n|\n|upkeep\n|turn|2\n|\n|t:|1782828528\n|move|p1a: Scream Tail|Thunder Wave|p2a: Toxapex\n|-status|p2a: Toxapex|par\n|move|p2a: Toxapex|Toxic Spikes|p1a: Scream Tail\n|-sidestart|p1: Larome|move: Toxic Spikes\n|\n|upkeep\n|turn|3\n|\n|t:|1782828547\n|-end|p1a: Scream Tail|Protosynthesis|[silent]\n|switch|p1a: Hitmontop|Hitmontop, L88, M|231/231\n|-status|p1a: Hitmontop|psn\n|-ability|p1a: Hitmontop|Intimidate|boost\n|-unboost|p2a: Toxapex|atk|1\n|move|p2a: Toxapex|Toxic Spikes|p1a: Hitmontop\n|-sidestart|p1: Larome|move: Toxic Spikes\n|\n|-damage|p1a: Hitmontop|203/231 psn|[from] psn\n|upkeep\n|turn|4\n|\n|t:|1782828560\n|move|p1a: Hitmontop|Stone Edge|p2a: Toxapex\n|-damage|p2a: Toxapex|166/216 par\n|cant|p2a: Toxapex|par\n|\n|-heal|p2a: Toxapex|179/216 par|[from] item: Leftovers\n|-damage|p1a: Hitmontop|175/231 psn|[from] psn\n|upkeep\n|turn|5\n|\n|t:|1782828573\n|move|p1a: Hitmontop|Rapid Spin|p2a: Toxapex\n|-damage|p2a: Toxapex|150/216 par\n|-boost|p1a: Hitmontop|spe|1\n|-sideend|p1: Larome|Toxic Spikes|[from] move: Rapid Spin|[of] p1a: Hitmontop\n|cant|p2a: Toxapex|par\n|\n|-heal|p2a: Toxapex|163/216 par|[from] item: Leftovers\n|-damage|p1a: Hitmontop|147/231 psn|[from] psn\n|upkeep\n|turn|6\n|\n|t:|1782828584\n|move|p1a: Hitmontop|Stone Edge|p2a: Toxapex\n|-damage|p2a: Toxapex|108/216 par\n|move|p2a: Toxapex|Liquidation|p1a: Hitmontop\n|-damage|p1a: Hitmontop|111/231 psn\n|\n|-heal|p2a: Toxapex|121/216 par|[from] item: Leftovers\n|-damage|p1a: Hitmontop|83/231 psn|[from] psn\n|upkeep\n|turn|7\n|\n|t:|1782828602\n|move|p1a: Hitmontop|Stone Edge|p2a: Toxapex\n|-damage|p2a: Toxapex|73/216 par\n|move|p2a: Toxapex|Toxic Spikes|p1a: Hitmontop\n|-sidestart|p1: Larome|move: Toxic Spikes\n|\n|-heal|p2a: Toxapex|86/216 par|[from] item: Leftovers\n|-damage|p1a: Hitmontop|55/231 psn|[from] psn\n|upkeep\n|turn|8\n|\n|t:|1782828611\n|move|p1a: Hitmontop|Rapid Spin|p2a: Toxapex\n|-damage|p2a: Toxapex|60/216 par\n|-boost|p1a: Hitmontop|spe|1\n|-sideend|p1: Larome|Toxic Spikes|[from] move: Rapid Spin|[of] p1a: Hitmontop\n|move|p2a: Toxapex|Recover|p2a: Toxapex\n|-heal|p2a: Toxapex|168/216 par\n|\n|-heal|p2a: Toxapex|181/216 par|[from] item: Leftovers\n|-damage|p1a: Hitmontop|27/231 psn|[from] psn\n|upkeep\n|turn|9\n|\n|t:|1782828624\n|switch|p1a: Gallade|Gallade, L80, M|240/240\n|move|p2a: Toxapex|Toxic Spikes|p1a: Gallade\n|-sidestart|p1: Larome|move: Toxic Spikes\n|\n|-heal|p2a: Toxapex|194/216 par|[from] item: Leftovers\n|upkeep\n|turn|10\n|\n|t:|1782828633\n|move|p1a: Gallade|Psycho Cut|p2a: Toxapex\n|-supereffective|p2a: Toxapex\n|-damage|p2a: Toxapex|0 fnt\n|faint|p2a: Toxapex\n|\n|upkeep\n|\n|t:|1782828638\n|switch|p2a: Krookodile|Krookodile, L79, M|280/280\n|-ability|p2a: Krookodile|Intimidate|boost\n|-unboost|p1a: Gallade|atk|1\n|turn|11\n|\n|t:|1782828647\n|switch|p1a: Scream Tail|Scream Tail, L84|330/330\n|-status|p1a: Scream Tail|psn\n|move|p2a: Krookodile|Bulk Up|p2a: Krookodile\n|-boost|p2a: Krookodile|atk|1\n|-boost|p2a: Krookodile|def|1\n|\n|-damage|p1a: Scream Tail|289/330 psn|[from] psn\n|upkeep\n|turn|12\n|\n|t:|1782828658\n|-terastallize|p2a: Krookodile|Poison\n|move|p1a: Scream Tail|Play Rough|p2a: Krookodile\n|-resisted|p2a: Krookodile\n|-damage|p2a: Krookodile|252/280\n|move|p2a: Krookodile|Gunk Shot|p1a: Scream Tail\n|-supereffective|p1a: Scream Tail\n|-damage|p1a: Scream Tail|0 fnt\n|faint|p1a: Scream Tail\n|-end|p1a: Scream Tail|Protosynthesis|[silent]\n|\n|-heal|p2a: Krookodile|269/280|[from] item: Leftovers\n|upkeep\n|\n|t:|1782828674\n|switch|p1a: Tauros|Tauros, L82, M|257/257\n|-status|p1a: Tauros|psn\n|turn|13\n|\n|t:|1782828684\n|switch|p2a: Cacturne|Cacturne, L92, M|278/278\n|move|p1a: Tauros|Earthquake|p2a: Cacturne\n|-resisted|p2a: Cacturne\n|-damage|p2a: Cacturne|226/278\n|-damage|p1a: Tauros|232/257 psn|[from] item: Life Orb\n|\n|-damage|p1a: Tauros|200/257 psn|[from] psn\n|upkeep\n|turn|14\n|\n|t:|1782828704\n|move|p2a: Cacturne|Sucker Punch|p1a: Tauros\n|-damage|p1a: Tauros|82/257 psn\n|-damage|p2a: Cacturne|199/278|[from] item: Life Orb\n|move|p1a: Tauros|Close Combat|p2a: Cacturne\n|-supereffective|p2a: Cacturne\n|-damage|p2a: Cacturne|0 fnt\n|-unboost|p1a: Tauros|def|1\n|-unboost|p1a: Tauros|spd|1\n|faint|p2a: Cacturne\n|-damage|p1a: Tauros|57/257 psn|[from] item: Life Orb\n|\n|-damage|p1a: Tauros|25/257 psn|[from] psn\n|upkeep\n|\n|t:|1782828729\n|switch|p2a: Stonjourner|Stonjourner, L91, M|330/330\n|turn|15\n|\n|t:|1782828741\n|move|p1a: Tauros|Close Combat|p2a: Stonjourner\n|-supereffective|p2a: Stonjourner\n|-damage|p2a: Stonjourner|177/330\n|-unboost|p1a: Tauros|def|1\n|-unboost|p1a: Tauros|spd|1\n|-damage|p1a: Tauros|0 fnt|[from] item: Life Orb\n|faint|p1a: Tauros\n|move|p2a: Stonjourner|Rock Polish|p2a: Stonjourner\n|-boost|p2a: Stonjourner|spe|2\n|\n|upkeep\n|\n|t:|1782828756\n|switch|p1a: Appletun|Appletun, L92, F|352/352\n|-status|p1a: Appletun|psn\n|turn|16\n|\n|t:|1782828763\n|move|p2a: Stonjourner|Stone Edge|p1a: Appletun\n|-damage|p1a: Appletun|149/352 psn\n|-damage|p2a: Stonjourner|144/330|[from] item: Life Orb\n|move|p1a: Appletun|Apple Acid|p2a: Stonjourner\n|-supereffective|p2a: Stonjourner\n|-damage|p2a: Stonjourner|0 fnt\n|faint|p2a: Stonjourner\n|\n|-heal|p1a: Appletun|171/352 psn|[from] item: Leftovers\n|-damage|p1a: Appletun|127/352 psn|[from] psn\n|upkeep\n|\n|t:|1782828770\n|switch|p2a: Krookodile|Krookodile, L79, M, tera:Poison|269/280\n|-ability|p2a: Krookodile|Intimidate|boost\n|-unboost|p1a: Appletun|atk|1\n|turn|17\n|\n|t:|1782828784\n|move|p2a: Krookodile|Gunk Shot|p1a: Appletun\n|-supereffective|p1a: Appletun\n|-damage|p1a: Appletun|0 fnt\n|faint|p1a: Appletun\n|\n|-heal|p2a: Krookodile|280/280|[from] item: Leftovers\n|upkeep\n|\n|t:|1782828805\n|switch|p1a: Gallade|Gallade, L80, M|240/240\n|-status|p1a: Gallade|psn\n|turn|18\n|\n|t:|1782828817\n|switch|p2a: Ceruledge|Ceruledge, L78, F|245/245\n|-terastallize|p1a: Gallade|Dark\n|move|p1a: Gallade|Psycho Cut|p2a: Ceruledge\n|-damage|p2a: Ceruledge|38/245\n|-ability|p2a: Ceruledge|Weak Armor|boost\n|-unboost|p2a: Ceruledge|def|1\n|-boost|p2a: Ceruledge|spe|2\n|\n|-damage|p1a: Gallade|210/240 psn|[from] psn\n|upkeep\n|turn|19\n|\n|t:|1782828829\n|move|p2a: Ceruledge|Close Combat|p1a: Gallade\n|-supereffective|p1a: Gallade\n|-damage|p1a: Gallade|0 fnt\n|-unboost|p2a: Ceruledge|def|1\n|-unboost|p2a: Ceruledge|spd|1\n|faint|p1a: Gallade\n|\n|upkeep\n|inactive|Larome has 120 seconds left.\n|\n|t:|1782828846\n|switch|p1a: Hippowdon|Hippowdon, L82, F|311/311\n|-status|p1a: Hippowdon|psn\n|-weather|Sandstorm|[from] ability: Sand Stream|[of] p1a: Hippowdon\n|turn|20\n|inactive|Larome has 120 seconds left.\n|\n|t:|1782828862\n|move|p2a: Ceruledge|Poltergeist|p1a: Hippowdon\n|-activate|p1a: Hippowdon|move: Poltergeist|Leftovers\n|-damage|p1a: Hippowdon|205/311 psn\n|move|p1a: Hippowdon|Earthquake|p2a: Ceruledge\n|-supereffective|p2a: Ceruledge\n|-damage|p2a: Ceruledge|0 fnt\n|faint|p2a: Ceruledge\n|\n|-weather|Sandstorm|[upkeep]\n|-heal|p1a: Hippowdon|224/311 psn|[from] item: Leftovers\n|-damage|p1a: Hippowdon|186/311 psn|[from] psn\n|upkeep\n|\n|t:|1782828866\n|switch|p2a: Suicune|Suicune, L82|298/298\n|-ability|p2a: Suicune|Pressure\n|turn|21\n|inactive|Larome has 120 seconds left.\n|\n|t:|1782828882\n|move|p2a: Suicune|Scald|p1a: Hippowdon\n|-supereffective|p1a: Hippowdon\n|-damage|p1a: Hippowdon|6/311 psn\n|move|p1a: Hippowdon|Stone Edge|p2a: Suicune\n|-damage|p2a: Suicune|239/298\n|\n|-weather|Sandstorm|[upkeep]\n|-damage|p2a: Suicune|221/298|[from] Sandstorm\n|-heal|p2a: Suicune|239/298|[from] item: Leftovers\n|-heal|p1a: Hippowdon|25/311 psn|[from] item: Leftovers\n|-damage|p1a: Hippowdon|0 fnt|[from] psn\n|faint|p1a: Hippowdon\n|upkeep\n|l|\u2606Larome\n|inactive|Larome disconnected and has a minute to reconnect!\n|player|p1|\n|inactive|Larome has 30 seconds to reconnect!\n|inactive|Larome has 20 seconds to reconnect!\n|inactive|Larome has 15 seconds to reconnect!\n|inactive|Larome has 10 seconds to reconnect!\n|inactive|Larome has 5 seconds to reconnect!\n|-message|Larome lost due to inactivity.\n|\n|win|tiger_liky\n|raw|Larome's rating: 1112 &rarr; <strong>1089</strong><br />(-23 for losing)\n|raw|tiger_liky's rating: 1138 &rarr; <strong>1161</strong><br />(+23 for winning)\n", "inputlog": ">version f8ac14003a5f27e1bdc8d8c59608a773c1cb96e5\n>start {\"formatid\":\"gen9randombattle\",\"seed\":\"sodium,6ec8419c7bee03fdaf6455564a5aed73\",\"rated\":\"Rated battle\"}\n>player p1 {\"name\":\"Larome\",\"avatar\":\"266\",\"rating\":1112,\"seed\":\"sodium,d1ac8c3f41dc6eb4a6a36a075553cf9e\"}\n>player p2 {\"name\":\"tiger_liky\",\"avatar\":\"jasmine-masters\",\"rating\":1138,\"seed\":\"sodium,c726f370af46950381d909ffbbe27862\"}\n>p1 switch 4\n>p2 switch 2\n>p1 move thunderwave\n>p2 move toxicspikes\n>p1 switch 4\n>p2 move toxicspikes\n>p1 move stoneedge\n>p2 move liquidation\n>p1 move rapidspin\n>p2 move liquidation\n>p1 move stoneedge\n>p2 move liquidation\n>p1 move stoneedge\n>p2 move toxicspikes\n>p1 move rapidspin\n>p2 move recover\n>p1 switch 2\n>p2 move toxicspikes\n>p1 move psychocut\n>p2 move toxicspikes\n>p2 switch 2\n>p1 switch 4\n>p2 move bulkup\n>p1 move playrough\n>p2 move gunkshot terastallize\n>p1 switch 5\n>p1 move earthquake\n>p2 switch 6\n>p1 move closecombat\n>p2 move suckerpunch\n>p2 switch 3\n>p1 move closecombat\n>p2 move rockpolish\n>p1 switch 3\n>p1 move appleacid\n>p2 move stoneedge\n>p2 switch 6\n>p1 move appleacid\n>p2 move gunkshot\n>p1 switch 4\n>p1 move psychocut terastallize\n>p2 switch 4\n>p1 move psychocut\n>p2 move closecombat\n>p1 switch 6\n>p1 move earthquake\n>p2 move poltergeist\n>p2 switch 5\n>p1 move stoneedge\n>p2 move scald\n>forcelose p1", "uploadtime": 1782828944, "views": 6, "formatid": "gen9randombattle", "rating": 1089, "private": 0, "password": null, "player_dets": [{"name": "Larome", "avatar": "266", "rating": 1112, "seed": "sodium,d1ac8c3f41dc6eb4a6a36a075553cf9e"}, {"name": "tiger_liky", "avatar": "jasmine-masters", "rating": 1138, "seed": "sodium,c726f370af46950381d909ffbbe27862"}], "teams_full": [{"Hitmontop": {"name": "Hitmontop", "species": "Hitmontop", "speciesId": "hitmontop", "gender": "M", "shiny": false, "level": 88, "moves": ["closecombat", "rapidspin", "stoneedge", "suckerpunch"], "ability": "Intimidate", "evs": {"hp": 85, "atk": 85, "def": 85, "spa": 85, "spd": 85, "spe": 85}, "ivs": {"hp": 31, "atk": 31, "def": 31, "spa": 31, "spd": 31, "spe": 31}, "item": "Assault Vest", "teraType": "Steel", "role": "Bulky Support", "bvs": {"hp": 50, "atk": 95, "def": 95, "spa": 35, "spd": 110, "spe": 70}, "stats": {"hp": 231, "atk": 217, "def": 217, "spa": 112, "spd": 244, "spe": 173}, "types": ["Fighting"]}, "Gallade": {"name": "Gallade", "species": "Gallade", "speciesId": "gallade", "gender": "M", "shiny": false, "level": 80, "moves": ["psychocut", "leafblade", "nightslash", "sacredsword"], "ability": "Sharpness", "evs": {"hp": 85, "atk": 85, "def": 85, "spa": 85, "spd": 85, "spe": 85}, "ivs": {"hp": 31, "atk": 31, "def": 31, "spa": 31, "spd": 31, "spe": 31}, "item": "Choice Band", "teraType": "Dark", "role": "Fast Attacker", "bvs": {"hp": 68, "atk": 125, "def": 65, "spa": 65, "spd": 115, "spe": 80}, "stats": {"hp": 240, "atk": 246, "def": 150, "spa": 150, "spd": 230, "spe": 174}, "types": ["Psychic", "Fighting"]}, "Appletun": {"name": "Appletun", "species": "Appletun", "speciesId": "appletun", "gender": "F", "shiny": false, "level": 92, "moves": ["recover", "leechseed", "appleacid", "dracometeor"], "ability": "Thick Fat", "evs": {"hp": 85, "atk": 0, "def": 85, "spa": 85, "spd": 85, "spe": 85}, "ivs": {"hp": 31, "atk": 0, "def": 31, "spa": 31, "spd": 31, "spe": 31}, "item": "Leftovers", "teraType": "Steel", "role": "Bulky Attacker", "bvs": {"hp": 110, "atk": 85, "def": 80, "spa": 100, "spd": 80, "spe": 30}, "stats": {"hp": 352, "atk": 161, "def": 200, "spa": 236, "spd": 200, "spe": 108}, "types": ["Grass", "Dragon"]}, "Scream Tail": {"name": "Scream Tail", "species": "Scream Tail", "speciesId": "screamtail", "gender": "N", "shiny": false, "level": 84, "moves": ["protect", "thunderwave", "wish", "playrough"], "ability": "Protosynthesis", "evs": {"hp": 85, "atk": 85, "def": 85, "spa": 85, "spd": 85, "spe": 85}, "ivs": {"hp": 31, "atk": 31, "def": 31, "spa": 31, "spd": 31, "spe": 31}, "item": "Leftovers", "teraType": "Steel", "role": "Bulky Support", "bvs": {"hp": 115, "atk": 65, "def": 99, "spa": 65, "spd": 115, "spe": 111}, "stats": {"hp": 330, "atk": 157, "def": 215, "spa": 157, "spd": 241, "spe": 235}, "types": ["Fairy", "Psychic"]}, "Tauros": {"name": "Tauros", "species": "Tauros", "speciesId": "tauros", "gender": "M", "shiny": false, "level": 82, "moves": ["closecombat", "bodyslam", "earthquake", "throatchop"], "ability": "Sheer Force", "evs": {"hp": 85, "atk": 85, "def": 85, "spa": 85, "spd": 85, "spe": 85}, "ivs": {"hp": 31, "atk": 31, "def": 31, "spa": 31, "spd": 31, "spe": 31}, "item": "Life Orb", "teraType": "Ground", "role": "Fast Attacker", "bvs": {"hp": 75, "atk": 100, "def": 95, "spa": 40, "spd": 70, "spe": 110}, "stats": {"hp": 257, "atk": 211, "def": 203, "spa": 113, "spd": 162, "spe": 228}, "types": ["Normal"]}, "Hippowdon": {"name": "Hippowdon", "species": "Hippowdon", "speciesId": "hippowdon", "gender": "F", "shiny": false, "level": 82, "moves": ["slackoff", "stoneedge", "earthquake", "stealthrock"], "ability": "Sand Stream", "evs": {"hp": 85, "atk": 85, "def": 85, "spa": 85, "spd": 85, "spe": 85}, "ivs": {"hp": 31, "atk": 31, "def": 31, "spa": 31, "spd": 31, "spe": 31}, "item": "Leftovers", "teraType": "Rock", "role": "Bulky Support", "bvs": {"hp": 108, "atk": 112, "def": 118, "spa": 68, "spd": 72, "spe": 47}, "stats": {"hp": 311, "atk": 231, "def": 241, "spa": 159, "spd": 165, "spe": 124}, "types": ["Ground"]}}, {"Krookodile": {"name": "Krookodile", "species": "Krookodile", "speciesId": "krookodile", "gender": "M", "shiny": false, "level": 79, "moves": ["knockoff", "bulkup", "earthquake", "gunkshot"], "ability": "Intimidate", "evs": {"hp": 85, "atk": 85, "def": 85, "spa": 85, "spd": 85, "spe": 85}, "ivs": {"hp": 31, "atk": 31, "def": 31, "spa": 31, "spd": 31, "spe": 31}, "item": "Leftovers", "teraType": "Poison", "role": "Bulky Setup", "bvs": {"hp": 95, "atk": 117, "def": 80, "spa": 65, "spd": 70, "spe": 92}, "stats": {"hp": 280, "atk": 230, "def": 172, "spa": 148, "spd": 156, "spe": 191}, "types": ["Ground", "Dark"]}, "Toxapex": {"name": "Toxapex", "species": "Toxapex", "speciesId": "toxapex", "gender": "M", "shiny": false, "level": 82, "moves": ["toxicspikes", "haze", "recover", "liquidation"], "ability": "Regenerator", "evs": {"hp": 85, "atk": 85, "def": 85, "spa": 85, "spd": 85, "spe": 85}, "ivs": {"hp": 31, "atk": 31, "def": 31, "spa": 31, "spd": 31, "spe": 31}, "item": "Leftovers", "teraType": "Grass", "role": "Bulky Support", "bvs": {"hp": 50, "atk": 63, "def": 152, "spa": 53, "spd": 142, "spe": 35}, "stats": {"hp": 216, "atk": 150, "def": 296, "spa": 134, "spd": 280, "spe": 105}, "types": ["Poison", "Water"]}, "Stonjourner": {"name": "Stonjourner", "species": "Stonjourner", "speciesId": "stonjourner", "gender": "M", "shiny": false, "level": 91, "moves": ["earthquake", "rockpolish", "heatcrash", "stoneedge"], "ability": "Power Spot", "evs": {"hp": 85, "atk": 85, "def": 85, "spa": 85, "spd": 85, "spe": 85}, "ivs": {"hp": 31, "atk": 31, "def": 31, "spa": 31, "spd": 31, "spe": 31}, "item": "Life Orb", "teraType": "Fire", "role": "Fast Attacker", "bvs": {"hp": 100, "atk": 125, "def": 135, "spa": 20, "spd": 20, "spe": 70}, "stats": {"hp": 330, "atk": 279, "def": 298, "spa": 88, "spd": 88, "spe": 179}, "types": ["Rock"]}, "Ceruledge": {"name": "Ceruledge", "species": "Ceruledge", "speciesId": "ceruledge", "gender": "F", "shiny": false, "level": 78, "moves": ["swordsdance", "closecombat", "poltergeist", "bitterblade"], "ability": "Weak Armor", "evs": {"hp": 85, "atk": 85, "def": 85, "spa": 85, "spd": 85, "spe": 85}, "ivs": {"hp": 31, "atk": 31, "def": 31, "spa": 31, "spd": 31, "spe": 31}, "item": "Heavy-Duty Boots", "teraType": "Fire", "role": "Setup Sweeper", "bvs": {"hp": 75, "atk": 125, "def": 80, "spa": 60, "spd": 100, "spe": 85}, "stats": {"hp": 245, "atk": 240, "def": 170, "spa": 139, "spd": 201, "spe": 178}, "types": ["Fire", "Ghost"]}, "Suicune": {"name": "Suicune", "species": "Suicune", "speciesId": "suicune", "gender": "N", "shiny": false, "level": 82, "moves": ["rest", "scald", "calmmind", "sleeptalk"], "ability": "Pressure", "evs": {"hp": 85, "atk": 0, "def": 85, "spa": 85, "spd": 85, "spe": 85}, "ivs": {"hp": 31, "atk": 0, "def": 31, "spa": 31, "spd": 31, "spe": 31}, "item": "Leftovers", "teraType": "Dragon", "role": "Bulky Attacker", "bvs": {"hp": 100, "atk": 75, "def": 115, "spa": 90, "spd": 115, "spe": 85}, "stats": {"hp": 298, "atk": 127, "def": 236, "spa": 195, "spd": 236, "spe": 187}, "types": ["Water"]}, "Cacturne": {"name": "Cacturne", "species": "Cacturne", "speciesId": "cacturne", "gender": "M", "shiny": false, "level": 92, "moves": ["seedbomb", "swordsdance", "suckerpunch", "knockoff"], "ability": "Water Absorb", "evs": {"hp": 85, "atk": 85, "def": 85, "spa": 85, "spd": 85, "spe": 85}, "ivs": {"hp": 31, "atk": 31, "def": 31, "spa": 31, "spd": 31, "spe": 31}, "item": "Life Orb", "teraType": "Poison", "role": "Setup Sweeper", "bvs": {"hp": 70, "atk": 115, "def": 60, "spa": 115, "spd": 60, "spe": 55}, "stats": {"hp": 278, "atk": 264, "def": 163, "spa": 264, "spd": 163, "spe": 154}, "types": ["Grass", "Dark"]}}]}