{"id": "gen9randombattle-2641483112", "format": "[Gen 9] Random Battle", "players": ["thegodkingchad", "vileshroomer"], "log": "|j|\u2606thegodkingchad\n|j|\u2606vileshroomer\n|t:|1782792072\n|gametype|singles\n|player|p1|thegodkingchad|102|\n|player|p2|vileshroomer|1|\n|gen|9\n|tier|[Gen 9] Random Battle\n|rule|Species Clause: Limit one of each Pok\u00e9mon\n|rule|HP Percentage Mod: HP is shown in percentages\n|rule|Sleep Clause Mod: Limit one foe put to sleep\n|rule|Illusion Level Mod: Illusion disguises the Pok\u00e9mon's true level\n|\n|t:|1782792072\n|teamsize|p1|6\n|teamsize|p2|6\n|start\n|switch|p1a: Copperajah|Copperajah, L86, M|350/350\n|switch|p2a: Revavroom|Revavroom, L79, M|256/256\n|turn|1\n|\n|t:|1782792099\n|move|p2a: Revavroom|Shift Gear|p2a: Revavroom\n|-boost|p2a: Revavroom|spe|2\n|-boost|p2a: Revavroom|atk|1\n|move|p1a: Copperajah|Stealth Rock|p2a: Revavroom\n|-sidestart|p2: vileshroomer|move: Stealth Rock\n|\n|upkeep\n|turn|2\n|\n|t:|1782792112\n|-terastallize|p2a: Revavroom|Ground\n|move|p2a: Revavroom|High Horsepower|p1a: Copperajah\n|-supereffective|p1a: Copperajah\n|-damage|p1a: Copperajah|0 fnt\n|faint|p1a: Copperajah\n|-damage|p2a: Revavroom|231/256|[from] item: Life Orb\n|\n|upkeep\n|\n|t:|1782792137\n|switch|p1a: Necrozma|Necrozma-Dawn-Wings, L76|272/272\n|turn|3\n|\n|t:|1782792168\n|move|p2a: Revavroom|High Horsepower|p1a: Necrozma\n|-damage|p1a: Necrozma|65/272\n|-damage|p2a: Revavroom|206/256|[from] item: Life Orb\n|move|p1a: Necrozma|Moongeist Beam|p2a: Revavroom\n|-damage|p2a: Revavroom|0 fnt\n|faint|p2a: Revavroom\n|-damage|p1a: Necrozma|38/272|[from] item: Life Orb\n|\n|upkeep\n|\n|t:|1782792184\n|switch|p2a: Mesprit|Mesprit, L85|275/275\n|-damage|p2a: Mesprit|241/275|[from] Stealth Rock\n|turn|4\n|\n|t:|1782792191\n|switch|p1a: Alomomola|Alomomola, L87, F|429/429\n|move|p2a: Mesprit|Knock Off|p1a: Alomomola\n|-damage|p1a: Alomomola|349/429\n|-enditem|p1a: Alomomola|Heavy-Duty Boots|[from] move: Knock Off|[of] p2a: Mesprit\n|\n|-heal|p2a: Mesprit|258/275|[from] item: Leftovers\n|upkeep\n|turn|5\n|\n|t:|1782792205\n|move|p2a: Mesprit|Thunder Wave|p1a: Alomomola\n|-status|p1a: Alomomola|par\n|move|p1a: Alomomola|Wish|p1a: Alomomola\n|\n|-heal|p2a: Mesprit|275/275|[from] item: Leftovers\n|upkeep\n|turn|6\n|\n|t:|1782792209\n|move|p2a: Mesprit|Psychic Noise|p1a: Alomomola\n|-damage|p1a: Alomomola|222/429 par\n|-start|p1a: Alomomola|move: Heal Block\n|cant|p1a: Alomomola|par\n|\n|upkeep\n|turn|7\n|\n|t:|1782792228\n|switch|p1a: Necrozma|Necrozma-Dawn-Wings, L76|38/272\n|move|p2a: Mesprit|Psychic Noise|p1a: Necrozma\n|-resisted|p1a: Necrozma\n|-damage|p1a: Necrozma|0 fnt\n|faint|p1a: Necrozma\n|\n|upkeep\n|\n|t:|1782792248\n|switch|p1a: Baxcalibur|Baxcalibur, L75, M|296/296\n|turn|8\n|inactive|Battle timer is ON: inactive players will automatically lose when time's up. (requested by thegodkingchad)\n|\n|t:|1782792302\n|switch|p1a: Mamoswine|Mamoswine, L81, F|311/311\n|move|p2a: Mesprit|Thunder Wave|p1a: Mamoswine\n|-immune|p1a: Mamoswine\n|\n|upkeep\n|turn|9\n|inactive|thegodkingchad has 270 seconds left.\n|inactive|vileshroomer has 270 seconds left.\n|\n|t:|1782792342\n|move|p2a: Mesprit|Knock Off|p1a: Mamoswine\n|-damage|p1a: Mamoswine|221/311\n|-enditem|p1a: Mamoswine|Choice Band|[from] move: Knock Off|[of] p2a: Mesprit\n|move|p1a: Mamoswine|Knock Off|p2a: Mesprit\n|-supereffective|p2a: Mesprit\n|-damage|p2a: Mesprit|139/275\n|-enditem|p2a: Mesprit|Leftovers|[from] move: Knock Off|[of] p1a: Mamoswine\n|\n|upkeep\n|turn|10\n|inactive|vileshroomer has 270 seconds left.\n|\n|t:|1782792368\n|move|p2a: Mesprit|Psychic Noise|p1a: Mamoswine\n|-damage|p1a: Mamoswine|112/311\n|-start|p1a: Mamoswine|move: Heal Block\n|move|p1a: Mamoswine|Icicle Crash|p2a: Mesprit\n|-damage|p2a: Mesprit|46/275\n|\n|upkeep\n|turn|11\n|inactive|thegodkingchad has 270 seconds left.\n|\n|t:|1782792384\n|switch|p1a: Alomomola|Alomomola, L87, F|365/429 par\n|move|p2a: Mesprit|Psychic Noise|p1a: Alomomola\n|-damage|p1a: Alomomola|220/429 par\n|-start|p1a: Alomomola|move: Heal Block\n|\n|upkeep\n|turn|12\n|inactive|thegodkingchad has 270 seconds left.\n|\n|t:|1782792407\n|move|p2a: Mesprit|Psychic Noise|p1a: Alomomola\n|-damage|p1a: Alomomola|82/429 par\n|move|p1a: Alomomola|Flip Turn|p2a: Mesprit\n|-damage|p2a: Mesprit|0 fnt\n|faint|p2a: Mesprit\n|\n|t:|1782792418\n|switch|p1a: Clodsire|Clodsire, L81, M|343/343|[from] Flip Turn\n|\n|upkeep\n|inactive|vileshroomer has 240 seconds left.\n|\n|t:|1782792451\n|switch|p2a: Trevenant|Trevenant, L89, F|296/296\n|-damage|p2a: Trevenant|259/296|[from] Stealth Rock\n|turn|13\n|\n|t:|1782792461\n|move|p2a: Trevenant|Poltergeist|p1a: Clodsire\n|-activate|p1a: Clodsire|move: Poltergeist|Leftovers\n|-damage|p1a: Clodsire|141/343\n|move|p1a: Clodsire|Toxic Spikes|p2a: Trevenant\n|-sidestart|p2: vileshroomer|move: Toxic Spikes\n|\n|-heal|p1a: Clodsire|162/343|[from] item: Leftovers\n|upkeep\n|turn|14\n|inactive|thegodkingchad has 270 seconds left.\n|\n|t:|1782792479\n|switch|p1a: Alomomola|Alomomola, L87, F|225/429 par\n|move|p2a: Trevenant|Poltergeist||[still]\n|-fail|p2a: Trevenant\n|\n|upkeep\n|turn|15\n|inactive|vileshroomer has 240 seconds left.\n|inactive|vileshroomer has 210 seconds left.\n|inactive|vileshroomer has 180 seconds left.\n|\n|t:|1782792562\n|switch|p2a: Dialga|Dialga-Origin, L73|266/266\n|-damage|p2a: Dialga|250/266|[from] Stealth Rock\n|-ability|p2a: Dialga|Pressure\n|switch|p1a: Clodsire|Clodsire, L81, M|162/343\n|\n|-heal|p1a: Clodsire|183/343|[from] item: Leftovers\n|upkeep\n|turn|16\n|inactive|vileshroomer has 180 seconds left.\n|inactive|thegodkingchad has 240 seconds left.\n|inactive|thegodkingchad has 210 seconds left.\n|\n|t:|1782792609\n|switch|p1a: Alomomola|Alomomola, L87, F|368/429 par\n|move|p2a: Dialga|Draco Meteor|p1a: Alomomola\n|-damage|p1a: Alomomola|82/429 par\n|-unboost|p2a: Dialga|spa|2\n|\n|upkeep\n|turn|17\n|inactive|vileshroomer has 180 seconds left.\n|inactive|thegodkingchad has 210 seconds left.\n|\n|t:|1782792633\n|move|p2a: Dialga|Stealth Rock|p1a: Alomomola\n|-sidestart|p1: thegodkingchad|move: Stealth Rock\n|move|p1a: Alomomola|Flip Turn|p2a: Dialga\n|-resisted|p2a: Dialga\n|-damage|p2a: Dialga|227/266\n|\n|t:|1782792648\n|switch|p1a: Mamoswine|Mamoswine, L81, F|112/311|[from] Flip Turn\n|-damage|p1a: Mamoswine|74/311|[from] Stealth Rock\n|\n|upkeep\n|turn|18\n|inactive|vileshroomer has 180 seconds left.\n|\n|t:|1782792682\n|switch|p2a: Trevenant|Trevenant, L89, F|259/296\n|-damage|p2a: Trevenant|222/296|[from] Stealth Rock\n|-status|p2a: Trevenant|psn\n|move|p1a: Mamoswine|Earthquake|p2a: Trevenant\n|-resisted|p2a: Trevenant\n|-damage|p2a: Trevenant|162/296 psn\n|\n|-damage|p2a: Trevenant|125/296 psn|[from] psn\n|upkeep\n|-enditem|p2a: Trevenant|Sitrus Berry|[eat]\n|-heal|p2a: Trevenant|199/296 psn|[from] item: Sitrus Berry\n|turn|19\n|inactive|vileshroomer has 150 seconds left.\n|\n|t:|1782792721\n|move|p2a: Trevenant|Protect|p2a: Trevenant\n|-singleturn|p2a: Trevenant|Protect\n|move|p1a: Mamoswine|Icicle Crash|p2a: Trevenant\n|-activate|p2a: Trevenant|move: Protect\n|\n|-damage|p2a: Trevenant|162/296 psn|[from] psn\n|-item|p2a: Trevenant|Sitrus Berry|[from] ability: Harvest\n|upkeep\n|turn|20\n|inactive|vileshroomer has 120 seconds left.\n|\n|t:|1782792752\n|move|p1a: Mamoswine|Icicle Crash|p2a: Trevenant\n|-supereffective|p2a: Trevenant\n|-damage|p2a: Trevenant|0 fnt\n|faint|p2a: Trevenant\n|\n|upkeep\n|\n|t:|1782792762\n|switch|p2a: Dialga|Dialga-Origin, L73|227/266\n|-damage|p2a: Dialga|211/266|[from] Stealth Rock\n|-ability|p2a: Dialga|Pressure\n|turn|21\n|\n|t:|1782792775\n|-terastallize|p1a: Mamoswine|Ground\n|move|p1a: Mamoswine|Earthquake|p2a: Dialga\n|-supereffective|p2a: Dialga\n|-damage|p2a: Dialga|0 fnt\n|faint|p2a: Dialga\n|\n|upkeep\n|inactive|vileshroomer has 90 seconds left.\n|\n|t:|1782792802\n|switch|p2a: Chi-Yu|Chi-Yu, L77|211/211\n|-ability|p2a: Chi-Yu|Beads of Ruin\n|turn|22\n|inactive|thegodkingchad has 210 seconds left.\n|inactive|vileshroomer has 90 seconds left.\n|\n|t:|1782792827\n|switch|p1a: Alomomola|Alomomola, L87, F|225/429 par\n|-damage|p1a: Alomomola|172/429 par|[from] Stealth Rock\n|move|p2a: Chi-Yu|Dark Pulse|p1a: Alomomola\n|-damage|p1a: Alomomola|0 fnt\n|faint|p1a: Alomomola\n|\n|upkeep\n|\n|t:|1782792845\n|switch|p1a: Clodsire|Clodsire, L81, M|183/343\n|-damage|p1a: Clodsire|162/343|[from] Stealth Rock\n|turn|23\n|inactive|vileshroomer has 90 seconds left.\n|\n|t:|1782792855\n|move|p2a: Chi-Yu|Fire Blast|p1a: Clodsire\n|-damage|p1a: Clodsire|6/343\n|-status|p1a: Clodsire|brn\n|move|p1a: Clodsire|Recover|p1a: Clodsire\n|-heal|p1a: Clodsire|178/343 brn\n|\n|-heal|p1a: Clodsire|199/343 brn|[from] item: Leftovers\n|-damage|p1a: Clodsire|178/343 brn|[from] brn\n|upkeep\n|turn|24\n|inactive|vileshroomer has 90 seconds left.\n|\n|t:|1782792888\n|move|p2a: Chi-Yu|Dark Pulse|p1a: Clodsire\n|-damage|p1a: Clodsire|61/343 brn\n|move|p1a: Clodsire|Recover|p1a: Clodsire\n|-heal|p1a: Clodsire|233/343 brn\n|\n|-heal|p1a: Clodsire|254/343 brn|[from] item: Leftovers\n|-damage|p1a: Clodsire|233/343 brn|[from] brn\n|upkeep\n|turn|25\n|inactive|thegodkingchad has 210 seconds left.\n|\n|t:|1782792903\n|move|p2a: Chi-Yu|Dark Pulse|p1a: Clodsire\n|-damage|p1a: Clodsire|124/343 brn\n|cant|p1a: Clodsire|flinch\n|\n|-heal|p1a: Clodsire|145/343 brn|[from] item: Leftovers\n|-damage|p1a: Clodsire|124/343 brn|[from] brn\n|upkeep\n|turn|26\n|\n|t:|1782792911\n|move|p2a: Chi-Yu|Fire Blast|p1a: Clodsire\n|-damage|p1a: Clodsire|0 fnt\n|faint|p1a: Clodsire\n|\n|upkeep\n|inactive|thegodkingchad has 210 seconds left.\n|\n|t:|1782792918\n|switch|p1a: Baxcalibur|Baxcalibur, L75, M|296/296\n|turn|27\n|inactive|thegodkingchad has 210 seconds left.\n|inactive|vileshroomer has 60 seconds left.\n|inactive|vileshroomer has 30 seconds left.\n|inactive|vileshroomer has 20 seconds left.\n|inactive|vileshroomer has 15 seconds left.\n|inactive|vileshroomer has 10 seconds left.\n|inactive|vileshroomer has 5 seconds left.\n|\n|t:|1782793005\n|move|p2a: Chi-Yu|Dark Pulse|p1a: Baxcalibur\n|-damage|p1a: Baxcalibur|169/296\n|move|p1a: Baxcalibur|Dragon Dance|p1a: Baxcalibur\n|-boost|p1a: Baxcalibur|atk|1\n|-boost|p1a: Baxcalibur|spe|1\n|\n|upkeep\n|turn|28\n|inactive|vileshroomer has 15 seconds left this turn.\n|inactive|thegodkingchad has 210 seconds left.\n|inactive|vileshroomer has 10 seconds left.\n|\n|t:|1782793019\n|move|p1a: Baxcalibur|Earthquake|p2a: Chi-Yu\n|-supereffective|p2a: Chi-Yu\n|-damage|p2a: Chi-Yu|0 fnt\n|faint|p2a: Chi-Yu\n|\n|upkeep\n|inactive|vileshroomer has 15 seconds left this turn.\n|\n|t:|1782793021\n|switch|p2a: Wigglytuff|Wigglytuff, L96, M|424/424\n|-damage|p2a: Wigglytuff|371/424|[from] Stealth Rock\n|-status|p2a: Wigglytuff|psn\n|turn|29\n|inactive|vileshroomer has 25 seconds left this turn.\n|inactive|thegodkingchad has 210 seconds left.\n|\n|t:|1782793053\n|move|p1a: Baxcalibur|Icicle Crash|p2a: Wigglytuff\n|-damage|p2a: Wigglytuff|149/424 psn\n|move|p2a: Wigglytuff|Thunder Wave|p1a: Baxcalibur\n|-status|p1a: Baxcalibur|par\n|\n|-heal|p2a: Wigglytuff|175/424 psn|[from] item: Leftovers\n|-damage|p2a: Wigglytuff|122/424 psn|[from] psn\n|upkeep\n|turn|30\n|inactive|vileshroomer has 30 seconds left.\n|\n|t:|1782793062\n|move|p2a: Wigglytuff|Wish|p2a: Wigglytuff\n|move|p1a: Baxcalibur|Earthquake|p2a: Wigglytuff\n|-damage|p2a: Wigglytuff|0 fnt\n|faint|p2a: Wigglytuff\n|\n|win|thegodkingchad\n", "inputlog": ">version f8ac14003a5f27e1bdc8d8c59608a773c1cb96e5\n>start {\"formatid\":\"gen9randombattle\",\"seed\":\"sodium,459bea4ea87424ad8f9f3e69724b71e0\"}\n>player p1 {\"name\":\"thegodkingchad\",\"avatar\":\"102\",\"rating\":0,\"seed\":\"sodium,1bfb71b3efc9d76cc3c85c7cc5c6a68b\"}\n>player p2 {\"name\":\"vileshroomer\",\"avatar\":\"1\",\"rating\":0,\"seed\":\"sodium,9efc869ce5d8483697c27de8bdac2263\"}\n>p1 move stealthrock\n>p2 move shiftgear\n>p1 move earthquake\n>p2 move highhorsepower terastallize\n>p1 switch 3\n>p1 move moongeistbeam\n>p2 move highhorsepower\n>p2 switch 5\n>p1 switch 5\n>p2 move knockoff\n>p1 move wish\n>p2 move thunderwave\n>p1 move flipturn\n>p2 move psychicnoise\n>p1 switch 5\n>p2 move psychicnoise\n>p1 switch 2\n>p1 switch 6\n>p2 move thunderwave\n>p1 move knockoff\n>p2 move knockoff\n>p1 move iciclecrash\n>p2 move psychicnoise\n>p1 switch 5\n>p2 move psychicnoise\n>p1 move flipturn\n>p2 move psychicnoise\n>p1 switch 4\n>p2 switch 6\n>p1 move toxicspikes\n>p2 move poltergeist\n>p1 switch 4\n>p2 move poltergeist\n>p1 switch 4\n>p2 switch 2\n>p1 switch 4\n>p2 move dracometeor\n>p1 move flipturn\n>p2 move stealthrock\n>p1 switch 5\n>p1 move earthquake\n>p2 switch 2\n>p1 move iciclecrash\n>p2 move protect\n>p1 move iciclecrash\n>p2 move drainpunch\n>p2 switch 2\n>p1 move earthquake terastallize\n>p2 move flashcannon\n>p2 switch 3\n>p1 switch 5\n>p2 move darkpulse\n>p1 switch 4\n>p1 move recover\n>p2 move fireblast\n>p1 move recover\n>p2 move darkpulse\n>p1 move earthquake\n>p2 move darkpulse\n>p1 move earthquake\n>p2 move fireblast\n>p1 switch 6\n>p1 move dragondance\n>p2 move darkpulse\n>p1 move earthquake\n>p2 move fireblast\n>p2 switch 4\n>p1 move iciclecrash\n>p2 move thunderwave\n>p1 move earthquake\n>p2 move wish", "uploadtime": 1782793066, "views": 2, "formatid": "gen9randombattle", "rating": null, "private": 0, "password": null, "player_dets": [{"name": "thegodkingchad", "avatar": "102", "rating": 0, "seed": "sodium,1bfb71b3efc9d76cc3c85c7cc5c6a68b"}, {"name": "vileshroomer", "avatar": "1", "rating": 0, "seed": "sodium,9efc869ce5d8483697c27de8bdac2263"}], "teams_full": [{"Copperajah": {"name": "Copperajah", "species": "Copperajah", "speciesId": "copperajah", "gender": "M", "shiny": false, "level": 86, "moves": ["ironhead", "earthquake", "stealthrock", "playrough"], "ability": "Sheer Force", "evs": {"hp": 85, "atk": 85, "def": 85, "spa": 85, "spd": 85, "spe": 85}, "ivs": {"hp": 31, "atk": 31, "def": 31, "spa": 31, "spd": 31, "spe": 31}, "item": "Life Orb", "teraType": "Fairy", "role": "Wallbreaker", "bvs": {"hp": 122, "atk": 130, "def": 69, "spa": 80, "spd": 69, "spe": 30}, "stats": {"hp": 350, "atk": 273, "def": 168, "spa": 187, "spd": 168, "spe": 101}, "types": ["Steel"]}, "Baxcalibur": {"name": "Baxcalibur", "species": "Baxcalibur", "speciesId": "baxcalibur", "gender": "M", "shiny": false, "level": 75, "moves": ["earthquake", "dragondance", "glaiverush", "iciclecrash"], "ability": "Thermal Exchange", "evs": {"hp": 85, "atk": 85, "def": 85, "spa": 85, "spd": 85, "spe": 85}, "ivs": {"hp": 31, "atk": 31, "def": 31, "spa": 31, "spd": 31, "spe": 31}, "item": "Heavy-Duty Boots", "teraType": "Dragon", "role": "Setup Sweeper", "bvs": {"hp": 115, "atk": 145, "def": 92, "spa": 75, "spd": 86, "spe": 87}, "stats": {"hp": 296, "atk": 261, "def": 182, "spa": 156, "spd": 173, "spe": 174}, "types": ["Dragon", "Ice"]}, "Necrozma": {"name": "Necrozma", "species": "Necrozma-Dawn-Wings", "speciesId": "necrozmadawnwings", "gender": "N", "shiny": false, "level": 76, "moves": ["brickbreak", "dragondance", "photongeyser", "moongeistbeam"], "ability": "Prism Armor", "evs": {"hp": 85, "atk": 85, "def": 85, "spa": 85, "spd": 85, "spe": 85}, "ivs": {"hp": 31, "atk": 31, "def": 31, "spa": 31, "spd": 31, "spe": 31}, "item": "Life Orb", "teraType": "Fighting", "role": "Setup Sweeper", "bvs": {"hp": 97, "atk": 113, "def": 109, "spa": 157, "spd": 127, "spe": 77}, "stats": {"hp": 272, "atk": 216, "def": 210, "spa": 283, "spd": 237, "spe": 161}, "types": ["Psychic", "Ghost"]}, "Clodsire": {"name": "Clodsire", "species": "Clodsire", "speciesId": "clodsire", "gender": "M", "shiny": false, "level": 81, "moves": ["earthquake", "toxicspikes", "gunkshot", "recover"], "ability": "Unaware", "evs": {"hp": 85, "atk": 85, "def": 85, "spa": 85, "spd": 85, "spe": 85}, "ivs": {"hp": 31, "atk": 31, "def": 31, "spa": 31, "spd": 31, "spe": 31}, "item": "Leftovers", "teraType": "Flying", "role": "Bulky Attacker", "bvs": {"hp": 130, "atk": 75, "def": 60, "spa": 45, "spd": 100, "spe": 20}, "stats": {"hp": 343, "atk": 168, "def": 144, "spa": 120, "spd": 209, "spe": 79}, "types": ["Poison", "Ground"]}, "Alomomola": {"name": "Alomomola", "species": "Alomomola", "speciesId": "alomomola", "gender": "F", "shiny": false, "level": 87, "moves": ["wish", "scald", "protect", "flipturn"], "ability": "Regenerator", "evs": {"hp": 85, "atk": 85, "def": 85, "spa": 85, "spd": 85, "spe": 85}, "ivs": {"hp": 31, "atk": 31, "def": 31, "spa": 31, "spd": 31, "spe": 31}, "item": "Heavy-Duty Boots", "teraType": "Poison", "role": "Fast Support", "bvs": {"hp": 165, "atk": 75, "def": 80, "spa": 40, "spd": 45, "spe": 65}, "stats": {"hp": 429, "atk": 180, "def": 189, "spa": 119, "spd": 128, "spe": 163}, "types": ["Water"]}, "Mamoswine": {"name": "Mamoswine", "species": "Mamoswine", "speciesId": "mamoswine", "gender": "F", "shiny": false, "level": 81, "moves": ["iciclecrash", "knockoff", "iceshard", "earthquake"], "ability": "Thick Fat", "evs": {"hp": 85, "atk": 85, "def": 85, "spa": 85, "spd": 85, "spe": 85}, "ivs": {"hp": 31, "atk": 31, "def": 31, "spa": 31, "spd": 31, "spe": 31}, "item": "Choice Band", "teraType": "Ground", "role": "Wallbreaker", "bvs": {"hp": 110, "atk": 130, "def": 80, "spa": 70, "spd": 60, "spe": 80}, "stats": {"hp": 311, "atk": 257, "def": 176, "spa": 160, "spd": 144, "spe": 176}, "types": ["Ice", "Ground"]}}, {"Revavroom": {"name": "Revavroom", "species": "Revavroom", "speciesId": "revavroom", "gender": "M", "shiny": false, "level": 79, "moves": ["gunkshot", "ironhead", "shiftgear", "highhorsepower"], "ability": "Filter", "evs": {"hp": 85, "atk": 85, "def": 85, "spa": 85, "spd": 85, "spe": 85}, "ivs": {"hp": 31, "atk": 31, "def": 31, "spa": 31, "spd": 31, "spe": 31}, "item": "Life Orb", "teraType": "Ground", "role": "Fast Attacker", "bvs": {"hp": 80, "atk": 119, "def": 90, "spa": 54, "spd": 67, "spe": 90}, "stats": {"hp": 256, "atk": 234, "def": 188, "spa": 131, "spd": 151, "spe": 188}, "types": ["Steel", "Poison"]}, "Dialga": {"name": "Dialga", "species": "Dialga-Origin", "speciesId": "dialgaorigin", "gender": "N", "shiny": false, "level": 73, "moves": ["dracometeor", "stealthrock", "dragontail", "flashcannon"], "ability": "Pressure", "evs": {"hp": 85, "atk": 85, "def": 85, "spa": 85, "spd": 85, "spe": 85}, "ivs": {"hp": 31, "atk": 31, "def": 31, "spa": 31, "spd": 31, "spe": 31}, "item": "Adamant Crystal", "teraType": "Dragon", "role": "Bulky Attacker", "bvs": {"hp": 100, "atk": 100, "def": 120, "spa": 150, "spd": 120, "spe": 90}, "stats": {"hp": 266, "atk": 188, "def": 218, "spa": 261, "spd": 218, "spe": 174}, "types": ["Steel", "Dragon"]}, "Chi-Yu": {"name": "Chi-Yu", "species": "Chi-Yu", "speciesId": "chiyu", "gender": "N", "shiny": false, "level": 77, "moves": ["darkpulse", "nastyplot", "fireblast", "willowisp"], "ability": "Beads of Ruin", "evs": {"hp": 85, "atk": 0, "def": 85, "spa": 85, "spd": 85, "spe": 85}, "ivs": {"hp": 31, "atk": 0, "def": 31, "spa": 31, "spd": 31, "spe": 31}, "item": "Heavy-Duty Boots", "teraType": "Dark", "role": "Setup Sweeper", "bvs": {"hp": 55, "atk": 80, "def": 80, "spa": 135, "spd": 120, "spe": 100}, "stats": {"hp": 211, "atk": 128, "def": 168, "spa": 252, "spd": 229, "spe": 199}, "types": ["Dark", "Fire"]}, "Wigglytuff": {"name": "Wigglytuff", "species": "Wigglytuff", "speciesId": "wigglytuff", "gender": "M", "shiny": false, "level": 96, "moves": ["alluringvoice", "thunderwave", "protect", "wish"], "ability": "Competitive", "evs": {"hp": 85, "atk": 0, "def": 85, "spa": 85, "spd": 85, "spe": 85}, "ivs": {"hp": 31, "atk": 0, "def": 31, "spa": 31, "spd": 31, "spe": 31}, "item": "Leftovers", "teraType": "Poison", "role": "Bulky Support", "bvs": {"hp": 140, "atk": 70, "def": 45, "spa": 85, "spd": 50, "spe": 45}, "stats": {"hp": 424, "atk": 139, "def": 141, "spa": 218, "spd": 150, "spe": 141}, "types": ["Normal", "Fairy"]}, "Mesprit": {"name": "Mesprit", "species": "Mesprit", "speciesId": "mesprit", "gender": "N", "shiny": false, "level": 85, "moves": ["thunderwave", "uturn", "knockoff", "psychicnoise"], "ability": "Levitate", "evs": {"hp": 85, "atk": 85, "def": 85, "spa": 85, "spd": 85, "spe": 85}, "ivs": {"hp": 31, "atk": 31, "def": 31, "spa": 31, "spd": 31, "spe": 31}, "item": "Leftovers", "teraType": "Dark", "role": "Bulky Attacker", "bvs": {"hp": 80, "atk": 105, "def": 105, "spa": 105, "spd": 105, "spe": 80}, "stats": {"hp": 275, "atk": 227, "def": 227, "spa": 227, "spd": 227, "spe": 185}, "types": ["Psychic"]}, "Trevenant": {"name": "Trevenant", "species": "Trevenant", "speciesId": "trevenant", "gender": "F", "shiny": false, "level": 89, "moves": ["protect", "toxic", "poltergeist", "drainpunch"], "ability": "Harvest", "evs": {"hp": 85, "atk": 85, "def": 85, "spa": 85, "spd": 85, "spe": 85}, "ivs": {"hp": 31, "atk": 31, "def": 31, "spa": 31, "spd": 31, "spe": 31}, "item": "Sitrus Berry", "teraType": "Fighting", "role": "Bulky Support", "bvs": {"hp": 85, "atk": 110, "def": 76, "spa": 65, "spd": 82, "spe": 56}, "stats": {"hp": 296, "atk": 247, "def": 186, "spa": 166, "spd": 197, "spe": 150}, "types": ["Ghost", "Grass"]}}]}