{"id": "gen9randombattle-2641649443", "format": "[Gen 9] Random Battle", "players": ["nikoloz1319", "dinomauro"], "log": "|j|\u2606nikoloz1319\n|j|\u2606dinomauro\n|t:|1782824771\n|gametype|singles\n|player|p1|nikoloz1319|169|1951\n|player|p2|dinomauro|170|1944\n|gen|9\n|tier|[Gen 9] Random Battle\n|rated|\n|rule|Species Clause: Limit one of each Pok\u00e9mon\n|rule|HP Percentage Mod: HP is shown in percentages\n|rule|Sleep Clause Mod: Limit one foe put to sleep\n|rule|Illusion Level Mod: Illusion disguises the Pok\u00e9mon's true level\n|\n|t:|1782824771\n|teamsize|p1|6\n|teamsize|p2|6\n|start\n|switch|p1a: Iron Treads|Iron Treads, L77|265/265\n|switch|p2a: Plusle|Plusle, L95, M|268/268\n|turn|1\n|inactive|Battle timer is ON: inactive players will automatically lose when time's up. (requested by dinomauro)\n|\n|t:|1782824780\n|switch|p2a: Bruxish|Bruxish, L85, M|254/254\n|move|p1a: Iron Treads|Earthquake|p2a: Bruxish\n|-damage|p2a: Bruxish|148/254\n|\n|upkeep\n|turn|2\n|\n|t:|1782824786\n|move|p1a: Iron Treads|Knock Off|p2a: Bruxish\n|-supereffective|p2a: Bruxish\n|-damage|p2a: Bruxish|8/254\n|-enditem|p2a: Bruxish|Choice Band|[from] move: Knock Off|[of] p1a: Iron Treads\n|move|p2a: Bruxish|Flip Turn|p1a: Iron Treads\n|-supereffective|p1a: Iron Treads\n|-damage|p1a: Iron Treads|145/265\n|\n|t:|1782824795\n|switch|p2a: Mabosstiff|Mabosstiff, L86, M|278/278|[from] Flip Turn\n|\n|upkeep\n|turn|3\n|\n|t:|1782824807\n|-end|p1a: Iron Treads|Quark Drive|[silent]\n|switch|p1a: Ditto|Ditto, L87|225/225\n|-transform|p1a: Ditto|p2a: Mabosstiff|[from] ability: Imposter\n|move|p2a: Mabosstiff|Crunch|p1a: Ditto\n|-resisted|p1a: Ditto\n|-damage|p1a: Ditto|126/225\n|\n|upkeep\n|turn|4\n|\n|t:|1782824817\n|switch|p2a: Bruxish|Bruxish, L85, M|8/254\n|move|p1a: Ditto|Play Rough|p2a: Bruxish\n|-damage|p2a: Bruxish|0 fnt\n|faint|p2a: Bruxish\n|\n|upkeep\n|\n|t:|1782824819\n|switch|p2a: Fezandipiti|Fezandipiti, L82, M|278/278\n|turn|5\n|\n|t:|1782824825\n|switch|p1a: Iron Treads|Iron Treads, L77|145/265\n|move|p2a: Fezandipiti|U-turn|p1a: Iron Treads\n|-resisted|p1a: Iron Treads\n|-damage|p1a: Iron Treads|127/265\n|\n|t:|1782824827\n|switch|p2a: Mabosstiff|Mabosstiff, L86, M|278/278|[from] U-turn\n|\n|upkeep\n|turn|6\n|\n|t:|1782824836\n|move|p2a: Mabosstiff|Crunch|p1a: Iron Treads\n|-damage|p1a: Iron Treads|43/265\n|move|p1a: Iron Treads|Earthquake|p2a: Mabosstiff\n|-damage|p2a: Mabosstiff|178/278\n|\n|upkeep\n|turn|7\n|\n|t:|1782824839\n|move|p2a: Mabosstiff|Crunch|p1a: Iron Treads\n|-damage|p1a: Iron Treads|0 fnt\n|faint|p1a: Iron Treads\n|-end|p1a: Iron Treads|Quark Drive|[silent]\n|\n|upkeep\n|\n|t:|1782824842\n|switch|p1a: Ditto|Ditto, L87|126/225\n|-transform|p1a: Ditto|p2a: Mabosstiff|[from] ability: Imposter\n|turn|8\n|\n|t:|1782824847\n|switch|p2a: Fezandipiti|Fezandipiti, L82, M|278/278\n|move|p1a: Ditto|Psychic Fangs|p2a: Fezandipiti\n|-supereffective|p2a: Fezandipiti\n|-damage|p2a: Fezandipiti|0 fnt\n|faint|p2a: Fezandipiti\n|\n|upkeep\n|\n|t:|1782824851\n|switch|p2a: Smeargle|Smeargle, L95, M|258/258\n|turn|9\n|\n|t:|1782824854\n|move|p1a: Ditto|Psychic Fangs|p2a: Smeargle\n|-damage|p2a: Smeargle|141/258\n|move|p2a: Smeargle|Spore|p1a: Ditto\n|-status|p1a: Ditto|slp|[from] move: Spore\n|\n|upkeep\n|turn|10\n|\n|t:|1782824857\n|switch|p1a: Azumarill|Azumarill, L82, M|298/298\n|move|p2a: Smeargle|Sticky Web|p1a: Azumarill\n|-sidestart|p1: nikoloz1319|move: Sticky Web\n|\n|upkeep\n|turn|11\n|\n|t:|1782824861\n|move|p1a: Azumarill|Liquidation|p2a: Smeargle\n|-damage|p2a: Smeargle|0 fnt\n|faint|p2a: Smeargle\n|\n|upkeep\n|\n|t:|1782824864\n|switch|p2a: Plusle|Plusle, L95, M|268/268\n|turn|12\n|\n|t:|1782824867\n|move|p2a: Plusle|Thunderbolt|p1a: Azumarill\n|-supereffective|p1a: Azumarill\n|-damage|p1a: Azumarill|0 fnt\n|faint|p1a: Azumarill\n|-damage|p2a: Plusle|242/268|[from] item: Life Orb\n|\n|upkeep\n|\n|t:|1782824876\n|switch|p1a: Grimmsnarl|Grimmsnarl, L83, M|293/293\n|-activate|p1a: Grimmsnarl|move: Sticky Web\n|-unboost|p1a: Grimmsnarl|spe|1\n|turn|13\n|\n|t:|1782824879\n|move|p1a: Grimmsnarl|Light Screen|p1a: Grimmsnarl\n|-sidestart|p1: nikoloz1319|move: Light Screen\n|move|p2a: Plusle|Alluring Voice|p1a: Grimmsnarl\n|-supereffective|p1a: Grimmsnarl\n|-damage|p1a: Grimmsnarl|193/293\n|-damage|p2a: Plusle|216/268|[from] item: Life Orb\n|\n|upkeep\n|turn|14\n|\n|t:|1782824882\n|move|p2a: Plusle|Alluring Voice|p1a: Grimmsnarl\n|-supereffective|p1a: Grimmsnarl\n|-damage|p1a: Grimmsnarl|102/293\n|-damage|p2a: Plusle|190/268|[from] item: Life Orb\n|move|p1a: Grimmsnarl|Spirit Break|p2a: Plusle\n|-damage|p2a: Plusle|60/268\n|-unboost|p2a: Plusle|spa|1\n|\n|upkeep\n|turn|15\n|\n|t:|1782824885\n|move|p2a: Plusle|Alluring Voice|p1a: Grimmsnarl\n|-supereffective|p1a: Grimmsnarl\n|-damage|p1a: Grimmsnarl|40/293\n|-damage|p2a: Plusle|34/268|[from] item: Life Orb\n|move|p1a: Grimmsnarl|Spirit Break|p2a: Plusle\n|-damage|p2a: Plusle|0 fnt\n|faint|p2a: Plusle\n|\n|upkeep\n|\n|t:|1782824888\n|switch|p2a: Mabosstiff|Mabosstiff, L86, M|178/278\n|turn|16\n|\n|t:|1782824890\n|move|p1a: Grimmsnarl|Reflect|p1a: Grimmsnarl\n|-sidestart|p1: nikoloz1319|Reflect\n|move|p2a: Mabosstiff|Play Rough|p1a: Grimmsnarl\n|-supereffective|p1a: Grimmsnarl\n|-damage|p1a: Grimmsnarl|0 fnt\n|faint|p1a: Grimmsnarl\n|\n|upkeep\n|\n|t:|1782824895\n|switch|p1a: Tsareena|Tsareena, L87, F|267/267\n|-activate|p1a: Tsareena|move: Sticky Web\n|-unboost|p1a: Tsareena|spe|1\n|turn|17\n|\n|t:|1782824901\n|move|p2a: Mabosstiff|Play Rough|p1a: Tsareena\n|-damage|p1a: Tsareena|234/267\n|move|p1a: Tsareena|Power Whip|p2a: Mabosstiff\n|-crit|p2a: Mabosstiff\n|-damage|p2a: Mabosstiff|0 fnt\n|faint|p2a: Mabosstiff\n|\n|upkeep\n|\n|t:|1782824903\n|switch|p2a: Zamazenta|Zamazenta-Crowned, L68|238/238\n|-ability|p2a: Zamazenta|Dauntless Shield|boost\n|-boost|p2a: Zamazenta|def|1\n|turn|18\n|\n|t:|1782824908\n|switch|p1a: Ditto|Ditto, L87|126/225 slp\n|-activate|p1a: Ditto|move: Sticky Web\n|-unboost|p1a: Ditto|spe|1\n|-transform|p1a: Ditto|p2a: Zamazenta|[from] ability: Imposter\n|-ability|p1a: Ditto|Dauntless Shield|boost\n|-boost|p1a: Ditto|def|1\n|move|p2a: Zamazenta|Iron Defense|p2a: Zamazenta\n|-boost|p2a: Zamazenta|def|2\n|\n|upkeep\n|turn|19\n|\n|t:|1782824911\n|cant|p1a: Ditto|slp\n|move|p2a: Zamazenta|Iron Defense|p2a: Zamazenta\n|-boost|p2a: Zamazenta|def|2\n|\n|upkeep\n|turn|20\n|\n|t:|1782824916\n|cant|p1a: Ditto|slp\n|move|p2a: Zamazenta|Iron Defense|p2a: Zamazenta\n|-boost|p2a: Zamazenta|def|1\n|\n|-sideend|p1: nikoloz1319|move: Light Screen\n|upkeep\n|turn|21\n|\n|t:|1782824919\n|-curestatus|p1a: Ditto|slp|[msg]\n|move|p1a: Ditto|Body Press|p2a: Zamazenta\n|-supereffective|p2a: Zamazenta\n|-damage|p2a: Zamazenta|154/238\n|move|p2a: Zamazenta|Body Press|p1a: Ditto\n|-supereffective|p1a: Ditto\n|-damage|p1a: Ditto|0 fnt\n|faint|p1a: Ditto\n|\n|upkeep\n|\n|t:|1782824928\n|switch|p1a: Tsareena|Tsareena, L87, F|234/267\n|-activate|p1a: Tsareena|move: Sticky Web\n|-unboost|p1a: Tsareena|spe|1\n|turn|22\n|\n|t:|1782824935\n|-terastallize|p1a: Tsareena|Fighting\n|move|p2a: Zamazenta|Body Press|p1a: Tsareena\n|-damage|p1a: Tsareena|108/267\n|move|p1a: Tsareena|High Jump Kick|p2a: Zamazenta\n|-supereffective|p2a: Zamazenta\n|-crit|p2a: Zamazenta\n|-damage|p2a: Zamazenta|0 fnt\n|faint|p2a: Zamazenta\n|\n|win|nikoloz1319\n", "inputlog": ">version f8ac14003a5f27e1bdc8d8c59608a773c1cb96e5\n>start {\"formatid\":\"gen9randombattle\",\"seed\":\"sodium,a110672c90dc22bcaadae00af19bc739\",\"rated\":\"Rated battle\"}\n>player p1 {\"name\":\"nikoloz1319\",\"avatar\":\"169\",\"rating\":1951,\"seed\":\"sodium,ac1e95e0b1779c483a8f58fcbb8182ae\"}\n>player p2 {\"name\":\"dinomauro\",\"avatar\":\"170\",\"rating\":1944,\"seed\":\"sodium,9d35a2f52d75c7765a138cc7797c0bfa\"}\n>p1 move earthquake\n>p2 switch 5\n>p1 move knockoff\n>p2 move flipturn\n>p2 switch 6\n>p1 switch 6\n>p2 move crunch\n>p1 move playrough\n>p2 switch 6\n>p2 switch 2\n>p1 switch 6\n>p2 move uturn\n>p2 switch 6\n>p1 move earthquake\n>p2 move crunch\n>p1 move earthquake\n>p2 move crunch\n>p1 switch 6\n>p1 move psychicfangs\n>p2 switch 6\n>p2 switch 3\n>p1 move psychicfangs\n>p2 move spore\n>p1 switch 4\n>p2 move stickyweb\n>p1 move liquidation\n>p2 move whirlwind\n>p2 switch 5\n>p1 move liquidation\n>p2 move thunderbolt\n>p1 switch 3\n>p1 move lightscreen\n>p2 move alluringvoice\n>p1 move spiritbreak\n>p2 move alluringvoice\n>p1 move spiritbreak\n>p2 move alluringvoice\n>p2 switch 6\n>p1 move reflect\n>p2 move playrough\n>p1 switch 2\n>p1 move powerwhip\n>p2 move playrough\n>p2 switch 4\n>p1 switch 4\n>p2 move irondefense\n>p1 move bodypress\n>p2 move irondefense\n>p1 move bodypress\n>p2 move irondefense\n>p1 move bodypress\n>p2 move bodypress\n>p1 switch 4\n>p1 move highjumpkick terastallize\n>p2 move bodypress", "uploadtime": 1782824773, "views": 3, "formatid": "gen9randombattle", "rating": null, "private": 0, "password": null, "player_dets": [{"name": "nikoloz1319", "avatar": "169", "rating": 1951, "seed": "sodium,ac1e95e0b1779c483a8f58fcbb8182ae"}, {"name": "dinomauro", "avatar": "170", "rating": 1944, "seed": "sodium,9d35a2f52d75c7765a138cc7797c0bfa"}], "teams_full": [{"Iron Treads": {"name": "Iron Treads", "species": "Iron Treads", "speciesId": "irontreads", "gender": "N", "shiny": false, "level": 77, "moves": ["rapidspin", "ironhead", "earthquake", "knockoff"], "ability": "Quark Drive", "evs": {"hp": 85, "atk": 85, "def": 85, "spa": 85, "spd": 85, "spe": 85}, "ivs": {"hp": 31, "atk": 31, "def": 31, "spa": 31, "spd": 31, "spe": 31}, "item": "Assault Vest", "teraType": "Water", "role": "Bulky Support", "bvs": {"hp": 90, "atk": 112, "def": 120, "spa": 72, "spd": 70, "spe": 106}, "stats": {"hp": 265, "atk": 217, "def": 229, "spa": 155, "spd": 152, "spe": 208}, "types": ["Ground", "Steel"]}, "Tsareena": {"name": "Tsareena", "species": "Tsareena", "speciesId": "tsareena", "gender": "F", "shiny": false, "level": 87, "moves": ["highjumpkick", "uturn", "knockoff", "powerwhip"], "ability": "Queenly Majesty", "evs": {"hp": 85, "atk": 85, "def": 85, "spa": 85, "spd": 85, "spe": 85}, "ivs": {"hp": 31, "atk": 31, "def": 31, "spa": 31, "spd": 31, "spe": 31}, "item": "Choice Scarf", "teraType": "Fighting", "role": "Fast Support", "bvs": {"hp": 72, "atk": 120, "def": 98, "spa": 50, "spd": 98, "spe": 72}, "stats": {"hp": 267, "atk": 259, "def": 220, "spa": 137, "spd": 220, "spe": 175}, "types": ["Grass"]}, "Grimmsnarl": {"name": "Grimmsnarl", "species": "Grimmsnarl", "speciesId": "grimmsnarl", "gender": "M", "shiny": false, "level": 83, "moves": ["lightscreen", "reflect", "spiritbreak", "thunderwave"], "ability": "Prankster", "evs": {"hp": 85, "atk": 85, "def": 85, "spa": 85, "spd": 85, "spe": 85}, "ivs": {"hp": 31, "atk": 31, "def": 31, "spa": 31, "spd": 31, "spe": 31}, "item": "Light Clay", "teraType": "Steel", "role": "Bulky Support", "bvs": {"hp": 95, "atk": 120, "def": 65, "spa": 95, "spd": 75, "spe": 60}, "stats": {"hp": 293, "atk": 247, "def": 156, "spa": 205, "spd": 172, "spe": 147}, "types": ["Dark", "Fairy"]}, "Azumarill": {"name": "Azumarill", "species": "Azumarill", "speciesId": "azumarill", "gender": "M", "shiny": false, "level": 82, "moves": ["playrough", "knockoff", "aquajet", "liquidation"], "ability": "Huge Power", "evs": {"hp": 85, "atk": 85, "def": 85, "spa": 85, "spd": 85, "spe": 85}, "ivs": {"hp": 31, "atk": 31, "def": 31, "spa": 31, "spd": 31, "spe": 31}, "item": "Choice Band", "teraType": "Water", "role": "Bulky Attacker", "bvs": {"hp": 100, "atk": 50, "def": 80, "spa": 60, "spd": 80, "spe": 50}, "stats": {"hp": 298, "atk": 129, "def": 178, "spa": 146, "spd": 178, "spe": 129}, "types": ["Water", "Fairy"]}, "Reshiram": {"name": "Reshiram", "species": "Reshiram", "speciesId": "reshiram", "gender": "N", "shiny": false, "level": 76, "moves": ["stoneedge", "flareblitz", "outrage", "dragondance"], "ability": "Turboblaze", "evs": {"hp": 85, "atk": 85, "def": 85, "spa": 85, "spd": 85, "spe": 85}, "ivs": {"hp": 31, "atk": 31, "def": 31, "spa": 31, "spd": 31, "spe": 31}, "item": "Heavy-Duty Boots", "teraType": "Fire", "role": "Setup Sweeper", "bvs": {"hp": 100, "atk": 120, "def": 100, "spa": 150, "spd": 120, "spe": 90}, "stats": {"hp": 277, "atk": 226, "def": 196, "spa": 272, "spd": 226, "spe": 181}, "types": ["Dragon", "Fire"]}, "Ditto": {"name": "Ditto", "species": "Ditto", "speciesId": "ditto", "gender": "N", "shiny": false, "level": 87, "moves": ["transform"], "ability": "Imposter", "evs": {"hp": 85, "atk": 85, "def": 85, "spa": 85, "spd": 85, "spe": 85}, "ivs": {"hp": 31, "atk": 31, "def": 31, "spa": 31, "spd": 31, "spe": 31}, "item": "Choice Scarf", "teraType": "Steel", "role": "Fast Support", "bvs": {"hp": 48, "atk": 48, "def": 48, "spa": 48, "spd": 48, "spe": 48}, "stats": {"hp": 225, "atk": 133, "def": 133, "spa": 133, "spd": 133, "spe": 133}, "types": ["Normal"]}}, {"Plusle": {"name": "Plusle", "species": "Plusle", "speciesId": "plusle", "gender": "M", "shiny": false, "level": 95, "moves": ["nastyplot", "alluringvoice", "grassknot", "thunderbolt"], "ability": "Lightning Rod", "evs": {"hp": 85, "atk": 0, "def": 85, "spa": 85, "spd": 85, "spe": 85}, "ivs": {"hp": 31, "atk": 0, "def": 31, "spa": 31, "spd": 31, "spe": 31}, "item": "Life Orb", "teraType": "Fairy", "role": "Setup Sweeper", "bvs": {"hp": 60, "atk": 50, "def": 40, "spa": 85, "spd": 75, "spe": 95}, "stats": {"hp": 268, "atk": 100, "def": 130, "spa": 215, "spd": 196, "spe": 234}, "types": ["Electric"]}, "Fezandipiti": {"name": "Fezandipiti", "species": "Fezandipiti", "speciesId": "fezandipiti", "gender": "M", "shiny": false, "level": 82, "moves": ["roost", "moonblast", "uturn", "gunkshot"], "ability": "Toxic Chain", "evs": {"hp": 85, "atk": 85, "def": 85, "spa": 85, "spd": 85, "spe": 85}, "ivs": {"hp": 31, "atk": 31, "def": 31, "spa": 31, "spd": 31, "spe": 31}, "item": "Leftovers", "teraType": "Steel", "role": "Bulky Attacker", "bvs": {"hp": 88, "atk": 91, "def": 82, "spa": 70, "spd": 125, "spe": 99}, "stats": {"hp": 278, "atk": 196, "def": 182, "spa": 162, "spd": 252, "spe": 210}, "types": ["Poison", "Fairy"]}, "Smeargle": {"name": "Smeargle", "species": "Smeargle", "speciesId": "smeargle", "gender": "M", "shiny": false, "level": 95, "moves": ["ceaselessedge", "stickyweb", "whirlwind", "spore"], "ability": "Own Tempo", "evs": {"hp": 85, "atk": 85, "def": 85, "spa": 85, "spd": 85, "spe": 85}, "ivs": {"hp": 31, "atk": 31, "def": 31, "spa": 31, "spd": 31, "spe": 31}, "item": "Focus Sash", "teraType": "Ghost", "role": "Fast Support", "bvs": {"hp": 55, "atk": 20, "def": 35, "spa": 20, "spd": 45, "spe": 75}, "stats": {"hp": 258, "atk": 92, "def": 120, "spa": 92, "spd": 139, "spe": 196}, "types": ["Normal"]}, "Zamazenta": {"name": "Zamazenta", "species": "Zamazenta", "speciesId": "zamazentacrowned", "gender": "N", "shiny": false, "level": 68, "moves": ["heavyslam", "bodypress", "stoneedge", "irondefense"], "ability": "Dauntless Shield", "evs": {"hp": 85, "atk": 85, "def": 85, "spa": 85, "spd": 85, "spe": 85}, "ivs": {"hp": 31, "atk": 31, "def": 31, "spa": 31, "spd": 31, "spe": 31}, "item": "Rusted Shield", "teraType": "Ghost", "role": "Bulky Setup", "bvs": {"hp": 92, "atk": 120, "def": 140, "spa": 80, "spd": 140, "spe": 128}, "stats": {"hp": 238, "atk": 203, "def": 230, "spa": 149, "spd": 230, "spe": 214}, "types": ["Fighting", "Steel"]}, "Bruxish": {"name": "Bruxish", "species": "Bruxish", "speciesId": "bruxish", "gender": "M", "shiny": false, "level": 85, "moves": ["flipturn", "psychicfangs", "wavecrash", "crunch"], "ability": "Strong Jaw", "evs": {"hp": 85, "atk": 85, "def": 85, "spa": 85, "spd": 85, "spe": 85}, "ivs": {"hp": 31, "atk": 31, "def": 31, "spa": 31, "spd": 31, "spe": 31}, "item": "Choice Band", "teraType": "Dark", "role": "Fast Attacker", "bvs": {"hp": 68, "atk": 105, "def": 70, "spa": 70, "spd": 70, "spe": 92}, "stats": {"hp": 254, "atk": 227, "def": 168, "spa": 168, "spd": 168, "spe": 205}, "types": ["Water", "Psychic"]}, "Mabosstiff": {"name": "Mabosstiff", "species": "Mabosstiff", "speciesId": "mabosstiff", "gender": "M", "shiny": false, "level": 86, "moves": ["wildcharge", "psychicfangs", "playrough", "crunch"], "ability": "Stakeout", "evs": {"hp": 85, "atk": 85, "def": 85, "spa": 85, "spd": 85, "spe": 85}, "ivs": {"hp": 31, "atk": 31, "def": 31, "spa": 31, "spd": 31, "spe": 31}, "item": "Choice Scarf", "teraType": "Fairy", "role": "Bulky Attacker", "bvs": {"hp": 80, "atk": 120, "def": 90, "spa": 60, "spd": 70, "spe": 85}, "stats": {"hp": 278, "atk": 256, "def": 204, "spa": 152, "spd": 170, "spe": 195}, "types": ["Dark"]}}]}