{"id": "gen9randombattle-2641534305", "format": "[Gen 9] Random Battle", "players": ["Roach11", "Cosmickrazyy"], "log": "|j|\u2606Roach11\n|j|\u2606Cosmickrazyy\n|t:|1782802587\n|gametype|singles\n|player|p1|Roach11|1|1213\n|player|p2|Cosmickrazyy|hilda-wonderlauncher|1234\n|gen|9\n|tier|[Gen 9] Random Battle\n|rated|\n|rule|Species Clause: Limit one of each Pok\u00e9mon\n|rule|HP Percentage Mod: HP is shown in percentages\n|rule|Sleep Clause Mod: Limit one foe put to sleep\n|rule|Illusion Level Mod: Illusion disguises the Pok\u00e9mon's true level\n|\n|t:|1782802587\n|teamsize|p1|6\n|teamsize|p2|6\n|start\n|switch|p1a: Bruxish|Bruxish, L85, M|254/254\n|switch|p2a: Orthworm|Orthworm, L88, M|266/266\n|turn|1\n|inactive|Battle timer is ON: inactive players will automatically lose when time's up. (requested by Roach11)\n|\n|t:|1782802609\n|switch|p2a: Grimmsnarl|Grimmsnarl, L83, M|293/293\n|move|p1a: Bruxish|Wave Crash|p2a: Grimmsnarl\n|-damage|p2a: Grimmsnarl|32/293\n|-damage|p1a: Bruxish|168/254|[from] Recoil\n|\n|upkeep\n|turn|2\n|\n|t:|1782802619\n|move|p2a: Grimmsnarl|Parting Shot|p1a: Bruxish\n|-unboost|p1a: Bruxish|atk|1\n|-unboost|p1a: Bruxish|spa|1\n|\n|t:|1782802628\n|switch|p2a: Cacturne|Cacturne, L92, M|278/278|[from] Parting Shot\n|move|p1a: Bruxish|Wave Crash|p2a: Cacturne\n|-immune|p2a: Cacturne|[from] ability: Water Absorb\n|\n|upkeep\n|turn|3\n|\n|t:|1782802637\n|switch|p1a: Entei|Entei, L78|307/307\n|move|p2a: Cacturne|Toxic Spikes|p1a: Entei\n|-sidestart|p1: Roach11|move: Toxic Spikes\n|\n|upkeep\n|turn|4\n|\n|t:|1782802667\n|switch|p2a: Dragalge|Dragalge, L88, F|258/258\n|move|p1a: Entei|Sacred Fire|p2a: Dragalge\n|-resisted|p2a: Dragalge\n|-damage|p2a: Dragalge|189/258\n|\n|upkeep\n|turn|5\n|inactive|Cosmickrazyy has 120 seconds left.\n|\n|t:|1782802696\n|switch|p1a: Goodra|Goodra-Hisui, L82, M|265/265\n|move|p2a: Dragalge|Draco Meteor|p1a: Goodra\n|-damage|p1a: Goodra|125/265\n|-unboost|p2a: Dragalge|spa|2\n|\n|upkeep\n|turn|6\n|inactive|Cosmickrazyy has 120 seconds left.\n|\n|t:|1782802710\n|switch|p2a: Cacturne|Cacturne, L92, M|278/278\n|move|p1a: Goodra|Heavy Slam|p2a: Cacturne\n|-damage|p2a: Cacturne|152/278\n|\n|upkeep\n|turn|7\n|\n|t:|1782802719\n|move|p2a: Cacturne|Toxic Spikes|p1a: Goodra\n|-sidestart|p1: Roach11|move: Toxic Spikes\n|move|p1a: Goodra|Fire Blast|p2a: Cacturne\n|-supereffective|p2a: Cacturne\n|-damage|p2a: Cacturne|0 fnt\n|faint|p2a: Cacturne\n|\n|upkeep\n|\n|t:|1782802726\n|switch|p2a: Grimmsnarl|Grimmsnarl, L83, M|32/293\n|turn|8\n|\n|t:|1782802733\n|move|p2a: Grimmsnarl|Parting Shot|p1a: Goodra\n|-unboost|p1a: Goodra|atk|1\n|-unboost|p1a: Goodra|spa|1\n|\n|t:|1782802738\n|switch|p2a: Dragalge|Dragalge, L88, F|189/258|[from] Parting Shot\n|move|p1a: Goodra|Heavy Slam|p2a: Dragalge\n|-damage|p2a: Dragalge|119/258\n|\n|upkeep\n|turn|9\n|\n|t:|1782802753\n|move|p1a: Goodra|Heavy Slam|p2a: Dragalge\n|-crit|p2a: Dragalge\n|-damage|p2a: Dragalge|0 fnt\n|faint|p2a: Dragalge\n|\n|upkeep\n|\n|t:|1782802761\n|switch|p2a: Blastoise|Blastoise, L80, F|258/258\n|turn|10\n|\n|t:|1782802776\n|switch|p1a: Ursaring|Ursaring, L84, M|288/288\n|-status|p1a: Ursaring|tox\n|move|p2a: Blastoise|Shell Smash|p2a: Blastoise\n|-unboost|p2a: Blastoise|def|1\n|-unboost|p2a: Blastoise|spd|1\n|-boost|p2a: Blastoise|atk|2\n|-boost|p2a: Blastoise|spa|2\n|-boost|p2a: Blastoise|spe|2\n|-enditem|p2a: Blastoise|White Herb\n|-clearnegativeboost|p2a: Blastoise|[silent]\n|\n|-damage|p1a: Ursaring|270/288 tox|[from] psn\n|upkeep\n|turn|11\n|\n|t:|1782802793\n|move|p2a: Blastoise|Hydro Pump|p1a: Ursaring\n|-damage|p1a: Ursaring|57/288 tox\n|move|p1a: Ursaring|Facade|p2a: Blastoise\n|-damage|p2a: Blastoise|84/258\n|\n|-damage|p1a: Ursaring|21/288 tox|[from] psn\n|upkeep\n|turn|12\n|\n|t:|1782802806\n|move|p2a: Blastoise|Earthquake|p1a: Ursaring\n|-damage|p1a: Ursaring|0 fnt\n|faint|p1a: Ursaring\n|\n|upkeep\n|inactive|Roach11 has 120 seconds left.\n|\n|t:|1782802828\n|switch|p1a: Blissey|Blissey, L85, F|572/572\n|-status|p1a: Blissey|tox\n|turn|13\n|inactive|Cosmickrazyy has 120 seconds left.\n|\n|t:|1782802864\n|move|p2a: Blastoise|Earthquake|p1a: Blissey\n|-damage|p1a: Blissey|228/572 tox\n|move|p1a: Blissey|Thunder Wave|p2a: Blastoise\n|-status|p2a: Blastoise|par\n|\n|-heal|p1a: Blissey|263/572 tox|[from] item: Leftovers\n|-damage|p1a: Blissey|228/572 tox|[from] psn\n|upkeep\n|turn|14\n|inactive|Cosmickrazyy has 120 seconds left.\n|inactive|Roach11 has 120 seconds left.\n|\n|t:|1782802882\n|move|p2a: Blastoise|Earthquake|p1a: Blissey\n|-damage|p1a: Blissey|0 fnt\n|faint|p1a: Blissey\n|\n|upkeep\n|\n|t:|1782802886\n|switch|p1a: Bruxish|Bruxish, L85, M|168/254\n|-status|p1a: Bruxish|tox\n|turn|15\n|inactive|Cosmickrazyy has 120 seconds left.\n|\n|t:|1782802905\n|move|p1a: Bruxish|Psychic Fangs|p2a: Blastoise\n|-damage|p2a: Blastoise|0 fnt\n|faint|p2a: Blastoise\n|\n|-damage|p1a: Bruxish|153/254 tox|[from] psn\n|upkeep\n|inactive|Cosmickrazyy has 120 seconds left.\n|\n|t:|1782802910\n|switch|p2a: Thundurus|Thundurus-Therian, L80, M|258/258\n|turn|16\n|inactive|Cosmickrazyy has 120 seconds left.\n|\n|t:|1782802922\n|switch|p1a: Swampert|Swampert, L83, F|302/302\n|-status|p1a: Swampert|tox\n|move|p2a: Thundurus|Nasty Plot|p2a: Thundurus\n|-boost|p2a: Thundurus|spa|2\n|\n|-damage|p1a: Swampert|284/302 tox|[from] psn\n|upkeep\n|turn|17\n|inactive|Cosmickrazyy has 120 seconds left.\n|\n|t:|1782802934\n|-terastallize|p1a: Swampert|Steel\n|move|p2a: Thundurus|Focus Blast|p1a: Swampert\n|-supereffective|p1a: Swampert\n|-damage|p1a: Swampert|0 fnt\n|faint|p1a: Swampert\n|\n|upkeep\n|\n|t:|1782802943\n|switch|p1a: Entei|Entei, L78|307/307\n|-status|p1a: Entei|tox\n|turn|18\n|\n|t:|1782802951\n|move|p2a: Thundurus|Thunderbolt|p1a: Entei\n|-damage|p1a: Entei|12/307 tox\n|move|p1a: Entei|Stone Edge|p2a: Thundurus|[miss]\n|-miss|p1a: Entei|p2a: Thundurus\n|\n|-damage|p1a: Entei|0 fnt|[from] psn\n|faint|p1a: Entei\n|upkeep\n|-message|Roach11 forfeited.\n|\n|win|Cosmickrazyy\n|raw|Roach11's rating: 1213 &rarr; <strong>1190</strong><br />(-23 for losing)\n|raw|Cosmickrazyy's rating: 1234 &rarr; <strong>1257</strong><br />(+23 for winning)\n|l|\u2606Roach11\n|player|p1|\n", "inputlog": ">version f8ac14003a5f27e1bdc8d8c59608a773c1cb96e5\n>start {\"formatid\":\"gen9randombattle\",\"seed\":\"sodium,6c370cf23b453f721883d2f38083aab5\",\"rated\":\"Rated battle\"}\n>player p1 {\"name\":\"Roach11\",\"avatar\":\"1\",\"rating\":1213,\"seed\":\"sodium,39c5e4d3c99e4c7600004008cafedbb4\"}\n>player p2 {\"name\":\"Cosmickrazyy\",\"avatar\":\"hilda-wonderlauncher\",\"rating\":1234,\"seed\":\"sodium,5af6b843cd221924d34c1b78a781b3fb\"}\n>p1 move wavecrash\n>p2 switch 2\n>p1 move wavecrash\n>p2 move partingshot\n>p2 switch 4\n>p1 switch 4\n>p2 move toxicspikes\n>p1 move sacredfire\n>p2 switch 3\n>p1 switch 5\n>p2 move dracometeor\n>p1 move heavyslam\n>p2 switch 3\n>p1 move fireblast\n>p2 move toxicspikes\n>p2 switch 4\n>p1 move heavyslam\n>p2 move partingshot\n>p2 switch 3\n>p1 move heavyslam\n>p2 move dracometeor\n>p2 switch 6\n>p1 switch 3\n>p2 move shellsmash\n>p1 move facade\n>p2 move hydropump\n>p1 move throatchop\n>p2 move earthquake\n>p1 switch 2\n>p1 move thunderwave\n>p2 move earthquake\n>p1 move stealthrock\n>p2 move earthquake\n>p1 switch 4\n>p1 move psychicfangs\n>p2 move earthquake\n>p2 switch 5\n>p1 switch 6\n>p2 move nastyplot\n>p1 move icebeam terastallize\n>p2 move focusblast\n>p1 switch 5\n>p1 move stoneedge\n>p2 move thunderbolt\n>forcelose p1", "uploadtime": 1782802959, "views": 2, "formatid": "gen9randombattle", "rating": 1190, "private": 0, "password": null, "player_dets": [{"name": "Roach11", "avatar": "1", "rating": 1213, "seed": "sodium,39c5e4d3c99e4c7600004008cafedbb4"}, {"name": "Cosmickrazyy", "avatar": "hilda-wonderlauncher", "rating": 1234, "seed": "sodium,5af6b843cd221924d34c1b78a781b3fb"}], "teams_full": [{"Bruxish": {"name": "Bruxish", "species": "Bruxish", "speciesId": "bruxish", "gender": "M", "shiny": false, "level": 85, "moves": ["icefang", "wavecrash", "psychicfangs", "aquajet"], "ability": "Strong Jaw", "evs": {"hp": 85, "atk": 85, "def": 85, "spa": 85, "spd": 85, "spe": 85}, "ivs": {"hp": 31, "atk": 31, "def": 31, "spa": 31, "spd": 31, "spe": 31}, "item": "Choice Band", "teraType": "Psychic", "role": "Fast Attacker", "bvs": {"hp": 68, "atk": 105, "def": 70, "spa": 70, "spd": 70, "spe": 92}, "stats": {"hp": 254, "atk": 227, "def": 168, "spa": 168, "spd": 168, "spe": 205}, "types": ["Water", "Psychic"]}, "Blissey": {"name": "Blissey", "species": "Blissey", "speciesId": "blissey", "gender": "F", "shiny": false, "level": 85, "moves": ["stealthrock", "seismictoss", "thunderwave", "softboiled"], "ability": "Natural Cure", "evs": {"hp": 85, "atk": 0, "def": 85, "spa": 85, "spd": 85, "spe": 85}, "ivs": {"hp": 31, "atk": 0, "def": 31, "spa": 31, "spd": 31, "spe": 31}, "item": "Leftovers", "teraType": "Fairy", "role": "Bulky Support", "bvs": {"hp": 255, "atk": 10, "def": 10, "spa": 75, "spd": 135, "spe": 55}, "stats": {"hp": 572, "atk": 22, "def": 66, "spa": 176, "spd": 278, "spe": 142}, "types": ["Normal"]}, "Ursaring": {"name": "Ursaring", "species": "Ursaring", "speciesId": "ursaring", "gender": "M", "shiny": false, "level": 84, "moves": ["throatchop", "swordsdance", "closecombat", "facade"], "ability": "Quick Feet", "evs": {"hp": 85, "atk": 85, "def": 85, "spa": 85, "spd": 85, "spe": 85}, "ivs": {"hp": 31, "atk": 31, "def": 31, "spa": 31, "spd": 31, "spe": 31}, "item": "Toxic Orb", "teraType": "Normal", "role": "Setup Sweeper", "bvs": {"hp": 90, "atk": 130, "def": 75, "spa": 75, "spd": 75, "spe": 55}, "stats": {"hp": 288, "atk": 267, "def": 174, "spa": 174, "spd": 174, "spe": 141}, "types": ["Normal"]}, "Entei": {"name": "Entei", "species": "Entei", "speciesId": "entei", "gender": "N", "shiny": false, "level": 78, "moves": ["extremespeed", "stoneedge", "sacredfire", "flareblitz"], "ability": "Inner Focus", "evs": {"hp": 85, "atk": 85, "def": 85, "spa": 85, "spd": 85, "spe": 85}, "ivs": {"hp": 31, "atk": 31, "def": 31, "spa": 31, "spd": 31, "spe": 31}, "item": "Choice Band", "teraType": "Fire", "role": "Fast Attacker", "bvs": {"hp": 115, "atk": 115, "def": 85, "spa": 90, "spd": 75, "spe": 100}, "stats": {"hp": 307, "atk": 224, "def": 178, "spa": 185, "spd": 162, "spe": 201}, "types": ["Fire"]}, "Goodra": {"name": "Goodra", "species": "Goodra-Hisui", "speciesId": "goodrahisui", "gender": "M", "shiny": false, "level": 82, "moves": ["heavyslam", "dracometeor", "fireblast", "thunderbolt"], "ability": "Sap Sipper", "evs": {"hp": 85, "atk": 85, "def": 85, "spa": 85, "spd": 85, "spe": 85}, "ivs": {"hp": 31, "atk": 31, "def": 31, "spa": 31, "spd": 31, "spe": 31}, "item": "Assault Vest", "teraType": "Dragon", "role": "AV Pivot", "bvs": {"hp": 80, "atk": 100, "def": 100, "spa": 110, "spd": 150, "spe": 60}, "stats": {"hp": 265, "atk": 211, "def": 211, "spa": 228, "spd": 293, "spe": 146}, "types": ["Steel", "Dragon"]}, "Swampert": {"name": "Swampert", "species": "Swampert", "speciesId": "swampert", "gender": "F", "shiny": false, "level": 83, "moves": ["roar", "icebeam", "flipturn", "earthquake"], "ability": "Torrent", "evs": {"hp": 85, "atk": 85, "def": 85, "spa": 85, "spd": 85, "spe": 85}, "ivs": {"hp": 31, "atk": 31, "def": 31, "spa": 31, "spd": 31, "spe": 31}, "item": "Leftovers", "teraType": "Steel", "role": "Bulky Support", "bvs": {"hp": 100, "atk": 110, "def": 90, "spa": 85, "spd": 90, "spe": 60}, "stats": {"hp": 302, "atk": 230, "def": 197, "spa": 189, "spd": 197, "spe": 147}, "types": ["Water", "Ground"]}}, {"Orthworm": {"name": "Orthworm", "species": "Orthworm", "speciesId": "orthworm", "gender": "M", "shiny": false, "level": 88, "moves": ["coil", "rest", "irontail", "bodypress"], "ability": "Earth Eater", "evs": {"hp": 85, "atk": 85, "def": 85, "spa": 85, "spd": 85, "spe": 85}, "ivs": {"hp": 31, "atk": 31, "def": 31, "spa": 31, "spd": 31, "spe": 31}, "item": "Chesto Berry", "teraType": "Fighting", "role": "Bulky Setup", "bvs": {"hp": 70, "atk": 85, "def": 145, "spa": 60, "spd": 55, "spe": 65}, "stats": {"hp": 266, "atk": 200, "def": 305, "spa": 156, "spd": 147, "spe": 165}, "types": ["Steel"]}, "Grimmsnarl": {"name": "Grimmsnarl", "species": "Grimmsnarl", "speciesId": "grimmsnarl", "gender": "M", "shiny": false, "level": 83, "moves": ["reflect", "lightscreen", "spiritbreak", "partingshot"], "ability": "Prankster", "evs": {"hp": 85, "atk": 85, "def": 85, "spa": 85, "spd": 85, "spe": 85}, "ivs": {"hp": 31, "atk": 31, "def": 31, "spa": 31, "spd": 31, "spe": 31}, "item": "Light Clay", "teraType": "Poison", "role": "Bulky Support", "bvs": {"hp": 95, "atk": 120, "def": 65, "spa": 95, "spd": 75, "spe": 60}, "stats": {"hp": 293, "atk": 247, "def": 156, "spa": 205, "spd": 172, "spe": 147}, "types": ["Dark", "Fairy"]}, "Dragalge": {"name": "Dragalge", "species": "Dragalge", "speciesId": "dragalge", "gender": "F", "shiny": false, "level": 88, "moves": ["focusblast", "sludgewave", "flipturn", "dracometeor"], "ability": "Adaptability", "evs": {"hp": 85, "atk": 85, "def": 85, "spa": 85, "spd": 85, "spe": 85}, "ivs": {"hp": 31, "atk": 31, "def": 31, "spa": 31, "spd": 31, "spe": 31}, "item": "Choice Specs", "teraType": "Fighting", "role": "Bulky Attacker", "bvs": {"hp": 65, "atk": 75, "def": 90, "spa": 97, "spd": 123, "spe": 44}, "stats": {"hp": 258, "atk": 182, "def": 209, "spa": 221, "spd": 267, "spe": 128}, "types": ["Poison", "Dragon"]}, "Cacturne": {"name": "Cacturne", "species": "Cacturne", "speciesId": "cacturne", "gender": "M", "shiny": false, "level": 92, "moves": ["leafstorm", "suckerpunch", "knockoff", "toxicspikes"], "ability": "Water Absorb", "evs": {"hp": 85, "atk": 85, "def": 85, "spa": 85, "spd": 85, "spe": 85}, "ivs": {"hp": 31, "atk": 31, "def": 31, "spa": 31, "spd": 31, "spe": 31}, "item": "Life Orb", "teraType": "Dark", "role": "Wallbreaker", "bvs": {"hp": 70, "atk": 115, "def": 60, "spa": 115, "spd": 60, "spe": 55}, "stats": {"hp": 278, "atk": 264, "def": 163, "spa": 264, "spd": 163, "spe": 154}, "types": ["Grass", "Dark"]}, "Thundurus": {"name": "Thundurus", "species": "Thundurus-Therian", "speciesId": "thundurustherian", "gender": "M", "shiny": false, "level": 80, "moves": ["terablast", "thunderbolt", "nastyplot", "focusblast"], "ability": "Volt Absorb", "evs": {"hp": 85, "atk": 0, "def": 85, "spa": 85, "spd": 85, "spe": 85}, "ivs": {"hp": 31, "atk": 0, "def": 31, "spa": 31, "spd": 31, "spe": 31}, "item": "Heavy-Duty Boots", "teraType": "Flying", "role": "Tera Blast user", "bvs": {"hp": 79, "atk": 105, "def": 70, "spa": 145, "spd": 80, "spe": 101}, "stats": {"hp": 258, "atk": 173, "def": 158, "spa": 278, "spd": 174, "spe": 208}, "types": ["Electric", "Flying"]}, "Blastoise": {"name": "Blastoise", "species": "Blastoise", "speciesId": "blastoise", "gender": "F", "shiny": false, "level": 80, "moves": ["shellsmash", "hydropump", "icebeam", "earthquake"], "ability": "Torrent", "evs": {"hp": 85, "atk": 85, "def": 85, "spa": 85, "spd": 85, "spe": 85}, "ivs": {"hp": 31, "atk": 31, "def": 31, "spa": 31, "spd": 31, "spe": 31}, "item": "White Herb", "teraType": "Ground", "role": "Setup Sweeper", "bvs": {"hp": 79, "atk": 83, "def": 100, "spa": 85, "spd": 105, "spe": 78}, "stats": {"hp": 258, "atk": 179, "def": 206, "spa": 182, "spd": 214, "spe": 171}, "types": ["Water"]}}]}