{"id": "gen9randombattle-2641342792", "format": "[Gen 9] Random Battle", "players": ["Uziboii", "Callmehdan"], "log": "|j|\u2606Uziboii\n|j|\u2606Callmehdan\n|t:|1782770413\n|gametype|singles\n|player|p1|Uziboii|steven|1328\n|player|p2|Callmehdan|266|1380\n|gen|9\n|tier|[Gen 9] Random Battle\n|rated|\n|rule|Species Clause: Limit one of each Pok\u00e9mon\n|rule|HP Percentage Mod: HP is shown in percentages\n|rule|Sleep Clause Mod: Limit one foe put to sleep\n|rule|Illusion Level Mod: Illusion disguises the Pok\u00e9mon's true level\n|\n|t:|1782770413\n|teamsize|p1|6\n|teamsize|p2|6\n|start\n|switch|p1a: Kilowattrel|Kilowattrel, L83, M|252/252\n|switch|p2a: Sunflora|Sunflora, F|312/312\n|turn|1\n|inactive|Battle timer is ON: inactive players will automatically lose when time's up. (requested by Uziboii)\n|\n|t:|1782770423\n|switch|p2a: Reshiram|Reshiram, L76|277/277\n|-ability|p2a: Reshiram|Turboblaze\n|move|p1a: Kilowattrel|U-turn|p2a: Reshiram\n|-resisted|p2a: Reshiram\n|-damage|p2a: Reshiram|259/277\n|\n|t:|1782770428\n|switch|p1a: Donphan|Donphan, L84, F|288/288|[from] U-turn\n|\n|upkeep\n|turn|2\n|\n|t:|1782770436\n|move|p2a: Reshiram|Blue Flare|p1a: Donphan\n|-damage|p1a: Donphan|147/288\n|move|p1a: Donphan|Rapid Spin|p2a: Reshiram\n|-damage|p2a: Reshiram|216/277\n|-boost|p1a: Donphan|spe|1\n|\n|upkeep\n|turn|3\n|\n|t:|1782770450\n|move|p1a: Donphan|Earthquake|p2a: Reshiram\n|-supereffective|p2a: Reshiram\n|-damage|p2a: Reshiram|0 fnt\n|faint|p2a: Reshiram\n|\n|upkeep\n|\n|t:|1782770462\n|switch|p2a: Minior|Minior-Yellow, L79|224/224\n|-formechange|p2a: Minior|Minior-Meteor||[from] ability: Shields Down\n|turn|4\n|\n|t:|1782770466\n|move|p1a: Donphan|Ice Spinner|p2a: Minior\n|-supereffective|p2a: Minior\n|-damage|p2a: Minior|96/224\n|move|p2a: Minior|Shell Smash|p2a: Minior\n|-unboost|p2a: Minior|def|1\n|-unboost|p2a: Minior|spd|1\n|-boost|p2a: Minior|atk|2\n|-boost|p2a: Minior|spa|2\n|-boost|p2a: Minior|spe|2\n|-enditem|p2a: Minior|White Herb\n|-clearnegativeboost|p2a: Minior|[silent]\n|\n|-formechange|p2a: Minior|Minior-Yellow||[from] ability: Shields Down\n|upkeep\n|turn|5\n|\n|t:|1782770472\n|move|p1a: Donphan|Ice Shard|p2a: Minior\n|-supereffective|p2a: Minior\n|-damage|p2a: Minior|8/224\n|move|p2a: Minior|Acrobatics|p1a: Donphan\n|-damage|p1a: Donphan|0 fnt\n|faint|p1a: Donphan\n|\n|upkeep\n|\n|t:|1782770479\n|switch|p1a: Terrakion|Terrakion, L79|273/273\n|turn|6\n|\n|t:|1782770483\n|move|p1a: Terrakion|Quick Attack|p2a: Minior\n|-resisted|p2a: Minior\n|-damage|p2a: Minior|0 fnt\n|faint|p2a: Minior\n|\n|upkeep\n|\n|t:|1782770488\n|switch|p2a: Clawitzer|Clawitzer, L87, F|265/265\n|turn|7\n|\n|t:|1782770494\n|switch|p1a: Suicune|Suicune, L82|298/298\n|-ability|p1a: Suicune|Pressure\n|move|p2a: Clawitzer|Water Pulse|p1a: Suicune\n|-resisted|p1a: Suicune\n|-damage|p1a: Suicune|223/298\n|\n|-heal|p1a: Suicune|241/298|[from] item: Leftovers\n|upkeep\n|turn|8\n|\n|t:|1782770513\n|switch|p2a: Sceptile|Sceptile, L87, M|264/264\n|move|p1a: Suicune|Substitute|p1a: Suicune\n|-start|p1a: Suicune|Substitute\n|-damage|p1a: Suicune|167/298\n|\n|-heal|p1a: Suicune|185/298|[from] item: Leftovers\n|upkeep\n|turn|9\n|\n|t:|1782770521\n|move|p2a: Sceptile|Giga Drain|p1a: Suicune\n|-supereffective|p1a: Suicune\n|-crit|p1a: Suicune\n|-end|p1a: Suicune|Substitute\n|-damage|p2a: Sceptile|238/264|[from] item: Life Orb\n|move|p1a: Suicune|Ice Beam|p2a: Sceptile\n|-supereffective|p2a: Sceptile\n|-damage|p2a: Sceptile|114/264\n|\n|-heal|p1a: Suicune|203/298|[from] item: Leftovers\n|upkeep\n|turn|10\n|\n|t:|1782770531\n|switch|p1a: Seviper|Seviper, L93, M|287/287\n|move|p2a: Sceptile|Giga Drain|p1a: Seviper\n|-resisted|p1a: Seviper\n|-damage|p1a: Seviper|222/287\n|-heal|p2a: Sceptile|147/264|[from] drain|[of] p1a: Seviper\n|-damage|p2a: Sceptile|121/264|[from] item: Life Orb\n|\n|upkeep\n|turn|11\n|\n|t:|1782770546\n|move|p2a: Sceptile|Earthquake|p1a: Seviper\n|-supereffective|p1a: Seviper\n|-damage|p1a: Seviper|14/287\n|-damage|p2a: Sceptile|95/264|[from] item: Life Orb\n|move|p1a: Seviper|Gunk Shot|p2a: Sceptile\n|-supereffective|p2a: Sceptile\n|-crit|p2a: Sceptile\n|-damage|p2a: Sceptile|0 fnt\n|faint|p2a: Sceptile\n|-damage|p1a: Seviper|0 fnt|[from] item: Life Orb\n|faint|p1a: Seviper\n|\n|upkeep\n|\n|t:|1782770560\n|switch|p2a: Venomoth|Venomoth, L84, M|255/255\n|switch|p1a: Kilowattrel|Kilowattrel, L83, M|252/252\n|turn|12\n|\n|t:|1782770580\n|move|p1a: Kilowattrel|Hurricane|p2a: Venomoth\n|-supereffective|p2a: Venomoth\n|-damage|p2a: Venomoth|0 fnt\n|faint|p2a: Venomoth\n|\n|upkeep\n|-message|Callmehdan forfeited.\n|\n|win|Uziboii\n|raw|Uziboii's rating: 1328 &rarr; <strong>1351</strong><br />(+23 for winning)\n|raw|Callmehdan's rating: 1380 &rarr; <strong>1357</strong><br />(-23 for losing)\n|l|\u2606Callmehdan\n|player|p2|\n", "inputlog": ">version f8ac14003a5f27e1bdc8d8c59608a773c1cb96e5\n>start {\"formatid\":\"gen9randombattle\",\"seed\":\"sodium,d7db0c5eb0f3088bd69935b0b40bd14c\",\"rated\":\"Rated battle\"}\n>player p1 {\"name\":\"Uziboii\",\"avatar\":\"steven\",\"rating\":1328,\"seed\":\"sodium,5ebc2c570959de48d782fb79b931401d\"}\n>player p2 {\"name\":\"Callmehdan\",\"avatar\":\"266\",\"rating\":1380,\"seed\":\"sodium,0f3c54a2579ebbfb11e9316f0176a945\"}\n>p1 move uturn\n>p2 switch 6\n>p1 switch 4\n>p1 move rapidspin\n>p2 move blueflare\n>p1 move earthquake\n>p2 move blueflare\n>p2 switch 3\n>p1 move icespinner\n>p2 move shellsmash\n>p1 move iceshard\n>p2 move acrobatics\n>p1 switch 2\n>p1 move quickattack\n>p2 move earthquake\n>p2 switch 5\n>p1 switch 3\n>p2 move waterpulse\n>p1 move substitute\n>p2 switch 2\n>p1 move icebeam\n>p2 move gigadrain\n>p1 switch 6\n>p2 move gigadrain\n>p1 move gunkshot\n>p2 move earthquake\n>p1 switch 4\n>p2 switch 4\n>p1 move hurricane\n>p2 move sleeppowder\n>forcelose p2", "uploadtime": 1782770587, "views": 4, "formatid": "gen9randombattle", "rating": 1351, "private": 0, "password": null, "player_dets": [{"name": "Uziboii", "avatar": "steven", "rating": 1328, "seed": "sodium,5ebc2c570959de48d782fb79b931401d"}, {"name": "Callmehdan", "avatar": "266", "rating": 1380, "seed": "sodium,0f3c54a2579ebbfb11e9316f0176a945"}], "teams_full": [{"Kilowattrel": {"name": "Kilowattrel", "species": "Kilowattrel", "speciesId": "kilowattrel", "gender": "M", "shiny": false, "level": 83, "moves": ["uturn", "discharge", "hurricane", "roost"], "ability": "Volt Absorb", "evs": {"hp": 85, "atk": 85, "def": 85, "spa": 85, "spd": 85, "spe": 85}, "ivs": {"hp": 31, "atk": 31, "def": 31, "spa": 31, "spd": 31, "spe": 31}, "item": "Heavy-Duty Boots", "teraType": "Water", "role": "Bulky Attacker", "bvs": {"hp": 70, "atk": 70, "def": 60, "spa": 105, "spd": 60, "spe": 125}, "stats": {"hp": 252, "atk": 164, "def": 147, "spa": 222, "spd": 147, "spe": 255}, "types": ["Electric", "Flying"]}, "Terrakion": {"name": "Terrakion", "species": "Terrakion", "speciesId": "terrakion", "gender": "N", "shiny": false, "level": 79, "moves": ["quickattack", "closecombat", "earthquake", "stoneedge"], "ability": "Justified", "evs": {"hp": 85, "atk": 85, "def": 85, "spa": 85, "spd": 85, "spe": 85}, "ivs": {"hp": 31, "atk": 31, "def": 31, "spa": 31, "spd": 31, "spe": 31}, "item": "Choice Band", "teraType": "Fighting", "role": "Wallbreaker", "bvs": {"hp": 91, "atk": 129, "def": 90, "spa": 72, "spd": 90, "spe": 108}, "stats": {"hp": 273, "atk": 249, "def": 188, "spa": 159, "spd": 188, "spe": 216}, "types": ["Rock", "Fighting"]}, "Suicune": {"name": "Suicune", "species": "Suicune", "speciesId": "suicune", "gender": "N", "shiny": false, "level": 82, "moves": ["substitute", "icebeam", "calmmind", "scald"], "ability": "Pressure", "evs": {"hp": 85, "atk": 0, "def": 85, "spa": 85, "spd": 85, "spe": 85}, "ivs": {"hp": 31, "atk": 0, "def": 31, "spa": 31, "spd": 31, "spe": 31}, "item": "Leftovers", "teraType": "Dragon", "role": "Bulky Setup", "bvs": {"hp": 100, "atk": 75, "def": 115, "spa": 90, "spd": 115, "spe": 85}, "stats": {"hp": 298, "atk": 127, "def": 236, "spa": 195, "spd": 236, "spe": 187}, "types": ["Water"]}, "Donphan": {"name": "Donphan", "species": "Donphan", "speciesId": "donphan", "gender": "F", "shiny": false, "level": 84, "moves": ["earthquake", "icespinner", "rapidspin", "iceshard"], "ability": "Sturdy", "evs": {"hp": 85, "atk": 85, "def": 85, "spa": 85, "spd": 85, "spe": 85}, "ivs": {"hp": 31, "atk": 31, "def": 31, "spa": 31, "spd": 31, "spe": 31}, "item": "Assault Vest", "teraType": "Steel", "role": "Bulky Support", "bvs": {"hp": 90, "atk": 120, "def": 120, "spa": 60, "spd": 60, "spe": 50}, "stats": {"hp": 288, "atk": 250, "def": 250, "spa": 149, "spd": 149, "spe": 132}, "types": ["Ground"]}, "Zoroark": {"name": "Zoroark", "species": "Zoroark", "speciesId": "zoroark", "gender": "F", "shiny": false, "level": 83, "moves": ["uturn", "psychic", "darkpulse", "sludgebomb"], "ability": "Illusion", "evs": {"hp": 85, "atk": 85, "def": 85, "spa": 85, "spd": 85, "spe": 85}, "ivs": {"hp": 31, "atk": 31, "def": 31, "spa": 31, "spd": 31, "spe": 31}, "item": "Choice Specs", "teraType": "Poison", "role": "Wallbreaker", "bvs": {"hp": 60, "atk": 105, "def": 60, "spa": 120, "spd": 60, "spe": 105}, "stats": {"hp": 235, "atk": 222, "def": 147, "spa": 247, "spd": 147, "spe": 222}, "types": ["Dark"]}, "Seviper": {"name": "Seviper", "species": "Seviper", "speciesId": "seviper", "gender": "M", "shiny": false, "level": 93, "moves": ["gigadrain", "gunkshot", "earthquake", "knockoff"], "ability": "Infiltrator", "evs": {"hp": 85, "atk": 85, "def": 85, "spa": 85, "spd": 85, "spe": 85}, "ivs": {"hp": 31, "atk": 31, "def": 31, "spa": 31, "spd": 31, "spe": 31}, "item": "Life Orb", "teraType": "Ground", "role": "Fast Attacker", "bvs": {"hp": 73, "atk": 100, "def": 60, "spa": 100, "spd": 60, "spe": 65}, "stats": {"hp": 287, "atk": 239, "def": 164, "spa": 239, "spd": 164, "spe": 174}, "types": ["Poison"]}}, {"Sunflora": {"name": "Sunflora", "species": "Sunflora", "speciesId": "sunflora", "gender": "F", "shiny": false, "level": 100, "moves": ["leafstorm", "dazzlinggleam", "sludgebomb", "earthpower"], "ability": "Chlorophyll", "evs": {"hp": 85, "atk": 0, "def": 85, "spa": 85, "spd": 85, "spe": 85}, "ivs": {"hp": 31, "atk": 0, "def": 31, "spa": 31, "spd": 31, "spe": 31}, "item": "Choice Specs", "teraType": "Ground", "role": "Wallbreaker", "bvs": {"hp": 75, "atk": 75, "def": 55, "spa": 105, "spd": 85, "spe": 30}, "stats": {"hp": 312, "atk": 155, "def": 167, "spa": 267, "spd": 227, "spe": 117}, "types": ["Grass"]}, "Sceptile": {"name": "Sceptile", "species": "Sceptile", "speciesId": "sceptile", "gender": "M", "shiny": false, "level": 87, "moves": ["earthquake", "rockslide", "focusblast", "gigadrain"], "ability": "Overgrow", "evs": {"hp": 85, "atk": 85, "def": 85, "spa": 85, "spd": 85, "spe": 85}, "ivs": {"hp": 31, "atk": 31, "def": 31, "spa": 31, "spd": 31, "spe": 31}, "item": "Life Orb", "teraType": "Grass", "role": "Fast Attacker", "bvs": {"hp": 70, "atk": 85, "def": 65, "spa": 105, "spd": 85, "spe": 120}, "stats": {"hp": 264, "atk": 198, "def": 163, "spa": 232, "spd": 198, "spe": 259}, "types": ["Grass"]}, "Minior": {"name": "Minior", "species": "Minior-Yellow", "speciesId": "minior", "gender": "N", "shiny": false, "level": 79, "moves": ["acrobatics", "shellsmash", "powergem", "earthquake"], "ability": "Shields Down", "evs": {"hp": 85, "atk": 85, "def": 85, "spa": 85, "spd": 85, "spe": 85}, "ivs": {"hp": 31, "atk": 31, "def": 31, "spa": 31, "spd": 31, "spe": 31}, "item": "White Herb", "teraType": "Water", "role": "Setup Sweeper", "bvs": {"hp": 60, "atk": 100, "def": 60, "spa": 100, "spd": 60, "spe": 120}, "stats": {"hp": 224, "atk": 204, "def": 140, "spa": 204, "spd": 140, "spe": 235}, "types": ["Rock", "Flying"]}, "Venomoth": {"name": "Venomoth", "species": "Venomoth", "speciesId": "venomoth", "gender": "M", "shiny": false, "level": 84, "moves": ["sleeppowder", "quiverdance", "sludgewave", "bugbuzz"], "ability": "Tinted Lens", "evs": {"hp": 85, "atk": 0, "def": 85, "spa": 85, "spd": 85, "spe": 85}, "ivs": {"hp": 31, "atk": 0, "def": 31, "spa": 31, "spd": 31, "spe": 31}, "item": "Heavy-Duty Boots", "teraType": "Water", "role": "Setup Sweeper", "bvs": {"hp": 70, "atk": 65, "def": 60, "spa": 90, "spd": 75, "spe": 90}, "stats": {"hp": 255, "atk": 114, "def": 149, "spa": 199, "spd": 174, "spe": 199}, "types": ["Bug", "Poison"]}, "Clawitzer": {"name": "Clawitzer", "species": "Clawitzer", "speciesId": "clawitzer", "gender": "F", "shiny": false, "level": 87, "moves": ["dragonpulse", "aurasphere", "waterpulse", "icebeam"], "ability": "Mega Launcher", "evs": {"hp": 85, "atk": 0, "def": 85, "spa": 85, "spd": 85, "spe": 85}, "ivs": {"hp": 31, "atk": 0, "def": 31, "spa": 31, "spd": 31, "spe": 31}, "item": "Choice Specs", "teraType": "Dragon", "role": "Wallbreaker", "bvs": {"hp": 71, "atk": 73, "def": 88, "spa": 120, "spd": 89, "spe": 59}, "stats": {"hp": 265, "atk": 132, "def": 203, "spa": 259, "spd": 205, "spe": 152}, "types": ["Water"]}, "Reshiram": {"name": "Reshiram", "species": "Reshiram", "speciesId": "reshiram", "gender": "N", "shiny": false, "level": 76, "moves": ["dragontail", "dracometeor", "blueflare", "earthpower"], "ability": "Turboblaze", "evs": {"hp": 85, "atk": 85, "def": 85, "spa": 85, "spd": 85, "spe": 85}, "ivs": {"hp": 31, "atk": 31, "def": 31, "spa": 31, "spd": 31, "spe": 31}, "item": "Heavy-Duty Boots", "teraType": "Ground", "role": "Fast Attacker", "bvs": {"hp": 100, "atk": 120, "def": 100, "spa": 150, "spd": 120, "spe": 90}, "stats": {"hp": 277, "atk": 226, "def": 196, "spa": 272, "spd": 226, "spe": 181}, "types": ["Dragon", "Fire"]}}]}