{"id": "gen9randombattle-2641399901", "format": "[Gen 9] Random Battle", "players": ["NychtaCharlie369", "infinite75"], "log": "|j|\u2606NychtaCharlie369\n|j|\u2606infinite75\n|t:|1782779021\n|gametype|singles\n|player|p1|NychtaCharlie369|dawn|1107\n|player|p2|infinite75|miku-ghost|1116\n|gen|9\n|tier|[Gen 9] Random Battle\n|rated|\n|rule|Species Clause: Limit one of each Pok\u00e9mon\n|rule|HP Percentage Mod: HP is shown in percentages\n|rule|Sleep Clause Mod: Limit one foe put to sleep\n|rule|Illusion Level Mod: Illusion disguises the Pok\u00e9mon's true level\n|\n|t:|1782779021\n|teamsize|p1|6\n|teamsize|p2|6\n|start\n|switch|p1a: Jirachi|Jirachi, L80|291/291\n|switch|p2a: Ogerpon|Ogerpon-Hearthflame, L74, F|239/239\n|-ability|p2a: Ogerpon|Mold Breaker\n|turn|1\n|\n|t:|1782779035\n|move|p2a: Ogerpon|Swords Dance|p2a: Ogerpon\n|-boost|p2a: Ogerpon|atk|2\n|move|p1a: Jirachi|Wish|p1a: Jirachi\n|\n|upkeep\n|turn|2\n|\n|t:|1782779043\n|move|p2a: Ogerpon|Ivy Cudgel|p1a: Jirachi|[anim] Ivy Cudgel Fire\n|-supereffective|p1a: Jirachi\n|-damage|p1a: Jirachi|0 fnt\n|faint|p1a: Jirachi\n|\n|upkeep\n|\n|t:|1782779054\n|switch|p1a: Ampharos|Ampharos, L88, F|302/302\n|turn|3\n|\n|t:|1782779065\n|move|p2a: Ogerpon|Ivy Cudgel|p1a: Ampharos|[anim] Ivy Cudgel Fire\n|-crit|p1a: Ampharos\n|-damage|p1a: Ampharos|0 fnt\n|faint|p1a: Ampharos\n|\n|upkeep\n|\n|t:|1782779072\n|switch|p1a: Victreebel|Victreebel, L90, M|290/290\n|turn|4\n|\n|t:|1782779080\n|move|p2a: Ogerpon|Ivy Cudgel|p1a: Victreebel|[anim] Ivy Cudgel Fire\n|-supereffective|p1a: Victreebel\n|-damage|p1a: Victreebel|0 fnt\n|faint|p1a: Victreebel\n|\n|upkeep\n|\n|t:|1782779086\n|switch|p1a: Latias|Latias, L79, F|256/256\n|turn|5\n|\n|t:|1782779091\n|move|p1a: Latias|Calm Mind|p1a: Latias\n|-boost|p1a: Latias|spa|1\n|-boost|p1a: Latias|spd|1\n|move|p2a: Ogerpon|Knock Off|p1a: Latias\n|-supereffective|p1a: Latias\n|-damage|p1a: Latias|0 fnt\n|-enditem|p1a: Latias|Soul Dew|[from] move: Knock Off|[of] p2a: Ogerpon\n|faint|p1a: Latias\n|\n|upkeep\n|\n|t:|1782779101\n|switch|p1a: Ariados|Ariados, L95, M|287/287\n|turn|6\n|\n|t:|1782779108\n|move|p2a: Ogerpon|Ivy Cudgel|p1a: Ariados|[anim] Ivy Cudgel Fire\n|-supereffective|p1a: Ariados\n|-damage|p1a: Ariados|0 fnt\n|faint|p1a: Ariados\n|\n|upkeep\n|\n|t:|1782779113\n|switch|p1a: Plusle|Plusle, L95, M|268/268\n|turn|7\n|\n|t:|1782779122\n|move|p1a: Plusle|Alluring Voice|p2a: Ogerpon\n|-resisted|p2a: Ogerpon\n|-damage|p2a: Ogerpon|192/239\n|-damage|p1a: Plusle|242/268|[from] item: Life Orb\n|move|p2a: Ogerpon|Ivy Cudgel|p1a: Plusle|[anim] Ivy Cudgel Fire\n|-damage|p1a: Plusle|0 fnt\n|faint|p1a: Plusle\n|\n|win|infinite75\n|raw|NychtaCharlie369's rating: 1107 &rarr; <strong>1083</strong><br />(-24 for losing)\n|raw|infinite75's rating: 1116 &rarr; <strong>1140</strong><br />(+24 for winning)\n", "inputlog": ">version f8ac14003a5f27e1bdc8d8c59608a773c1cb96e5\n>start {\"formatid\":\"gen9randombattle\",\"seed\":\"sodium,d87f29786db1526d688c9646a91bd99c\",\"rated\":\"Rated battle\"}\n>player p1 {\"name\":\"NychtaCharlie369\",\"avatar\":\"dawn\",\"rating\":1107,\"seed\":\"sodium,3228935c51562f2ab83f716f74e88268\"}\n>player p2 {\"name\":\"infinite75\",\"avatar\":\"miku-ghost\",\"rating\":1116,\"seed\":\"sodium,ddd03fbc3ece853e1f9215bd1c7be1b2\"}\n>p1 move wish\n>p2 move swordsdance\n>p1 move ironhead\n>p2 move ivycudgel\n>p1 switch 5\n>p1 move discharge\n>p2 move ivycudgel\n>p1 switch 6\n>p1 move sludgewave\n>p2 move ivycudgel\n>p1 switch 2\n>p1 move calmmind\n>p2 move knockoff\n>p1 switch 4\n>p1 move toxicspikes\n>p2 move ivycudgel\n>p1 switch 3\n>p1 move alluringvoice\n>p2 move ivycudgel", "uploadtime": 1782779127, "views": 6, "formatid": "gen9randombattle", "rating": 1083, "private": 0, "password": null, "player_dets": [{"name": "NychtaCharlie369", "avatar": "dawn", "rating": 1107, "seed": "sodium,3228935c51562f2ab83f716f74e88268"}, {"name": "infinite75", "avatar": "miku-ghost", "rating": 1116, "seed": "sodium,ddd03fbc3ece853e1f9215bd1c7be1b2"}], "teams_full": [{"Jirachi": {"name": "Jirachi", "species": "Jirachi", "speciesId": "jirachi", "gender": "N", "shiny": false, "level": 80, "moves": ["uturn", "ironhead", "wish", "protect"], "ability": "Serene Grace", "evs": {"hp": 85, "atk": 85, "def": 85, "spa": 85, "spd": 85, "spe": 85}, "ivs": {"hp": 31, "atk": 31, "def": 31, "spa": 31, "spd": 31, "spe": 31}, "item": "Leftovers", "teraType": "Water", "role": "Bulky Support", "bvs": {"hp": 100, "atk": 100, "def": 100, "spa": 100, "spd": 100, "spe": 100}, "stats": {"hp": 291, "atk": 206, "def": 206, "spa": 206, "spd": 206, "spe": 206}, "types": ["Steel", "Psychic"]}, "Latias": {"name": "Latias", "species": "Latias", "speciesId": "latias", "gender": "F", "shiny": false, "level": 79, "moves": ["recover", "psyshock", "dracometeor", "calmmind"], "ability": "Levitate", "evs": {"hp": 85, "atk": 0, "def": 85, "spa": 85, "spd": 85, "spe": 85}, "ivs": {"hp": 31, "atk": 0, "def": 31, "spa": 31, "spd": 31, "spe": 31}, "item": "Soul Dew", "teraType": "Steel", "role": "Fast Bulky Setup", "bvs": {"hp": 80, "atk": 80, "def": 90, "spa": 110, "spd": 130, "spe": 110}, "stats": {"hp": 256, "atk": 131, "def": 188, "spa": 219, "spd": 251, "spe": 219}, "types": ["Dragon", "Psychic"]}, "Plusle": {"name": "Plusle", "species": "Plusle", "speciesId": "plusle", "gender": "M", "shiny": false, "level": 95, "moves": ["grassknot", "thunderbolt", "nastyplot", "alluringvoice"], "ability": "Lightning Rod", "evs": {"hp": 85, "atk": 0, "def": 85, "spa": 85, "spd": 85, "spe": 85}, "ivs": {"hp": 31, "atk": 0, "def": 31, "spa": 31, "spd": 31, "spe": 31}, "item": "Life Orb", "teraType": "Fairy", "role": "Setup Sweeper", "bvs": {"hp": 60, "atk": 50, "def": 40, "spa": 85, "spd": 75, "spe": 95}, "stats": {"hp": 268, "atk": 100, "def": 130, "spa": 215, "spd": 196, "spe": 234}, "types": ["Electric"]}, "Ariados": {"name": "Ariados", "species": "Ariados", "speciesId": "ariados", "gender": "M", "shiny": false, "level": 95, "moves": ["stickyweb", "toxicspikes", "megahorn", "poisonjab"], "ability": "Insomnia", "evs": {"hp": 85, "atk": 85, "def": 85, "spa": 85, "spd": 85, "spe": 85}, "ivs": {"hp": 31, "atk": 31, "def": 31, "spa": 31, "spd": 31, "spe": 31}, "item": "Heavy-Duty Boots", "teraType": "Ghost", "role": "Fast Support", "bvs": {"hp": 70, "atk": 90, "def": 70, "spa": 60, "spd": 70, "spe": 40}, "stats": {"hp": 287, "atk": 225, "def": 187, "spa": 168, "spd": 187, "spe": 130}, "types": ["Bug", "Poison"]}, "Ampharos": {"name": "Ampharos", "species": "Ampharos", "speciesId": "ampharos", "gender": "F", "shiny": false, "level": 88, "moves": ["voltswitch", "dazzlinggleam", "discharge", "dragontail"], "ability": "Static", "evs": {"hp": 85, "atk": 85, "def": 85, "spa": 85, "spd": 85, "spe": 85}, "ivs": {"hp": 31, "atk": 31, "def": 31, "spa": 31, "spd": 31, "spe": 31}, "item": "Assault Vest", "teraType": "Fairy", "role": "AV Pivot", "bvs": {"hp": 90, "atk": 75, "def": 85, "spa": 115, "spd": 90, "spe": 55}, "stats": {"hp": 302, "atk": 182, "def": 200, "spa": 253, "spd": 209, "spe": 147}, "types": ["Electric"]}, "Victreebel": {"name": "Victreebel", "species": "Victreebel", "speciesId": "victreebel", "gender": "M", "shiny": false, "level": 90, "moves": ["powerwhip", "sludgewave", "sunnyday", "weatherball"], "ability": "Chlorophyll", "evs": {"hp": 85, "atk": 85, "def": 85, "spa": 85, "spd": 85, "spe": 85}, "ivs": {"hp": 31, "atk": 31, "def": 31, "spa": 31, "spd": 31, "spe": 31}, "item": "Life Orb", "teraType": "Fire", "role": "Fast Attacker", "bvs": {"hp": 80, "atk": 105, "def": 65, "spa": 100, "spd": 70, "spe": 70}, "stats": {"hp": 290, "atk": 240, "def": 168, "spa": 231, "spd": 177, "spe": 177}, "types": ["Grass", "Poison"]}}, {"Ogerpon": {"name": "Ogerpon", "species": "Ogerpon-Hearthflame", "speciesId": "ogerponhearthflame", "gender": "F", "shiny": false, "level": 74, "moves": ["swordsdance", "knockoff", "ivycudgel", "hornleech"], "ability": "Mold Breaker", "evs": {"hp": 77, "atk": 85, "def": 85, "spa": 85, "spd": 85, "spe": 85}, "ivs": {"hp": 31, "atk": 31, "def": 31, "spa": 31, "spd": 31, "spe": 31}, "item": "Hearthflame Mask", "teraType": "Fire", "role": "Setup Sweeper", "bvs": {"hp": 80, "atk": 120, "def": 84, "spa": 60, "spd": 96, "spe": 110}, "stats": {"hp": 239, "atk": 221, "def": 167, "spa": 132, "spd": 185, "spe": 206}, "types": ["Grass", "Fire"]}, "Samurott": {"name": "Samurott", "species": "Samurott", "speciesId": "samurott", "gender": "M", "shiny": false, "level": 88, "moves": ["liquidation", "swordsdance", "sacredsword", "aquajet"], "ability": "Torrent", "evs": {"hp": 85, "atk": 85, "def": 85, "spa": 85, "spd": 85, "spe": 85}, "ivs": {"hp": 31, "atk": 31, "def": 31, "spa": 31, "spd": 31, "spe": 31}, "item": "Life Orb", "teraType": "Water", "role": "Setup Sweeper", "bvs": {"hp": 95, "atk": 100, "def": 85, "spa": 108, "spd": 70, "spe": 70}, "stats": {"hp": 310, "atk": 226, "def": 200, "spa": 240, "spd": 173, "spe": 173}, "types": ["Water"]}, "Dragonite": {"name": "Dragonite", "species": "Dragonite", "speciesId": "dragonite", "gender": "F", "shiny": false, "level": 74, "moves": ["ironhead", "dragondance", "earthquake", "outrage"], "ability": "Multiscale", "evs": {"hp": 85, "atk": 85, "def": 85, "spa": 85, "spd": 85, "spe": 85}, "ivs": {"hp": 31, "atk": 31, "def": 31, "spa": 31, "spd": 31, "spe": 31}, "item": "Heavy-Duty Boots", "teraType": "Steel", "role": "Setup Sweeper", "bvs": {"hp": 91, "atk": 134, "def": 95, "spa": 100, "spd": 100, "spe": 80}, "stats": {"hp": 257, "atk": 241, "def": 184, "spa": 191, "spd": 191, "spe": 161}, "types": ["Dragon", "Flying"]}, "Cresselia": {"name": "Cresselia", "species": "Cresselia", "speciesId": "cresselia", "gender": "F", "shiny": false, "level": 80, "moves": ["moonlight", "psyshock", "calmmind", "moonblast"], "ability": "Levitate", "evs": {"hp": 85, "atk": 0, "def": 85, "spa": 85, "spd": 85, "spe": 85}, "ivs": {"hp": 31, "atk": 0, "def": 31, "spa": 31, "spd": 31, "spe": 31}, "item": "Leftovers", "teraType": "Fairy", "role": "Bulky Setup", "bvs": {"hp": 120, "atk": 70, "def": 110, "spa": 75, "spd": 120, "spe": 85}, "stats": {"hp": 323, "atk": 117, "def": 222, "spa": 166, "spd": 238, "spe": 182}, "types": ["Psychic"]}, "Wugtrio": {"name": "Wugtrio", "species": "Wugtrio", "speciesId": "wugtrio", "gender": "F", "shiny": false, "level": 91, "moves": ["throatchop", "liquidation", "aquajet", "stompingtantrum"], "ability": "Gooey", "evs": {"hp": 85, "atk": 85, "def": 85, "spa": 85, "spd": 85, "spe": 85}, "ivs": {"hp": 31, "atk": 31, "def": 31, "spa": 31, "spd": 31, "spe": 31}, "item": "Choice Band", "teraType": "Dark", "role": "Fast Attacker", "bvs": {"hp": 35, "atk": 100, "def": 50, "spa": 50, "spd": 70, "spe": 120}, "stats": {"hp": 212, "atk": 234, "def": 143, "spa": 143, "spd": 179, "spe": 270}, "types": ["Water"]}, "Volcarona": {"name": "Volcarona", "species": "Volcarona", "speciesId": "volcarona", "gender": "M", "shiny": false, "level": 77, "moves": ["bugbuzz", "gigadrain", "fierydance", "quiverdance"], "ability": "Swarm", "evs": {"hp": 85, "atk": 0, "def": 85, "spa": 85, "spd": 85, "spe": 85}, "ivs": {"hp": 31, "atk": 0, "def": 31, "spa": 31, "spd": 31, "spe": 31}, "item": "Heavy-Duty Boots", "teraType": "Grass", "role": "Fast Bulky Setup", "bvs": {"hp": 85, "atk": 60, "def": 65, "spa": 135, "spd": 105, "spe": 100}, "stats": {"hp": 257, "atk": 97, "def": 145, "spa": 252, "spd": 206, "spe": 199}, "types": ["Bug", "Fire"]}}]}