{"id": "gen9randombattle-2641546806", "format": "[Gen 9] Random Battle", "players": ["Swordbeam64", "diesnutz"], "log": "|j|\u2606Swordbeam64\n|j|\u2606diesnutz\n|t:|1782805241\n|gametype|singles\n|player|p1|Swordbeam64|266|1783\n|player|p2|diesnutz|smasher|1755\n|gen|9\n|tier|[Gen 9] Random Battle\n|rated|\n|rule|Species Clause: Limit one of each Pok\u00e9mon\n|rule|HP Percentage Mod: HP is shown in percentages\n|rule|Sleep Clause Mod: Limit one foe put to sleep\n|rule|Illusion Level Mod: Illusion disguises the Pok\u00e9mon's true level\n|\n|t:|1782805241\n|teamsize|p1|6\n|teamsize|p2|6\n|start\n|switch|p1a: Skeledirge|Skeledirge, L79, F|294/294\n|switch|p2a: Brute Bonnet|Brute Bonnet, L80|309/309\n|turn|1\n|inactive|Battle timer is ON: inactive players will automatically lose when time's up. (requested by diesnutz)\n|\n|t:|1782805260\n|switch|p1a: Serperior|Serperior, L79, F|248/248\n|-end|p2a: Brute Bonnet|Protosynthesis|[silent]\n|switch|p2a: Chandelure|Chandelure, L83, M|235/235\n|\n|upkeep\n|turn|2\n|\n|t:|1782805271\n|switch|p1a: Coalossal|Coalossal, L89, F|341/341\n|move|p2a: Chandelure|Shadow Ball|p1a: Coalossal\n|-damage|p1a: Coalossal|241/341\n|\n|upkeep\n|turn|3\n|\n|t:|1782805291\n|switch|p2a: Urshifu|Urshifu-Rapid-Strike, L75, M|274/274\n|move|p1a: Coalossal|Stealth Rock|p2a: Urshifu\n|-sidestart|p2: diesnutz|move: Stealth Rock\n|\n|upkeep\n|turn|4\n|\n|t:|1782805305\n|move|p2a: Urshifu|Close Combat|p1a: Coalossal\n|-supereffective|p1a: Coalossal\n|-damage|p1a: Coalossal|0 fnt\n|-unboost|p2a: Urshifu|def|1\n|-unboost|p2a: Urshifu|spd|1\n|faint|p1a: Coalossal\n|\n|upkeep\n|\n|t:|1782805318\n|switch|p1a: Skeledirge|Skeledirge, L79, F|294/294\n|turn|5\n|\n|t:|1782805330\n|switch|p2a: Luvdisc|Luvdisc, F|247/247\n|move|p1a: Skeledirge|Flame Charge|p2a: Luvdisc\n|-resisted|p2a: Luvdisc\n|-damage|p2a: Luvdisc|224/247\n|-boost|p1a: Skeledirge|spe|1\n|\n|upkeep\n|turn|6\n|\n|t:|1782805341\n|-terastallize|p1a: Skeledirge|Water\n|move|p2a: Luvdisc|Surf|p1a: Skeledirge\n|-resisted|p1a: Skeledirge\n|-damage|p1a: Skeledirge|246/294\n|move|p1a: Skeledirge|Flame Charge|p2a: Luvdisc\n|-resisted|p2a: Luvdisc\n|-damage|p2a: Luvdisc|200/247\n|-boost|p1a: Skeledirge|spe|1\n|\n|upkeep\n|turn|7\n|\n|t:|1782805352\n|move|p1a: Skeledirge|Torch Song|p2a: Luvdisc\n|-resisted|p2a: Luvdisc\n|-damage|p2a: Luvdisc|158/247\n|-boost|p1a: Skeledirge|spa|1\n|move|p2a: Luvdisc|Substitute|p2a: Luvdisc\n|-start|p2a: Luvdisc|Substitute\n|-damage|p2a: Luvdisc|97/247\n|\n|upkeep\n|turn|8\n|\n|t:|1782805360\n|move|p1a: Skeledirge|Torch Song|p2a: Luvdisc\n|-resisted|p2a: Luvdisc\n|-damage|p2a: Luvdisc|37/247\n|-boost|p1a: Skeledirge|spa|1\n|move|p2a: Luvdisc|Substitute|p2a: Luvdisc\n|-fail|p2a: Luvdisc|move: Substitute\n|\n|upkeep\n|turn|9\n|\n|t:|1782805368\n|move|p1a: Skeledirge|Torch Song|p2a: Luvdisc\n|-resisted|p2a: Luvdisc\n|-damage|p2a: Luvdisc|0 fnt\n|-boost|p1a: Skeledirge|spa|1\n|faint|p2a: Luvdisc\n|\n|upkeep\n|c|\u2606diesnutz|Im stupid\n|c|\u2606diesnutz|Its a song\n|\n|t:|1782805381\n|switch|p2a: Chandelure|Chandelure, L83, M|235/235\n|-damage|p2a: Chandelure|177/235|[from] Stealth Rock\n|turn|10\n|c|\u2606Swordbeam64|I get confused with those interactions too\n|\n|t:|1782805399\n|-terastallize|p2a: Chandelure|Fire\n|move|p1a: Skeledirge|Shadow Ball|p2a: Chandelure\n|-damage|p2a: Chandelure|0 fnt\n|faint|p2a: Chandelure\n|\n|upkeep\n|\n|t:|1782805411\n|switch|p2a: Zapdos|Zapdos-Galar, L77|265/265\n|-damage|p2a: Zapdos|232/265|[from] Stealth Rock\n|turn|11\n|\n|t:|1782805419\n|move|p1a: Skeledirge|Torch Song|p2a: Zapdos\n|-crit|p2a: Zapdos\n|-damage|p2a: Zapdos|0 fnt\n|-boost|p1a: Skeledirge|spa|1\n|faint|p2a: Zapdos\n|\n|upkeep\n|\n|t:|1782805421\n|switch|p2a: Brute Bonnet|Brute Bonnet, L80|309/309\n|-damage|p2a: Brute Bonnet|271/309|[from] Stealth Rock\n|turn|12\n|\n|t:|1782805429\n|move|p2a: Brute Bonnet|Sucker Punch|p1a: Skeledirge\n|-damage|p1a: Skeledirge|170/294\n|move|p1a: Skeledirge|Torch Song|p2a: Brute Bonnet\n|-supereffective|p2a: Brute Bonnet\n|-damage|p2a: Brute Bonnet|0 fnt\n|-boost|p1a: Skeledirge|spa|1\n|faint|p2a: Brute Bonnet\n|-end|p2a: Brute Bonnet|Protosynthesis|[silent]\n|\n|upkeep\n|\n|t:|1782805436\n|switch|p2a: Magnezone|Magnezone, L85|258/258\n|-damage|p2a: Magnezone|242/258|[from] Stealth Rock\n|turn|13\n|c|\u2606diesnutz|Gg\n|c|\u2606Swordbeam64|Gg\n|\n|t:|1782805445\n|move|p1a: Skeledirge|Torch Song|p2a: Magnezone\n|-supereffective|p2a: Magnezone\n|-damage|p2a: Magnezone|0 fnt\n|-boost|p1a: Skeledirge|spa|1\n|faint|p2a: Magnezone\n|\n|upkeep\n|c|\u2606diesnutz|Damn\n|inactive|diesnutz has 120 seconds left.\n|c|\u2606diesnutz|Magnezone zapdos and chandelure all had choise scarf\n|c|\u2606diesnutz|Crazy team\n|\n|t:|1782805482\n|switch|p2a: Urshifu|Urshifu-Rapid-Strike, L75, M|274/274\n|-damage|p2a: Urshifu|257/274|[from] Stealth Rock\n|turn|14\n|\n|t:|1782805490\n|move|p1a: Skeledirge|Shadow Ball|p2a: Urshifu\n|-damage|p2a: Urshifu|0 fnt\n|faint|p2a: Urshifu\n|\n|win|Swordbeam64\n|raw|Swordbeam64's rating: 1783 &rarr; <strong>1801</strong><br />(+18 for winning)\n|raw|diesnutz's rating: 1755 &rarr; <strong>1737</strong><br />(-18 for losing)\n|c|\u2606diesnutz|Wp\n", "inputlog": ">version f8ac14003a5f27e1bdc8d8c59608a773c1cb96e5\n>start {\"formatid\":\"gen9randombattle\",\"seed\":\"sodium,4c48d77d30af6935c46bc7074552ed99\",\"rated\":\"Rated battle\"}\n>player p1 {\"name\":\"Swordbeam64\",\"avatar\":\"266\",\"rating\":1783,\"seed\":\"sodium,e8e4789e008d7d7d9f95a28a20367385\"}\n>player p2 {\"name\":\"diesnutz\",\"avatar\":\"smasher\",\"rating\":1755,\"seed\":\"sodium,3f2688e910d172b4a48db1446a333385\"}\n>p1 switch 6\n>p2 switch 4\n>p1 switch 3\n>p2 move shadowball\n>p1 move stealthrock\n>p2 switch 2\n>p1 move overheat\n>p2 move closecombat\n>p1 switch 6\n>p1 move flamecharge\n>p2 switch 6\n>p1 move flamecharge terastallize\n>p2 move surf\n>p1 move torchsong\n>p2 move substitute\n>p1 move torchsong\n>p2 move substitute\n>p1 move torchsong\n>p2 move endeavor\n>chat \u2606diesnutz|Im stupid\n>chat \u2606diesnutz|Its a song\n>p2 switch 2\n>chat \u2606Swordbeam64|I get confused with those interactions too\n>p1 move shadowball\n>p2 move energyball terastallize\n>p2 switch 3\n>p1 move torchsong\n>p2 move closecombat\n>p2 switch 4\n>p1 move torchsong\n>p2 move suckerpunch\n>p2 switch 5\n>chat \u2606diesnutz|Gg\n>chat \u2606Swordbeam64|Gg\n>p1 move torchsong\n>p2 move thunderbolt\n>chat \u2606diesnutz|Damn\n>chat \u2606diesnutz|Magnezone zapdos and chandelure all had choise scarf\n>chat \u2606diesnutz|Crazy team\n>p2 switch 6\n>p1 move shadowball\n>p2 move icespinner", "uploadtime": 1782805498, "views": 8, "formatid": "gen9randombattle", "rating": 1737, "private": 0, "password": null, "player_dets": [{"name": "Swordbeam64", "avatar": "266", "rating": 1783, "seed": "sodium,e8e4789e008d7d7d9f95a28a20367385"}, {"name": "diesnutz", "avatar": "smasher", "rating": 1755, "seed": "sodium,3f2688e910d172b4a48db1446a333385"}], "teams_full": [{"Skeledirge": {"name": "Skeledirge", "species": "Skeledirge", "speciesId": "skeledirge", "gender": "F", "shiny": false, "level": 79, "moves": ["shadowball", "flamecharge", "torchsong", "slackoff"], "ability": "Unaware", "evs": {"hp": 85, "atk": 85, "def": 85, "spa": 85, "spd": 85, "spe": 85}, "ivs": {"hp": 31, "atk": 31, "def": 31, "spa": 31, "spd": 31, "spe": 31}, "item": "Heavy-Duty Boots", "teraType": "Water", "role": "Bulky Attacker", "bvs": {"hp": 104, "atk": 75, "def": 100, "spa": 110, "spd": 75, "spe": 66}, "stats": {"hp": 294, "atk": 164, "def": 204, "spa": 219, "spd": 164, "spe": 150}, "types": ["Fire", "Ghost"]}, "Pachirisu": {"name": "Pachirisu", "species": "Pachirisu", "speciesId": "pachirisu", "gender": "M", "shiny": false, "level": 96, "moves": ["uturn", "discharge", "superfang", "encore"], "ability": "Volt Absorb", "evs": {"hp": 85, "atk": 85, "def": 85, "spa": 85, "spd": 85, "spe": 85}, "ivs": {"hp": 31, "atk": 31, "def": 31, "spa": 31, "spd": 31, "spe": 31}, "item": "Heavy-Duty Boots", "teraType": "Flying", "role": "Fast Support", "bvs": {"hp": 60, "atk": 45, "def": 70, "spa": 45, "spd": 90, "spe": 95}, "stats": {"hp": 271, "atk": 141, "def": 189, "spa": 141, "spd": 227, "spe": 237}, "types": ["Electric"]}, "Coalossal": {"name": "Coalossal", "species": "Coalossal", "speciesId": "coalossal", "gender": "F", "shiny": false, "level": 89, "moves": ["rapidspin", "stealthrock", "overheat", "stoneedge"], "ability": "Flame Body", "evs": {"hp": 85, "atk": 85, "def": 85, "spa": 85, "spd": 85, "spe": 85}, "ivs": {"hp": 31, "atk": 31, "def": 31, "spa": 31, "spd": 31, "spe": 31}, "item": "Heavy-Duty Boots", "teraType": "Water", "role": "Bulky Support", "bvs": {"hp": 110, "atk": 80, "def": 120, "spa": 80, "spd": 90, "spe": 30}, "stats": {"hp": 341, "atk": 193, "def": 264, "spa": 193, "spd": 211, "spe": 104}, "types": ["Rock", "Fire"]}, "Sinistcha": {"name": "Sinistcha", "species": "Sinistcha", "speciesId": "sinistcha", "gender": "N", "shiny": false, "level": 83, "moves": ["matchagotcha", "calmmind", "shadowball", "strengthsap"], "ability": "Heatproof", "evs": {"hp": 85, "atk": 0, "def": 85, "spa": 85, "spd": 85, "spe": 85}, "ivs": {"hp": 31, "atk": 0, "def": 31, "spa": 31, "spd": 31, "spe": 31}, "item": "Leftovers", "teraType": "Steel", "role": "Bulky Setup", "bvs": {"hp": 71, "atk": 60, "def": 106, "spa": 121, "spd": 80, "spe": 70}, "stats": {"hp": 254, "atk": 104, "def": 224, "spa": 249, "spd": 180, "spe": 164}, "types": ["Grass", "Ghost"]}, "Kingdra": {"name": "Kingdra", "species": "Kingdra", "speciesId": "kingdra", "gender": "M", "shiny": false, "level": 84, "moves": ["waterfall", "outrage", "dragondance", "wavecrash"], "ability": "Sniper", "evs": {"hp": 85, "atk": 85, "def": 85, "spa": 85, "spd": 85, "spe": 85}, "ivs": {"hp": 31, "atk": 31, "def": 31, "spa": 31, "spd": 31, "spe": 31}, "item": "Lum Berry", "teraType": "Water", "role": "Setup Sweeper", "bvs": {"hp": 75, "atk": 95, "def": 95, "spa": 95, "spd": 95, "spe": 85}, "stats": {"hp": 263, "atk": 208, "def": 208, "spa": 208, "spd": 208, "spe": 191}, "types": ["Water", "Dragon"]}, "Serperior": {"name": "Serperior", "species": "Serperior", "speciesId": "serperior", "gender": "F", "shiny": false, "level": 79, "moves": ["synthesis", "leafstorm", "dragonpulse", "glare"], "ability": "Contrary", "evs": {"hp": 85, "atk": 0, "def": 85, "spa": 85, "spd": 85, "spe": 85}, "ivs": {"hp": 31, "atk": 0, "def": 31, "spa": 31, "spd": 31, "spe": 31}, "item": "Life Orb", "teraType": "Dragon", "role": "Fast Attacker", "bvs": {"hp": 75, "atk": 75, "def": 95, "spa": 75, "spd": 95, "spe": 113}, "stats": {"hp": 248, "atk": 123, "def": 196, "spa": 164, "spd": 196, "spe": 224}, "types": ["Grass"]}}, {"Brute Bonnet": {"name": "Brute Bonnet", "species": "Brute Bonnet", "speciesId": "brutebonnet", "gender": "N", "shiny": false, "level": 80, "moves": ["seedbomb", "spore", "suckerpunch", "crunch"], "ability": "Protosynthesis", "evs": {"hp": 85, "atk": 85, "def": 85, "spa": 85, "spd": 85, "spe": 85}, "ivs": {"hp": 31, "atk": 31, "def": 31, "spa": 31, "spd": 31, "spe": 31}, "item": "Leftovers", "teraType": "Dark", "role": "Bulky Support", "bvs": {"hp": 111, "atk": 127, "def": 99, "spa": 79, "spd": 99, "spe": 55}, "stats": {"hp": 309, "atk": 249, "def": 205, "spa": 173, "spd": 205, "spe": 134}, "types": ["Grass", "Dark"]}, "Urshifu": {"name": "Urshifu", "species": "Urshifu-Rapid-Strike", "speciesId": "urshifurapidstrike", "gender": "M", "shiny": false, "level": 75, "moves": ["icespinner", "closecombat", "surgingstrikes", "uturn"], "ability": "Unseen Fist", "evs": {"hp": 85, "atk": 85, "def": 85, "spa": 85, "spd": 85, "spe": 85}, "ivs": {"hp": 31, "atk": 31, "def": 31, "spa": 31, "spd": 31, "spe": 31}, "item": "Choice Band", "teraType": "Water", "role": "Fast Attacker", "bvs": {"hp": 100, "atk": 130, "def": 100, "spa": 63, "spd": 60, "spe": 97}, "stats": {"hp": 274, "atk": 239, "def": 194, "spa": 138, "spd": 134, "spe": 189}, "types": ["Fighting", "Water"]}, "Zapdos": {"name": "Zapdos", "species": "Zapdos-Galar", "speciesId": "zapdosgalar", "gender": "N", "shiny": false, "level": 77, "moves": ["bravebird", "knockoff", "closecombat", "uturn"], "ability": "Defiant", "evs": {"hp": 85, "atk": 85, "def": 85, "spa": 85, "spd": 85, "spe": 85}, "ivs": {"hp": 31, "atk": 31, "def": 31, "spa": 31, "spd": 31, "spe": 31}, "item": "Choice Scarf", "teraType": "Fighting", "role": "Fast Attacker", "bvs": {"hp": 90, "atk": 125, "def": 90, "spa": 85, "spd": 90, "spe": 100}, "stats": {"hp": 265, "atk": 237, "def": 183, "spa": 175, "spd": 183, "spe": 199}, "types": ["Fighting", "Flying"]}, "Chandelure": {"name": "Chandelure", "species": "Chandelure", "speciesId": "chandelure", "gender": "M", "shiny": false, "level": 83, "moves": ["shadowball", "fireblast", "trick", "energyball"], "ability": "Flash Fire", "evs": {"hp": 85, "atk": 0, "def": 85, "spa": 85, "spd": 85, "spe": 85}, "ivs": {"hp": 31, "atk": 0, "def": 31, "spa": 31, "spd": 31, "spe": 31}, "item": "Choice Scarf", "teraType": "Fire", "role": "Fast Attacker", "bvs": {"hp": 60, "atk": 55, "def": 90, "spa": 145, "spd": 90, "spe": 80}, "stats": {"hp": 235, "atk": 96, "def": 197, "spa": 288, "spd": 197, "spe": 180}, "types": ["Ghost", "Fire"]}, "Magnezone": {"name": "Magnezone", "species": "Magnezone", "speciesId": "magnezone", "gender": "N", "shiny": false, "level": 85, "moves": ["bodypress", "voltswitch", "thunderbolt", "flashcannon"], "ability": "Magnet Pull", "evs": {"hp": 85, "atk": 0, "def": 85, "spa": 85, "spd": 85, "spe": 85}, "ivs": {"hp": 31, "atk": 0, "def": 31, "spa": 31, "spd": 31, "spe": 31}, "item": "Choice Scarf", "teraType": "Electric", "role": "Fast Attacker", "bvs": {"hp": 70, "atk": 70, "def": 115, "spa": 130, "spd": 90, "spe": 60}, "stats": {"hp": 258, "atk": 124, "def": 244, "spa": 270, "spd": 202, "spe": 151}, "types": ["Electric", "Steel"]}, "Luvdisc": {"name": "Luvdisc", "species": "Luvdisc", "speciesId": "luvdisc", "gender": "F", "shiny": false, "level": 100, "moves": ["surf", "flipturn", "endeavor", "substitute"], "ability": "Swift Swim", "evs": {"hp": 81, "atk": 85, "def": 85, "spa": 85, "spd": 85, "spe": 85}, "ivs": {"hp": 31, "atk": 31, "def": 31, "spa": 31, "spd": 31, "spe": 31}, "item": "Heavy-Duty Boots", "teraType": "Ghost", "role": "Fast Support", "bvs": {"hp": 43, "atk": 30, "def": 55, "spa": 40, "spd": 65, "spe": 97}, "stats": {"hp": 247, "atk": 117, "def": 167, "spa": 137, "spd": 187, "spe": 251}, "types": ["Water"]}}]}