{"id": "gen9randombattle-2641511451", "format": "[Gen 9] Random Battle", "players": ["Smucky", "fashionstar510"], "log": "|j|\u2606Smucky\n|j|\u2606fashionstar510\n|t:|1782797683\n|gametype|singles\n|player|p1|Smucky|cynthia-gen7|2183\n|player|p2|fashionstar510|169|2236\n|gen|9\n|tier|[Gen 9] Random Battle\n|rated|\n|rule|Species Clause: Limit one of each Pok\u00e9mon\n|rule|HP Percentage Mod: HP is shown in percentages\n|rule|Sleep Clause Mod: Limit one foe put to sleep\n|rule|Illusion Level Mod: Illusion disguises the Pok\u00e9mon's true level\n|\n|t:|1782797684\n|teamsize|p1|6\n|teamsize|p2|6\n|start\n|switch|p1a: Goodra|Goodra, L85, M|292/292\n|switch|p2a: Blastoise|Blastoise, L80, M|258/258\n|turn|1\n|\n|t:|1782797696\n|switch|p2a: Zamazenta|Zamazenta, L71|248/248\n|-ability|p2a: Zamazenta|Dauntless Shield|boost\n|-boost|p2a: Zamazenta|def|1\n|move|p1a: Goodra|Power Whip|p2a: Zamazenta\n|-damage|p2a: Zamazenta|190/248\n|\n|-heal|p2a: Zamazenta|205/248|[from] item: Leftovers\n|upkeep\n|turn|2\n|inactive|Battle timer is ON: inactive players will automatically lose when time's up. (requested by fashionstar510)\n|\n|t:|1782797709\n|switch|p1a: Froslass|Froslass, L87, F|263/263\n|move|p2a: Zamazenta|Body Press|p1a: Froslass\n|-immune|p1a: Froslass\n|\n|-heal|p2a: Zamazenta|220/248|[from] item: Leftovers\n|upkeep\n|turn|3\n|\n|t:|1782797718\n|move|p1a: Froslass|Poltergeist|p2a: Zamazenta\n|-activate|p2a: Zamazenta|move: Poltergeist|Leftovers\n|-damage|p2a: Zamazenta|147/248\n|move|p2a: Zamazenta|Iron Head|p1a: Froslass\n|-supereffective|p1a: Froslass\n|-damage|p1a: Froslass|143/263\n|\n|-heal|p2a: Zamazenta|162/248|[from] item: Leftovers\n|upkeep\n|turn|4\n|\n|t:|1782797724\n|move|p1a: Froslass|Will-O-Wisp|p2a: Zamazenta\n|-status|p2a: Zamazenta|brn\n|move|p2a: Zamazenta|Iron Head|p1a: Froslass\n|-supereffective|p1a: Froslass\n|-damage|p1a: Froslass|89/263\n|\n|-heal|p2a: Zamazenta|177/248 brn|[from] item: Leftovers\n|-damage|p2a: Zamazenta|162/248 brn|[from] brn\n|upkeep\n|turn|5\n|\n|t:|1782797730\n|switch|p1a: Jumpluff|Jumpluff, L87, M|271/271\n|move|p2a: Zamazenta|Iron Head|p1a: Jumpluff\n|-damage|p1a: Jumpluff|242/271\n|\n|-heal|p2a: Zamazenta|177/248 brn|[from] item: Leftovers\n|-damage|p2a: Zamazenta|162/248 brn|[from] brn\n|upkeep\n|turn|6\n|\n|t:|1782797734\n|switch|p2a: Pikachu|Pikachu-Unova, L93, M|216/216\n|move|p1a: Jumpluff|Substitute|p1a: Jumpluff\n|-start|p1a: Jumpluff|Substitute\n|-damage|p1a: Jumpluff|175/271\n|\n|upkeep\n|turn|7\n|\n|t:|1782797739\n|move|p1a: Jumpluff|Leech Seed|p2a: Pikachu\n|-start|p2a: Pikachu|move: Leech Seed\n|move|p2a: Pikachu|Volt Switch|p1a: Jumpluff\n|-end|p1a: Jumpluff|Substitute\n|\n|t:|1782797744\n|switch|p2a: Pyroar|Pyroar, L88, M|295/295|[from] Volt Switch\n|-ability|p2a: Pyroar|Unnerve\n|\n|upkeep\n|turn|8\n|\n|t:|1782797749\n|switch|p1a: Goodra|Goodra, L85, M|292/292\n|move|p2a: Pyroar|Hyper Voice|p1a: Goodra\n|-damage|p1a: Goodra|238/292\n|\n|upkeep\n|turn|9\n|\n|t:|1782797758\n|switch|p2a: Zamazenta|Zamazenta, L71|162/248 brn\n|move|p1a: Goodra|Scald|p2a: Zamazenta\n|-damage|p2a: Zamazenta|101/248 brn\n|\n|-heal|p2a: Zamazenta|116/248 brn|[from] item: Leftovers\n|-damage|p2a: Zamazenta|101/248 brn|[from] brn\n|upkeep\n|turn|10\n|\n|t:|1782797762\n|switch|p1a: Jumpluff|Jumpluff, L87, M|175/271\n|move|p2a: Zamazenta|Iron Head|p1a: Jumpluff\n|-damage|p1a: Jumpluff|146/271\n|\n|-heal|p2a: Zamazenta|116/248 brn|[from] item: Leftovers\n|-damage|p2a: Zamazenta|101/248 brn|[from] brn\n|upkeep\n|turn|11\n|\n|t:|1782797770\n|switch|p2a: Pyroar|Pyroar, L88, M|295/295\n|-ability|p2a: Pyroar|Unnerve\n|move|p1a: Jumpluff|Leech Seed|p2a: Pyroar\n|-start|p2a: Pyroar|move: Leech Seed\n|\n|-damage|p2a: Pyroar|259/295|[from] Leech Seed|[of] p1a: Jumpluff\n|-heal|p1a: Jumpluff|182/271|[silent]\n|upkeep\n|turn|12\n|\n|t:|1782797777\n|move|p1a: Jumpluff|Acrobatics|p2a: Pyroar\n|-damage|p2a: Pyroar|166/295\n|move|p2a: Pyroar|Hyper Voice|p1a: Jumpluff\n|-damage|p1a: Jumpluff|74/271\n|\n|-damage|p2a: Pyroar|130/295|[from] Leech Seed|[of] p1a: Jumpluff\n|-heal|p1a: Jumpluff|110/271|[silent]\n|upkeep\n|turn|13\n|\n|t:|1782797791\n|switch|p1a: Goodra|Goodra, L85, M|238/292\n|move|p2a: Pyroar|Fire Blast|p1a: Goodra\n|-resisted|p1a: Goodra\n|-damage|p1a: Goodra|208/292\n|\n|-damage|p2a: Pyroar|94/295|[from] Leech Seed|[of] p1a: Goodra\n|-heal|p1a: Goodra|244/292|[silent]\n|upkeep\n|turn|14\n|\n|t:|1782797805\n|switch|p2a: Zamazenta|Zamazenta, L71|101/248 brn\n|move|p1a: Goodra|Power Whip|p2a: Zamazenta\n|-damage|p2a: Zamazenta|7/248 brn\n|\n|-heal|p2a: Zamazenta|22/248 brn|[from] item: Leftovers\n|-damage|p2a: Zamazenta|7/248 brn|[from] brn\n|upkeep\n|turn|15\n|\n|t:|1782797813\n|switch|p1a: Jumpluff|Jumpluff, L87, M|110/271\n|move|p2a: Zamazenta|Iron Head|p1a: Jumpluff\n|-damage|p1a: Jumpluff|81/271\n|\n|-heal|p2a: Zamazenta|22/248 brn|[from] item: Leftovers\n|-damage|p2a: Zamazenta|7/248 brn|[from] brn\n|upkeep\n|turn|16\n|\n|t:|1782797815\n|switch|p2a: Pyroar|Pyroar, L88, M|94/295\n|-ability|p2a: Pyroar|Unnerve\n|move|p1a: Jumpluff|Strength Sap|p2a: Pyroar\n|-unboost|p2a: Pyroar|atk|1\n|-heal|p1a: Jumpluff|205/271\n|\n|upkeep\n|turn|17\n|j| Nodragondanceinrb\n|\n|t:|1782797823\n|switch|p1a: Goodra|Goodra, L85, M|244/292\n|move|p2a: Pyroar|Fire Blast|p1a: Goodra|[miss]\n|-miss|p2a: Pyroar|p1a: Goodra\n|\n|upkeep\n|turn|18\n|\n|t:|1782797830\n|switch|p2a: Zamazenta|Zamazenta, L71|7/248 brn\n|move|p1a: Goodra|Scald|p2a: Zamazenta\n|-damage|p2a: Zamazenta|0 fnt\n|faint|p2a: Zamazenta\n|\n|upkeep\n|\n|t:|1782797836\n|switch|p2a: Pikachu|Pikachu-Unova, L93, M|216/216\n|turn|19\n|\n|t:|1782797843\n|switch|p1a: Jumpluff|Jumpluff, L87, M|205/271\n|move|p2a: Pikachu|Play Rough|p1a: Jumpluff\n|-damage|p1a: Jumpluff|95/271\n|\n|upkeep\n|turn|20\n|\n|t:|1782797846\n|move|p1a: Jumpluff|Strength Sap|p2a: Pikachu\n|-unboost|p2a: Pikachu|atk|1\n|-heal|p1a: Jumpluff|250/271\n|move|p2a: Pikachu|Volt Switch|p1a: Jumpluff\n|-damage|p1a: Jumpluff|151/271\n|\n|t:|1782797854\n|switch|p2a: Blastoise|Blastoise, L80, M|258/258|[from] Volt Switch\n|\n|upkeep\n|turn|21\n|\n|t:|1782797866\n|switch|p1a: Dunsparce|Dunsparce, L86, F|312/312\n|move|p2a: Blastoise|Ice Beam|p1a: Dunsparce\n|-damage|p1a: Dunsparce|271/312\n|\n|upkeep\n|turn|22\n|\n|t:|1782797875\n|switch|p2a: Pyroar|Pyroar, L88, M|94/295\n|-ability|p2a: Pyroar|Unnerve\n|move|p1a: Dunsparce|Earthquake|p2a: Pyroar\n|-supereffective|p2a: Pyroar\n|-damage|p2a: Pyroar|0 fnt\n|faint|p2a: Pyroar\n|\n|upkeep\n|\n|t:|1782797880\n|switch|p2a: Cacturne|Cacturne, L92, F|278/278\n|turn|23\n|\n|t:|1782797884\n|switch|p1a: Jumpluff|Jumpluff, L87, M|151/271\n|move|p2a: Cacturne|Knock Off|p1a: Jumpluff\n|-damage|p1a: Jumpluff|21/271\n|-damage|p2a: Cacturne|251/278|[from] item: Life Orb\n|\n|upkeep\n|turn|24\n|\n|t:|1782797892\n|switch|p2a: Drednaw|Drednaw, L81, F|278/278\n|move|p1a: Jumpluff|Strength Sap|p2a: Drednaw\n|-unboost|p2a: Drednaw|atk|1\n|-heal|p1a: Jumpluff|254/271\n|-enditem|p2a: Drednaw|White Herb\n|-clearnegativeboost|p2a: Drednaw|[silent]\n|\n|upkeep\n|turn|25\n|\n|t:|1782797908\n|switch|p1a: Ludicolo|Ludicolo, L90, F|290/290\n|move|p2a: Drednaw|Shell Smash|p2a: Drednaw\n|-unboost|p2a: Drednaw|def|1\n|-unboost|p2a: Drednaw|spd|1\n|-boost|p2a: Drednaw|atk|2\n|-boost|p2a: Drednaw|spa|2\n|-boost|p2a: Drednaw|spe|2\n|\n|upkeep\n|turn|26\n|\n|t:|1782797916\n|move|p2a: Drednaw|Stone Edge|p1a: Ludicolo\n|-damage|p1a: Ludicolo|38/290\n|move|p1a: Ludicolo|Giga Drain|p2a: Drednaw\n|-supereffective|p2a: Drednaw\n|-damage|p2a: Drednaw|0 fnt\n|-heal|p1a: Ludicolo|177/290|[from] drain|[of] p2a: Drednaw\n|faint|p2a: Drednaw\n|-damage|p1a: Ludicolo|148/290|[from] item: Life Orb\n|\n|upkeep\n|\n|t:|1782797922\n|switch|p2a: Pikachu|Pikachu-Unova, L93, M|216/216\n|turn|27\n|\n|t:|1782797934\n|move|p2a: Pikachu|Volt Tackle|p1a: Ludicolo\n|-damage|p1a: Ludicolo|0 fnt\n|faint|p1a: Ludicolo\n|-damage|p2a: Pikachu|167/216|[from] Recoil\n|\n|upkeep\n|\n|t:|1782797937\n|switch|p1a: Jumpluff|Jumpluff, L87, M|254/271\n|turn|28\n|\n|t:|1782797941\n|move|p1a: Jumpluff|Substitute|p1a: Jumpluff\n|-start|p1a: Jumpluff|Substitute\n|-damage|p1a: Jumpluff|187/271\n|move|p2a: Pikachu|Volt Switch|p1a: Jumpluff\n|-end|p1a: Jumpluff|Substitute\n|\n|t:|1782797945\n|switch|p2a: Blastoise|Blastoise, L80, M|258/258|[from] Volt Switch\n|\n|upkeep\n|turn|29\n|\n|t:|1782797948\n|switch|p1a: Dunsparce|Dunsparce, L86, F|271/312\n|move|p2a: Blastoise|Ice Beam|p1a: Dunsparce\n|-damage|p1a: Dunsparce|228/312\n|\n|upkeep\n|turn|30\n|\n|t:|1782797952\n|switch|p2a: Pikachu|Pikachu-Unova, L93, M|167/216\n|move|p1a: Dunsparce|Body Slam|p2a: Pikachu\n|-damage|p2a: Pikachu|49/216\n|\n|upkeep\n|turn|31\n|\n|t:|1782797956\n|move|p2a: Pikachu|Volt Tackle|p1a: Dunsparce\n|-damage|p1a: Dunsparce|59/312\n|-damage|p2a: Pikachu|0 fnt|[from] Recoil\n|faint|p2a: Pikachu\n|move|p1a: Dunsparce|Body Slam|p2: Pikachu|[notarget]\n|-fail|p1a: Dunsparce\n|\n|upkeep\n|\n|t:|1782797963\n|switch|p2a: Blastoise|Blastoise, L80, M|258/258\n|turn|32\n|\n|t:|1782797971\n|move|p2a: Blastoise|Shell Smash|p2a: Blastoise\n|-unboost|p2a: Blastoise|def|1\n|-unboost|p2a: Blastoise|spd|1\n|-boost|p2a: Blastoise|atk|2\n|-boost|p2a: Blastoise|spa|2\n|-boost|p2a: Blastoise|spe|2\n|-enditem|p2a: Blastoise|White Herb\n|-clearnegativeboost|p2a: Blastoise|[silent]\n|move|p1a: Dunsparce|Body Slam|p2a: Blastoise\n|-damage|p2a: Blastoise|188/258\n|-status|p2a: Blastoise|par\n|\n|upkeep\n|turn|33\n|\n|t:|1782797975\n|move|p2a: Blastoise|Shell Smash|p2a: Blastoise\n|-unboost|p2a: Blastoise|def|1\n|-unboost|p2a: Blastoise|spd|1\n|-boost|p2a: Blastoise|atk|2\n|-boost|p2a: Blastoise|spa|2\n|-boost|p2a: Blastoise|spe|2\n|move|p1a: Dunsparce|Body Slam|p2a: Blastoise\n|-damage|p2a: Blastoise|82/258 par\n|\n|upkeep\n|turn|34\n|\n|t:|1782797982\n|move|p2a: Blastoise|Earthquake|p1a: Dunsparce\n|-damage|p1a: Dunsparce|0 fnt\n|faint|p1a: Dunsparce\n|\n|upkeep\n|j| Loverboyameo\n|\n|t:|1782797990\n|switch|p1a: Cramorant|Cramorant, L86, F|261/261\n|turn|35\n|\n|t:|1782797997\n|cant|p2a: Blastoise|par\n|move|p1a: Cramorant|Brave Bird|p2a: Blastoise\n|-damage|p2a: Blastoise|0 fnt\n|faint|p2a: Blastoise\n|-damage|p1a: Cramorant|234/261|[from] Recoil\n|\n|upkeep\n|-message|fashionstar510 forfeited.\n|\n|win|Smucky\n", "inputlog": ">version f8ac14003a5f27e1bdc8d8c59608a773c1cb96e5\n>start {\"formatid\":\"gen9randombattle\",\"seed\":\"sodium,7e613b25b9b3645958e089a37f119fa9\",\"rated\":\"Rated battle\"}\n>player p1 {\"name\":\"Smucky\",\"avatar\":\"cynthia-gen7\",\"rating\":2183,\"seed\":\"sodium,43caa96a567a3e6597a30f6f4bc0e835\"}\n>player p2 {\"name\":\"fashionstar510\",\"avatar\":\"169\",\"rating\":2236,\"seed\":\"sodium,990175408ad711a960658a29319f08ae\"}\n>p1 move powerwhip\n>p2 switch 4\n>p1 switch 3\n>p2 move bodypress\n>p1 move poltergeist\n>p2 move ironhead\n>p1 move willowisp\n>p2 move ironhead\n>p1 switch 5\n>p2 move ironhead\n>p1 move substitute\n>p2 switch 2\n>p1 move leechseed\n>p2 move voltswitch\n>p2 switch 3\n>p1 switch 3\n>p2 move hypervoice\n>p1 move scald\n>p2 switch 2\n>p1 switch 3\n>p2 move ironhead\n>p1 move leechseed\n>p2 switch 2\n>p1 move acrobatics\n>p2 move hypervoice\n>p1 switch 3\n>p2 move fireblast\n>p1 move powerwhip\n>p2 switch 2\n>p1 switch 3\n>p2 move ironhead\n>p1 move strengthsap\n>p2 switch 2\n>p1 switch 3\n>p2 move fireblast\n>p1 move scald\n>p2 switch 2\n>p2 switch 3\n>p1 switch 3\n>p2 move playrough\n>p1 move strengthsap\n>p2 move voltswitch\n>p2 switch 4\n>p1 switch 6\n>p2 move icebeam\n>p1 move earthquake\n>p2 switch 2\n>p2 switch 5\n>p1 switch 6\n>p2 move knockoff\n>p1 move strengthsap\n>p2 switch 6\n>p1 switch 2\n>p2 move shellsmash\n>p1 move gigadrain\n>p2 move stoneedge\n>p2 switch 4\n>p1 move hydropump\n>p2 move volttackle\n>p1 switch 2\n>p1 move substitute\n>p2 move voltswitch\n>p2 switch 2\n>p1 switch 6\n>p2 move icebeam\n>p1 move bodyslam\n>p2 switch 2\n>p1 move bodyslam\n>p2 move volttackle\n>p2 switch 2\n>p1 move bodyslam\n>p2 move shellsmash\n>p1 move bodyslam\n>p2 move shellsmash\n>p1 move bodyslam\n>p2 move earthquake\n>p1 switch 4\n>p1 move bravebird\n>p2 move icebeam\n>forcelose p2", "uploadtime": 1782797686, "views": 4, "formatid": "gen9randombattle", "rating": null, "private": 0, "password": null, "player_dets": [{"name": "Smucky", "avatar": "cynthia-gen7", "rating": 2183, "seed": "sodium,43caa96a567a3e6597a30f6f4bc0e835"}, {"name": "fashionstar510", "avatar": "169", "rating": 2236, "seed": "sodium,990175408ad711a960658a29319f08ae"}], "teams_full": [{"Goodra": {"name": "Goodra", "species": "Goodra", "speciesId": "goodra", "gender": "M", "shiny": false, "level": 85, "moves": ["dracometeor", "scald", "dragontail", "powerwhip"], "ability": "Sap Sipper", "evs": {"hp": 85, "atk": 85, "def": 85, "spa": 85, "spd": 85, "spe": 85}, "ivs": {"hp": 31, "atk": 31, "def": 31, "spa": 31, "spd": 31, "spe": 31}, "item": "Assault Vest", "teraType": "Steel", "role": "AV Pivot", "bvs": {"hp": 90, "atk": 100, "def": 70, "spa": 110, "spd": 150, "spe": 80}, "stats": {"hp": 292, "atk": 219, "def": 168, "spa": 236, "spd": 304, "spe": 185}, "types": ["Dragon"]}, "Ludicolo": {"name": "Ludicolo", "species": "Ludicolo", "speciesId": "ludicolo", "gender": "F", "shiny": false, "level": 90, "moves": ["gigadrain", "hydropump", "raindance", "icebeam"], "ability": "Swift Swim", "evs": {"hp": 85, "atk": 0, "def": 85, "spa": 85, "spd": 85, "spe": 85}, "ivs": {"hp": 31, "atk": 0, "def": 31, "spa": 31, "spd": 31, "spe": 31}, "item": "Life Orb", "teraType": "Steel", "role": "Setup Sweeper", "bvs": {"hp": 80, "atk": 70, "def": 70, "spa": 90, "spd": 100, "spe": 70}, "stats": {"hp": 290, "atk": 131, "def": 177, "spa": 213, "spd": 231, "spe": 177}, "types": ["Water", "Grass"]}, "Froslass": {"name": "Froslass", "species": "Froslass", "speciesId": "froslass", "gender": "F", "shiny": false, "level": 87, "moves": ["tripleaxel", "destinybond", "willowisp", "poltergeist"], "ability": "Cursed Body", "evs": {"hp": 81, "atk": 85, "def": 85, "spa": 85, "spd": 85, "spe": 85}, "ivs": {"hp": 31, "atk": 31, "def": 31, "spa": 31, "spd": 31, "spe": 31}, "item": "Wide Lens", "teraType": "Ice", "role": "Fast Support", "bvs": {"hp": 70, "atk": 80, "def": 70, "spa": 80, "spd": 70, "spe": 110}, "stats": {"hp": 263, "atk": 189, "def": 172, "spa": 189, "spd": 172, "spe": 241}, "types": ["Ice", "Ghost"]}, "Cramorant": {"name": "Cramorant", "species": "Cramorant", "speciesId": "cramorant", "gender": "F", "shiny": false, "level": 86, "moves": ["bravebird", "defog", "surf", "roost"], "ability": "Gulp Missile", "evs": {"hp": 85, "atk": 85, "def": 85, "spa": 85, "spd": 85, "spe": 85}, "ivs": {"hp": 31, "atk": 31, "def": 31, "spa": 31, "spd": 31, "spe": 31}, "item": "Heavy-Duty Boots", "teraType": "Ground", "role": "Bulky Support", "bvs": {"hp": 70, "atk": 85, "def": 55, "spa": 85, "spd": 95, "spe": 85}, "stats": {"hp": 261, "atk": 195, "def": 144, "spa": 195, "spd": 213, "spe": 195}, "types": ["Flying", "Water"]}, "Jumpluff": {"name": "Jumpluff", "species": "Jumpluff", "speciesId": "jumpluff", "gender": "M", "shiny": false, "level": 87, "moves": ["strengthsap", "leechseed", "substitute", "acrobatics"], "ability": "Infiltrator", "evs": {"hp": 81, "atk": 85, "def": 85, "spa": 85, "spd": 85, "spe": 85}, "ivs": {"hp": 31, "atk": 31, "def": 31, "spa": 31, "spd": 31, "spe": 31}, "item": "", "teraType": "Steel", "role": "Bulky Support", "bvs": {"hp": 75, "atk": 55, "def": 70, "spa": 55, "spd": 95, "spe": 110}, "stats": {"hp": 271, "atk": 145, "def": 172, "spa": 145, "spd": 215, "spe": 241}, "types": ["Grass", "Flying"]}, "Dunsparce": {"name": "Dunsparce", "species": "Dunsparce", "speciesId": "dunsparce", "gender": "F", "shiny": false, "level": 86, "moves": ["earthquake", "bodyslam", "coil", "roost"], "ability": "Serene Grace", "evs": {"hp": 85, "atk": 85, "def": 85, "spa": 85, "spd": 85, "spe": 85}, "ivs": {"hp": 31, "atk": 31, "def": 31, "spa": 31, "spd": 31, "spe": 31}, "item": "Eviolite", "teraType": "Ground", "role": "Bulky Setup", "bvs": {"hp": 100, "atk": 70, "def": 70, "spa": 65, "spd": 65, "spe": 45}, "stats": {"hp": 312, "atk": 170, "def": 170, "spa": 161, "spd": 161, "spe": 127}, "types": ["Normal"]}}, {"Blastoise": {"name": "Blastoise", "species": "Blastoise", "speciesId": "blastoise", "gender": "M", "shiny": false, "level": 80, "moves": ["shellsmash", "icebeam", "hydropump", "earthquake"], "ability": "Torrent", "evs": {"hp": 85, "atk": 85, "def": 85, "spa": 85, "spd": 85, "spe": 85}, "ivs": {"hp": 31, "atk": 31, "def": 31, "spa": 31, "spd": 31, "spe": 31}, "item": "White Herb", "teraType": "Ground", "role": "Setup Sweeper", "bvs": {"hp": 79, "atk": 83, "def": 100, "spa": 85, "spd": 105, "spe": 78}, "stats": {"hp": 258, "atk": 179, "def": 206, "spa": 182, "spd": 214, "spe": 171}, "types": ["Water"]}, "Pikachu": {"name": "Pikachu", "species": "Pikachu-Unova", "speciesId": "pikachu", "gender": "M", "shiny": false, "level": 93, "moves": ["voltswitch", "playrough", "volttackle", "surf"], "ability": "Lightning Rod", "evs": {"hp": 85, "atk": 85, "def": 85, "spa": 85, "spd": 85, "spe": 85}, "ivs": {"hp": 31, "atk": 31, "def": 31, "spa": 31, "spd": 31, "spe": 31}, "item": "Light Ball", "teraType": "Water", "role": "Fast Attacker", "bvs": {"hp": 35, "atk": 55, "def": 40, "spa": 50, "spd": 50, "spe": 90}, "stats": {"hp": 216, "atk": 155, "def": 127, "spa": 146, "spd": 146, "spe": 220}, "types": ["Electric"]}, "Pyroar": {"name": "Pyroar", "species": "Pyroar", "speciesId": "pyroar", "gender": "M", "shiny": false, "level": 88, "moves": ["fireblast", "darkpulse", "workup", "hypervoice"], "ability": "Unnerve", "evs": {"hp": 85, "atk": 0, "def": 85, "spa": 85, "spd": 85, "spe": 85}, "ivs": {"hp": 31, "atk": 0, "def": 31, "spa": 31, "spd": 31, "spe": 31}, "item": "Heavy-Duty Boots", "teraType": "Fire", "role": "Fast Attacker", "bvs": {"hp": 86, "atk": 68, "def": 72, "spa": 109, "spd": 66, "spe": 106}, "stats": {"hp": 295, "atk": 124, "def": 177, "spa": 242, "spd": 166, "spe": 237}, "types": ["Fire", "Normal"]}, "Zamazenta": {"name": "Zamazenta", "species": "Zamazenta", "speciesId": "zamazenta", "gender": "N", "shiny": false, "level": 71, "moves": ["irondefense", "crunch", "bodypress", "ironhead"], "ability": "Dauntless Shield", "evs": {"hp": 85, "atk": 85, "def": 85, "spa": 85, "spd": 85, "spe": 85}, "ivs": {"hp": 31, "atk": 31, "def": 31, "spa": 31, "spd": 31, "spe": 31}, "item": "Leftovers", "teraType": "Steel", "role": "Bulky Setup", "bvs": {"hp": 92, "atk": 120, "def": 115, "spa": 80, "spd": 115, "spe": 138}, "stats": {"hp": 248, "atk": 212, "def": 205, "spa": 155, "spd": 205, "spe": 237}, "types": ["Fighting"]}, "Cacturne": {"name": "Cacturne", "species": "Cacturne", "speciesId": "cacturne", "gender": "F", "shiny": false, "level": 92, "moves": ["suckerpunch", "seedbomb", "swordsdance", "knockoff"], "ability": "Water Absorb", "evs": {"hp": 85, "atk": 85, "def": 85, "spa": 85, "spd": 85, "spe": 85}, "ivs": {"hp": 31, "atk": 31, "def": 31, "spa": 31, "spd": 31, "spe": 31}, "item": "Life Orb", "teraType": "Dark", "role": "Setup Sweeper", "bvs": {"hp": 70, "atk": 115, "def": 60, "spa": 115, "spd": 60, "spe": 55}, "stats": {"hp": 278, "atk": 264, "def": 163, "spa": 264, "spd": 163, "spe": 154}, "types": ["Grass", "Dark"]}, "Drednaw": {"name": "Drednaw", "species": "Drednaw", "speciesId": "drednaw", "gender": "F", "shiny": false, "level": 81, "moves": ["stoneedge", "shellsmash", "liquidation", "earthquake"], "ability": "Shell Armor", "evs": {"hp": 85, "atk": 85, "def": 85, "spa": 85, "spd": 85, "spe": 85}, "ivs": {"hp": 31, "atk": 31, "def": 31, "spa": 31, "spd": 31, "spe": 31}, "item": "White Herb", "teraType": "Ground", "role": "Fast Bulky Setup", "bvs": {"hp": 90, "atk": 115, "def": 90, "spa": 48, "spd": 68, "spe": 74}, "stats": {"hp": 278, "atk": 233, "def": 192, "spa": 124, "spd": 157, "spe": 167}, "types": ["Water", "Rock"]}}]}