{"id": "gen9randombattle-2641733289", "format": "[Gen 9] Random Battle", "players": ["panfriedpidgey", "thesunishao"], "log": "|j|\u2606panfriedpidgey\n|j|\u2606thesunishao\n|t:|1782835451\n|gametype|singles\n|player|p1|panfriedpidgey|101|2139\n|player|p2|thesunishao|psychic-gen4|2175\n|gen|9\n|tier|[Gen 9] Random Battle\n|rated|\n|rule|Species Clause: Limit one of each Pok\u00e9mon\n|rule|HP Percentage Mod: HP is shown in percentages\n|rule|Sleep Clause Mod: Limit one foe put to sleep\n|rule|Illusion Level Mod: Illusion disguises the Pok\u00e9mon's true level\n|\n|t:|1782835451\n|teamsize|p1|6\n|teamsize|p2|6\n|start\n|switch|p1a: Abomasnow|Abomasnow, L84, F|287/287\n|switch|p2a: Articuno|Articuno, L86|295/295\n|-ability|p2a: Articuno|Pressure\n|-weather|Snowscape|[from] ability: Snow Warning|[of] p1a: Abomasnow\n|turn|1\n|inactive|Battle timer is ON: inactive players will automatically lose when time's up. (requested by thesunishao)\n|inactive|panfriedpidgey has 120 seconds left.\n|\n|t:|1782835490\n|switch|p1a: Coalossal|Coalossal, L89, F|341/341\n|move|p2a: Articuno|Brave Bird|p1a: Coalossal\n|-resisted|p1a: Coalossal\n|-damage|p1a: Coalossal|294/341\n|-damage|p2a: Articuno|279/295|[from] Recoil\n|\n|-weather|Snowscape|[upkeep]\n|upkeep\n|turn|2\n|\n|t:|1782835497\n|switch|p2a: Gurdurr|Gurdurr, L85, M|283/283\n|move|p1a: Coalossal|Will-O-Wisp|p2a: Gurdurr|[miss]\n|-miss|p1a: Coalossal|p2a: Gurdurr\n|\n|-weather|Snowscape|[upkeep]\n|upkeep\n|turn|3\n|\n|t:|1782835508\n|switch|p1a: Mudsdale|Mudsdale, L83, M|302/302\n|move|p2a: Gurdurr|Knock Off|p1a: Mudsdale\n|-damage|p1a: Mudsdale|235/302\n|-ability|p1a: Mudsdale|Stamina|boost\n|-boost|p1a: Mudsdale|def|1\n|-enditem|p1a: Mudsdale|Leftovers|[from] move: Knock Off|[of] p2a: Gurdurr\n|\n|-weather|Snowscape|[upkeep]\n|upkeep\n|turn|4\n|inactive|panfriedpidgey has 120 seconds left.\n|\n|t:|1782835539\n|switch|p2a: Clawitzer|Clawitzer, L87, M|265/265\n|move|p1a: Mudsdale|Heavy Slam|p2a: Clawitzer\n|-resisted|p2a: Clawitzer\n|-damage|p2a: Clawitzer|218/265\n|\n|-weather|Snowscape|[upkeep]\n|upkeep\n|turn|5\n|inactive|panfriedpidgey has 120 seconds left.\n|\n|t:|1782835571\n|move|p2a: Clawitzer|U-turn|p1a: Mudsdale\n|-damage|p1a: Mudsdale|207/302\n|-ability|p1a: Mudsdale|Stamina|boost\n|-boost|p1a: Mudsdale|def|1\n|\n|t:|1782835578\n|switch|p2a: Articuno|Articuno, L86|279/295|[from] U-turn\n|-ability|p2a: Articuno|Pressure\n|move|p1a: Mudsdale|Earthquake|p2a: Articuno\n|-immune|p2a: Articuno\n|\n|-weather|none\n|upkeep\n|turn|6\n|\n|t:|1782835587\n|move|p2a: Articuno|Freeze-Dry|p1a: Mudsdale\n|-supereffective|p1a: Mudsdale\n|-damage|p1a: Mudsdale|39/302\n|-ability|p1a: Mudsdale|Stamina|boost\n|-boost|p1a: Mudsdale|def|1\n|move|p1a: Mudsdale|Stealth Rock|p2a: Articuno\n|-sidestart|p2: thesunishao|move: Stealth Rock\n|\n|upkeep\n|turn|7\n|\n|t:|1782835604\n|switch|p1a: Coalossal|Coalossal, L89, F|294/341\n|move|p2a: Articuno|Freeze-Dry|p1a: Coalossal\n|-resisted|p1a: Coalossal\n|-damage|p1a: Coalossal|257/341\n|\n|upkeep\n|turn|8\n|\n|t:|1782835608\n|switch|p2a: Gurdurr|Gurdurr, L85, M|283/283\n|-damage|p2a: Gurdurr|266/283|[from] Stealth Rock\n|move|p1a: Coalossal|Overheat|p2a: Gurdurr\n|-damage|p2a: Gurdurr|128/283\n|-unboost|p1a: Coalossal|spa|2\n|\n|upkeep\n|turn|9\n|inactive|panfriedpidgey has 120 seconds left.\n|inactive|panfriedpidgey has 90 seconds left.\n|\n|t:|1782835645\n|switch|p1a: Palossand|Palossand, L89, F|296/296\n|move|p2a: Gurdurr|Drain Punch|p1a: Palossand\n|-immune|p1a: Palossand\n|\n|upkeep\n|turn|10\n|\n|t:|1782835652\n|move|p2a: Gurdurr|Knock Off|p1a: Palossand\n|-supereffective|p1a: Palossand\n|-damage|p1a: Palossand|176/296\n|-enditem|p1a: Palossand|Leftovers|[from] move: Knock Off|[of] p2a: Gurdurr\n|move|p1a: Palossand|Shadow Ball|p2a: Gurdurr\n|-damage|p2a: Gurdurr|41/283\n|\n|upkeep\n|turn|11\n|\n|t:|1782835663\n|switch|p2a: Articuno|Articuno, L86|279/295\n|-ability|p2a: Articuno|Pressure\n|move|p1a: Palossand|Shadow Ball|p2a: Articuno\n|-damage|p2a: Articuno|207/295\n|\n|upkeep\n|turn|12\n|\n|t:|1782835681\n|switch|p2a: Gurdurr|Gurdurr, L85, M|41/283\n|-damage|p2a: Gurdurr|24/283|[from] Stealth Rock\n|switch|p1a: Mudsdale|Mudsdale, L83, M|39/302\n|\n|upkeep\n|turn|13\n|\n|t:|1782835695\n|switch|p1a: Palossand|Palossand, L89, F|176/296\n|move|p2a: Gurdurr|Drain Punch|p1a: Palossand\n|-immune|p1a: Palossand\n|\n|upkeep\n|turn|14\n|\n|t:|1782835701\n|switch|p2a: Clawitzer|Clawitzer, L87, M|218/265\n|-damage|p2a: Clawitzer|185/265|[from] Stealth Rock\n|move|p1a: Palossand|Shore Up|p1a: Palossand\n|-heal|p1a: Palossand|296/296\n|\n|upkeep\n|turn|15\n|\n|t:|1782835708\n|switch|p1a: Mudsdale|Mudsdale, L83, M|39/302\n|move|p2a: Clawitzer|Water Pulse|p1a: Mudsdale\n|-supereffective|p1a: Mudsdale\n|-damage|p1a: Mudsdale|0 fnt\n|faint|p1a: Mudsdale\n|\n|upkeep\n|inactive|panfriedpidgey has 120 seconds left.\n|\n|t:|1782835728\n|switch|p1a: Abomasnow|Abomasnow, L84, F|287/287\n|-weather|Snowscape|[from] ability: Snow Warning|[of] p1a: Abomasnow\n|turn|16\n|\n|t:|1782835734\n|move|p2a: Clawitzer|U-turn|p1a: Abomasnow\n|-supereffective|p1a: Abomasnow\n|-damage|p1a: Abomasnow|215/287\n|\n|t:|1782835738\n|switch|p2a: Gurdurr|Gurdurr, L85, M|24/283|[from] U-turn\n|-damage|p2a: Gurdurr|7/283|[from] Stealth Rock\n|move|p1a: Abomasnow|Aurora Veil|p1a: Abomasnow\n|-sidestart|p1: panfriedpidgey|move: Aurora Veil\n|\n|-weather|Snowscape|[upkeep]\n|upkeep\n|turn|17\n|inactive|panfriedpidgey has 120 seconds left.\n|\n|t:|1782835751\n|move|p1a: Abomasnow|Blizzard|p2a: Gurdurr\n|-damage|p2a: Gurdurr|0 fnt\n|faint|p2a: Gurdurr\n|\n|-weather|Snowscape|[upkeep]\n|upkeep\n|\n|t:|1782835756\n|switch|p2a: Articuno|Articuno, L86|207/295\n|-ability|p2a: Articuno|Pressure\n|turn|18\n|inactive|panfriedpidgey has 120 seconds left.\n|\n|t:|1782835773\n|switch|p1a: Pecharunt|Pecharunt, L77|262/262\n|move|p2a: Articuno|Substitute|p2a: Articuno\n|-start|p2a: Articuno|Substitute\n|-damage|p2a: Articuno|134/295\n|\n|-weather|Snowscape|[upkeep]\n|upkeep\n|turn|19\n|inactive|panfriedpidgey has 120 seconds left.\n|\n|t:|1782835800\n|move|p2a: Articuno|Roost|p2a: Articuno\n|-heal|p2a: Articuno|282/295\n|-singleturn|p2a: Articuno|move: Roost\n|move|p1a: Pecharunt|Parting Shot|p2a: Articuno\n|-unboost|p2a: Articuno|atk|1\n|-unboost|p2a: Articuno|spa|1\n|\n|t:|1782835808\n|switch|p1a: Coalossal|Coalossal, L89, F|257/341|[from] Parting Shot\n|\n|-weather|Snowscape|[upkeep]\n|upkeep\n|turn|20\n|\n|t:|1782835816\n|move|p2a: Articuno|Freeze-Dry|p1a: Coalossal\n|-resisted|p1a: Coalossal\n|-damage|p1a: Coalossal|245/341\n|-status|p1a: Coalossal|frz\n|cant|p1a: Coalossal|frz\n|\n|-weather|none\n|upkeep\n|turn|21\n|\n|t:|1782835824\n|switch|p2a: Clawitzer|Clawitzer, L87, M|185/265\n|-damage|p2a: Clawitzer|152/265|[from] Stealth Rock\n|cant|p1a: Coalossal|frz\n|\n|upkeep\n|turn|22\n|inactive|panfriedpidgey has 90 seconds left.\n|\n|t:|1782835864\n|switch|p1a: Abomasnow|Abomasnow, L84, F|215/287\n|-weather|Snowscape|[from] ability: Snow Warning|[of] p1a: Abomasnow\n|move|p2a: Clawitzer|Dragon Pulse|p1a: Abomasnow\n|-damage|p1a: Abomasnow|153/287\n|\n|-weather|Snowscape|[upkeep]\n|upkeep\n|turn|23\n|inactive|panfriedpidgey has 90 seconds left.\n|\n|t:|1782835872\n|move|p2a: Clawitzer|U-turn|p1a: Abomasnow\n|-supereffective|p1a: Abomasnow\n|-damage|p1a: Abomasnow|120/287\n|\n|t:|1782835875\n|switch|p2a: Articuno|Articuno, L86|282/295|[from] U-turn\n|-ability|p2a: Articuno|Pressure\n|move|p1a: Abomasnow|Blizzard|p2a: Articuno\n|-damage|p2a: Articuno|203/295\n|\n|-weather|Snowscape|[upkeep]\n|-sideend|p1: panfriedpidgey|move: Aurora Veil\n|upkeep\n|turn|24\n|inactive|panfriedpidgey has 90 seconds left.\n|\n|t:|1782835901\n|switch|p1a: Coalossal|Coalossal, L89, F|245/341 frz\n|move|p2a: Articuno|Brave Bird|p1a: Coalossal\n|-resisted|p1a: Coalossal\n|-damage|p1a: Coalossal|198/341 frz\n|-damage|p2a: Articuno|187/295|[from] Recoil\n|\n|-weather|Snowscape|[upkeep]\n|upkeep\n|turn|25\n|inactive|panfriedpidgey has 90 seconds left.\n|\n|t:|1782835910\n|switch|p2a: Dugtrio|Dugtrio, L84, M|196/196\n|-damage|p2a: Dugtrio|184/196|[from] Stealth Rock\n|-curestatus|p1a: Coalossal|frz|[msg]\n|move|p1a: Coalossal|Stone Edge|p2a: Dugtrio\n|-resisted|p2a: Dugtrio\n|-damage|p2a: Dugtrio|109/196\n|\n|-weather|Snowscape|[upkeep]\n|upkeep\n|turn|26\n|inactive|panfriedpidgey has 90 seconds left.\n|\n|t:|1782835935\n|move|p2a: Dugtrio|Earthquake|p1a: Coalossal\n|-supereffective|p1a: Coalossal\n|-damage|p1a: Coalossal|0 fnt\n|faint|p1a: Coalossal\n|\n|-weather|none\n|upkeep\n|inactive|panfriedpidgey has 60 seconds left.\n|inactive|panfriedpidgey has 30 seconds left.\n|inactive|panfriedpidgey has 20 seconds left.\n|\n|t:|1782836001\n|switch|p1a: Oricorio|Oricorio-Pom-Pom, L82, F|257/257\n|turn|27\n|inactive|panfriedpidgey has 30 seconds left this turn.\n|\n|t:|1782836030\n|switch|p2a: Flygon|Flygon, L82, F|265/265\n|-damage|p2a: Flygon|249/265|[from] Stealth Rock\n|move|p1a: Oricorio|Quiver Dance|p1a: Oricorio\n|-boost|p1a: Oricorio|spa|1\n|-boost|p1a: Oricorio|spd|1\n|-boost|p1a: Oricorio|spe|1\n|\n|upkeep\n|turn|28\n|inactive|panfriedpidgey has 30 seconds left.\n|inactive|thesunishao has 120 seconds left.\n|inactive|panfriedpidgey has 20 seconds left.\n|\n|t:|1782836061\n|move|p1a: Oricorio|Hurricane|p2a: Flygon\n|-damage|p2a: Flygon|60/265\n|-start|p2a: Flygon|confusion\n|-activate|p2a: Flygon|confusion\n|-damage|p2a: Flygon|29/265|[from] confusion\n|\n|upkeep\n|turn|29\n|inactive|panfriedpidgey has 30 seconds left this turn.\n|inactive|panfriedpidgey has 20 seconds left.\n|\n|t:|1782836074\n|move|p1a: Oricorio|Hurricane|p2a: Flygon\n|-crit|p2a: Flygon\n|-damage|p2a: Flygon|0 fnt\n|faint|p2a: Flygon\n|\n|upkeep\n|inactive|thesunishao has 90 seconds left.\n|\n|t:|1782836108\n|switch|p2a: Dugtrio|Dugtrio, L84, M|109/196\n|-damage|p2a: Dugtrio|97/196|[from] Stealth Rock\n|turn|30\n|inactive|panfriedpidgey has 30 seconds left.\n|inactive|thesunishao has 90 seconds left.\n|inactive|panfriedpidgey has 20 seconds left.\n|inactive|panfriedpidgey has 15 seconds left.\n|inactive|panfriedpidgey has 10 seconds left.\n|\n|t:|1782836147\n|move|p1a: Oricorio|Hurricane|p2a: Dugtrio|[miss]\n|-miss|p1a: Oricorio|p2a: Dugtrio\n|move|p2a: Dugtrio|Stone Edge|p1a: Oricorio|[miss]\n|-miss|p2a: Dugtrio|p1a: Oricorio\n|\n|upkeep\n|turn|31\n|inactive|panfriedpidgey has 20 seconds left this turn.\n|\n|t:|1782836152\n|move|p1a: Oricorio|Hurricane|p2a: Dugtrio\n|-damage|p2a: Dugtrio|0 fnt\n|faint|p2a: Dugtrio\n|\n|upkeep\n|\n|t:|1782836163\n|switch|p2a: Bellossom|Bellossom, L84, M|263/263\n|-damage|p2a: Bellossom|231/263|[from] Stealth Rock\n|turn|32\n|inactive|panfriedpidgey has 30 seconds left.\n|\n|t:|1782836177\n|move|p1a: Oricorio|Hurricane|p2a: Bellossom|[miss]\n|-miss|p1a: Oricorio|p2a: Bellossom\n|move|p2a: Bellossom|Moonblast|p1a: Oricorio\n|-damage|p1a: Oricorio|205/257\n|\n|-heal|p2a: Bellossom|247/263|[from] item: Leftovers\n|upkeep\n|turn|33\n|\n|t:|1782836181\n|move|p1a: Oricorio|Hurricane|p2a: Bellossom\n|-supereffective|p2a: Bellossom\n|-damage|p2a: Bellossom|0 fnt\n|faint|p2a: Bellossom\n|\n|upkeep\n|\n|t:|1782836187\n|switch|p2a: Clawitzer|Clawitzer, L87, M|152/265\n|-damage|p2a: Clawitzer|119/265|[from] Stealth Rock\n|turn|34\n|\n|t:|1782836195\n|-terastallize|p2a: Clawitzer|Dragon\n|move|p1a: Oricorio|Quiver Dance|p1a: Oricorio\n|-boost|p1a: Oricorio|spa|1\n|-boost|p1a: Oricorio|spd|1\n|-boost|p1a: Oricorio|spe|1\n|move|p2a: Clawitzer|Dragon Pulse|p1a: Oricorio\n|-damage|p1a: Oricorio|106/257\n|\n|upkeep\n|turn|35\n|\n|t:|1782836204\n|move|p1a: Oricorio|Hurricane|p2a: Clawitzer\n|-damage|p2a: Clawitzer|0 fnt\n|faint|p2a: Clawitzer\n|\n|upkeep\n|\n|t:|1782836207\n|switch|p2a: Articuno|Articuno, L86|187/295\n|-ability|p2a: Articuno|Pressure\n|turn|36\n|\n|t:|1782836210\n|move|p1a: Oricorio|Roost|p1a: Oricorio\n|-heal|p1a: Oricorio|235/257\n|-singleturn|p1a: Oricorio|move: Roost\n|move|p2a: Articuno|Freeze-Dry|p1a: Oricorio\n|-damage|p1a: Oricorio|192/257\n|\n|upkeep\n|turn|37\n|\n|t:|1782836213\n|move|p1a: Oricorio|Revelation Dance|p2a: Articuno\n|-supereffective|p2a: Articuno\n|-damage|p2a: Articuno|0 fnt\n|faint|p2a: Articuno\n|\n|win|panfriedpidgey\n|raw|panfriedpidgey's rating: 2139 &rarr; <strong>2161</strong><br />(+22 for winning)\n|raw|thesunishao's rating: 2175 &rarr; <strong>2153</strong><br />(-22 for losing)\n", "inputlog": ">version f8ac14003a5f27e1bdc8d8c59608a773c1cb96e5\n>start {\"formatid\":\"gen9randombattle\",\"seed\":\"sodium,3572031a095854ce8a533cee963d2d0a\",\"rated\":\"Rated battle\"}\n>player p1 {\"name\":\"panfriedpidgey\",\"avatar\":\"101\",\"rating\":2139,\"seed\":\"sodium,89d6fbb4531eb43d10fc113568c991e7\"}\n>player p2 {\"name\":\"thesunishao\",\"avatar\":\"psychic-gen4\",\"rating\":2175,\"seed\":\"sodium,09b17341560ef28ce55feb548fbc7174\"}\n>p1 switch 6\n>p2 move bravebird\n>p1 move willowisp\n>p2 switch 2\n>p1 switch 4\n>p2 move knockoff\n>p1 move heavyslam\n>p2 switch 4\n>p1 move earthquake\n>p2 move uturn\n>p2 switch 2\n>p1 move stealthrock\n>p2 move freezedry\n>p1 switch 4\n>p2 move freezedry\n>p1 move overheat\n>p2 switch 4\n>p1 switch 3\n>p2 move drainpunch\n>p1 move shadowball\n>p2 move knockoff\n>p1 move shadowball\n>p2 switch 4\n>p1 switch 4\n>p2 switch 4\n>p1 switch 4\n>p2 move drainpunch\n>p1 move shoreup\n>p2 switch 2\n>p1 switch 4\n>p2 move waterpulse\n>p1 switch 6\n>p1 move auroraveil\n>p2 move uturn\n>p2 switch 2\n>p1 move blizzard\n>p2 move knockoff\n>p2 switch 4\n>p1 switch 5\n>p2 move substitute\n>p1 move partingshot\n>p2 move roost\n>p1 switch 3\n>p1 move stoneedge\n>p2 move freezedry\n>p1 move rapidspin\n>p2 switch 2\n>p1 switch 5\n>p2 move dragonpulse\n>p1 move blizzard\n>p2 move uturn\n>p2 switch 2\n>p1 switch 5\n>p2 move bravebird\n>p1 move stoneedge\n>p2 switch 3\n>p1 move overheat\n>p2 move earthquake\n>p1 switch 2\n>p1 move quiverdance\n>p2 switch 6\n>p1 move hurricane\n>p2 move outrage\n>p1 move hurricane\n>p2 move outrage\n>p2 switch 6\n>p1 move hurricane\n>p2 move stoneedge\n>p1 move hurricane\n>p2 move stoneedge\n>p2 switch 5\n>p1 move hurricane\n>p2 move moonblast\n>p1 move hurricane\n>p2 move moonblast\n>p2 switch 2\n>p1 move quiverdance\n>p2 move dragonpulse terastallize\n>p1 move hurricane\n>p2 move dragonpulse\n>p2 switch 3\n>p1 move roost\n>p2 move freezedry\n>p1 move revelationdance\n>p2 move freezedry", "uploadtime": 1782835455, "views": 6, "formatid": "gen9randombattle", "rating": 2153, "private": 0, "password": null, "player_dets": [{"name": "panfriedpidgey", "avatar": "101", "rating": 2139, "seed": "sodium,89d6fbb4531eb43d10fc113568c991e7"}, {"name": "thesunishao", "avatar": "psychic-gen4", "rating": 2175, "seed": "sodium,09b17341560ef28ce55feb548fbc7174"}], "teams_full": [{"Abomasnow": {"name": "Abomasnow", "species": "Abomasnow", "speciesId": "abomasnow", "gender": "F", "shiny": false, "level": 84, "moves": ["iceshard", "blizzard", "auroraveil", "woodhammer"], "ability": "Snow Warning", "evs": {"hp": 77, "atk": 85, "def": 85, "spa": 85, "spd": 85, "spe": 85}, "ivs": {"hp": 31, "atk": 31, "def": 31, "spa": 31, "spd": 31, "spe": 31}, "item": "Light Clay", "teraType": "Water", "role": "Bulky Support", "bvs": {"hp": 90, "atk": 92, "def": 75, "spa": 92, "spd": 85, "spe": 60}, "stats": {"hp": 287, "atk": 203, "def": 174, "spa": 203, "spd": 191, "spe": 149}, "types": ["Grass", "Ice"]}, "Oricorio": {"name": "Oricorio", "species": "Oricorio-Pom-Pom", "speciesId": "oricoriopompom", "gender": "F", "shiny": false, "level": 82, "moves": ["hurricane", "roost", "quiverdance", "revelationdance"], "ability": "Dancer", "evs": {"hp": 85, "atk": 0, "def": 85, "spa": 85, "spd": 85, "spe": 85}, "ivs": {"hp": 31, "atk": 0, "def": 31, "spa": 31, "spd": 31, "spe": 31}, "item": "Heavy-Duty Boots", "teraType": "Ground", "role": "Setup Sweeper", "bvs": {"hp": 75, "atk": 70, "def": 70, "spa": 98, "spd": 70, "spe": 93}, "stats": {"hp": 257, "atk": 119, "def": 162, "spa": 208, "spd": 162, "spe": 200}, "types": ["Electric", "Flying"]}, "Palossand": {"name": "Palossand", "species": "Palossand", "speciesId": "palossand", "gender": "F", "shiny": false, "level": 89, "moves": ["sludgebomb", "shoreup", "shadowball", "earthpower"], "ability": "Water Compaction", "evs": {"hp": 85, "atk": 0, "def": 85, "spa": 85, "spd": 85, "spe": 85}, "ivs": {"hp": 31, "atk": 0, "def": 31, "spa": 31, "spd": 31, "spe": 31}, "item": "Leftovers", "teraType": "Poison", "role": "Bulky Support", "bvs": {"hp": 85, "atk": 75, "def": 110, "spa": 100, "spd": 75, "spe": 35}, "stats": {"hp": 296, "atk": 138, "def": 247, "spa": 229, "spd": 184, "spe": 113}, "types": ["Ghost", "Ground"]}, "Mudsdale": {"name": "Mudsdale", "species": "Mudsdale", "speciesId": "mudsdale", "gender": "M", "shiny": false, "level": 83, "moves": ["roar", "stealthrock", "earthquake", "heavyslam"], "ability": "Stamina", "evs": {"hp": 85, "atk": 85, "def": 85, "spa": 85, "spd": 85, "spe": 85}, "ivs": {"hp": 31, "atk": 31, "def": 31, "spa": 31, "spd": 31, "spe": 31}, "item": "Leftovers", "teraType": "Steel", "role": "Bulky Attacker", "bvs": {"hp": 100, "atk": 125, "def": 100, "spa": 55, "spd": 85, "spe": 35}, "stats": {"hp": 302, "atk": 255, "def": 214, "spa": 139, "spd": 189, "spe": 106}, "types": ["Ground"]}, "Pecharunt": {"name": "Pecharunt", "species": "Pecharunt", "speciesId": "pecharunt", "gender": "N", "shiny": false, "level": 77, "moves": ["malignantchain", "shadowball", "partingshot", "recover"], "ability": "Poison Puppeteer", "evs": {"hp": 85, "atk": 0, "def": 85, "spa": 85, "spd": 85, "spe": 85}, "ivs": {"hp": 31, "atk": 0, "def": 31, "spa": 31, "spd": 31, "spe": 31}, "item": "Rocky Helmet", "teraType": "Dark", "role": "Bulky Attacker", "bvs": {"hp": 88, "atk": 88, "def": 160, "spa": 88, "spd": 88, "spe": 88}, "stats": {"hp": 262, "atk": 140, "def": 291, "spa": 180, "spd": 180, "spe": 180}, "types": ["Poison", "Ghost"]}, "Coalossal": {"name": "Coalossal", "species": "Coalossal", "speciesId": "coalossal", "gender": "F", "shiny": false, "level": 89, "moves": ["overheat", "willowisp", "rapidspin", "stoneedge"], "ability": "Flame Body", "evs": {"hp": 85, "atk": 85, "def": 85, "spa": 85, "spd": 85, "spe": 85}, "ivs": {"hp": 31, "atk": 31, "def": 31, "spa": 31, "spd": 31, "spe": 31}, "item": "Heavy-Duty Boots", "teraType": "Ghost", "role": "Bulky Support", "bvs": {"hp": 110, "atk": 80, "def": 120, "spa": 80, "spd": 90, "spe": 30}, "stats": {"hp": 341, "atk": 193, "def": 264, "spa": 193, "spd": 211, "spe": 104}, "types": ["Rock", "Fire"]}}, {"Articuno": {"name": "Articuno", "species": "Articuno", "speciesId": "articuno", "gender": "N", "shiny": false, "level": 86, "moves": ["roost", "substitute", "bravebird", "freezedry"], "ability": "Pressure", "evs": {"hp": 85, "atk": 85, "def": 85, "spa": 85, "spd": 85, "spe": 85}, "ivs": {"hp": 31, "atk": 31, "def": 31, "spa": 31, "spd": 31, "spe": 31}, "item": "Heavy-Duty Boots", "teraType": "Steel", "role": "Bulky Support", "bvs": {"hp": 90, "atk": 85, "def": 100, "spa": 95, "spd": 125, "spe": 85}, "stats": {"hp": 295, "atk": 195, "def": 221, "spa": 213, "spd": 264, "spe": 195}, "types": ["Ice", "Flying"]}, "Gurdurr": {"name": "Gurdurr", "species": "Gurdurr", "speciesId": "gurdurr", "gender": "M", "shiny": false, "level": 85, "moves": ["machpunch", "bulkup", "drainpunch", "knockoff"], "ability": "Guts", "evs": {"hp": 85, "atk": 85, "def": 85, "spa": 85, "spd": 85, "spe": 85}, "ivs": {"hp": 31, "atk": 31, "def": 31, "spa": 31, "spd": 31, "spe": 31}, "item": "Eviolite", "teraType": "Steel", "role": "Bulky Attacker", "bvs": {"hp": 85, "atk": 105, "def": 85, "spa": 40, "spd": 50, "spe": 40}, "stats": {"hp": 283, "atk": 227, "def": 193, "spa": 117, "spd": 134, "spe": 117}, "types": ["Fighting"]}, "Dugtrio": {"name": "Dugtrio", "species": "Dugtrio", "speciesId": "dugtrio", "gender": "M", "shiny": false, "level": 84, "moves": ["stoneedge", "earthquake", "throatchop", "suckerpunch"], "ability": "Arena Trap", "evs": {"hp": 85, "atk": 85, "def": 85, "spa": 85, "spd": 85, "spe": 85}, "ivs": {"hp": 31, "atk": 31, "def": 31, "spa": 31, "spd": 31, "spe": 31}, "item": "Choice Band", "teraType": "Dark", "role": "Wallbreaker", "bvs": {"hp": 35, "atk": 100, "def": 50, "spa": 50, "spd": 70, "spe": 120}, "stats": {"hp": 196, "atk": 216, "def": 132, "spa": 132, "spd": 166, "spe": 250}, "types": ["Ground"]}, "Clawitzer": {"name": "Clawitzer", "species": "Clawitzer", "speciesId": "clawitzer", "gender": "M", "shiny": false, "level": 87, "moves": ["dragonpulse", "darkpulse", "waterpulse", "uturn"], "ability": "Mega Launcher", "evs": {"hp": 85, "atk": 85, "def": 85, "spa": 85, "spd": 85, "spe": 85}, "ivs": {"hp": 31, "atk": 31, "def": 31, "spa": 31, "spd": 31, "spe": 31}, "item": "Assault Vest", "teraType": "Dragon", "role": "AV Pivot", "bvs": {"hp": 71, "atk": 73, "def": 88, "spa": 120, "spd": 89, "spe": 59}, "stats": {"hp": 265, "atk": 177, "def": 203, "spa": 259, "spd": 205, "spe": 152}, "types": ["Water"]}, "Bellossom": {"name": "Bellossom", "species": "Bellossom", "speciesId": "bellossom", "gender": "M", "shiny": false, "level": 84, "moves": ["quiverdance", "strengthsap", "gigadrain", "moonblast"], "ability": "Chlorophyll", "evs": {"hp": 85, "atk": 0, "def": 85, "spa": 85, "spd": 85, "spe": 85}, "ivs": {"hp": 31, "atk": 0, "def": 31, "spa": 31, "spd": 31, "spe": 31}, "item": "Leftovers", "teraType": "Fairy", "role": "Bulky Setup", "bvs": {"hp": 75, "atk": 80, "def": 95, "spa": 90, "spd": 100, "spe": 50}, "stats": {"hp": 263, "atk": 139, "def": 208, "spa": 199, "spd": 216, "spe": 132}, "types": ["Grass"]}, "Flygon": {"name": "Flygon", "species": "Flygon", "speciesId": "flygon", "gender": "F", "shiny": false, "level": 82, "moves": ["uturn", "earthquake", "outrage", "stoneedge"], "ability": "Levitate", "evs": {"hp": 85, "atk": 85, "def": 85, "spa": 85, "spd": 85, "spe": 85}, "ivs": {"hp": 31, "atk": 31, "def": 31, "spa": 31, "spd": 31, "spe": 31}, "item": "Choice Band", "teraType": "Rock", "role": "Fast Attacker", "bvs": {"hp": 80, "atk": 100, "def": 80, "spa": 80, "spd": 80, "spe": 100}, "stats": {"hp": 265, "atk": 211, "def": 178, "spa": 178, "spd": 178, "spe": 211}, "types": ["Ground", "Dragon"]}}]}