{"id": "gen9randombattle-2641104378", "format": "[Gen 9] Random Battle", "players": ["Yarrakalidayi", "Alatar362"], "log": "|j|\u203dYarrakalidayi\n|j|\u2606Alatar362\n|t:|1782740938\n|gametype|singles\n|player|p1|Yarrakalidayi|2|1454\n|player|p2|Alatar362|170|1493\n|gen|9\n|tier|[Gen 9] Random Battle\n|rated|\n|rule|Species Clause: Limit one of each Pok\u00e9mon\n|rule|HP Percentage Mod: HP is shown in percentages\n|rule|Sleep Clause Mod: Limit one foe put to sleep\n|rule|Illusion Level Mod: Illusion disguises the Pok\u00e9mon's true level\n|\n|t:|1782740938\n|teamsize|p1|6\n|teamsize|p2|6\n|start\n|switch|p1a: Virizion|Virizion, L82|283/283\n|switch|p2a: Avalugg|Avalugg, L88, M|310/310\n|turn|1\n|inactive|Battle timer is ON: inactive players will automatically lose when time's up. (requested by Yarrakalidayi)\n|\n|t:|1782740961\n|switch|p1a: Toxapex|Toxapex, L82, F|216/216\n|move|p2a: Avalugg|Avalanche|p1a: Toxapex\n|-resisted|p1a: Toxapex\n|-damage|p1a: Toxapex|189/216\n|\n|-heal|p1a: Toxapex|202/216|[from] item: Leftovers\n|upkeep\n|turn|2\n|\n|t:|1782740989\n|switch|p2a: Dugtrio|Dugtrio-Alola, L84, M|196/196\n|move|p1a: Toxapex|Toxic|p2a: Dugtrio\n|-immune|p2a: Dugtrio\n|\n|-heal|p1a: Toxapex|215/216|[from] item: Leftovers\n|upkeep\n|turn|3\n|\n|t:|1782741000\n|move|p2a: Dugtrio|Earthquake|p1a: Toxapex\n|-supereffective|p1a: Toxapex\n|-damage|p1a: Toxapex|20/216\n|-damage|p2a: Dugtrio|177/196|[from] item: Life Orb\n|move|p1a: Toxapex|Liquidation|p2a: Dugtrio\n|-supereffective|p2a: Dugtrio\n|-damage|p2a: Dugtrio|21/196\n|-ability|p2a: Dugtrio|Tangling Hair\n|-unboost|p1a: Toxapex|spe|1\n|\n|-heal|p1a: Toxapex|33/216|[from] item: Leftovers\n|upkeep\n|turn|4\n|\n|t:|1782741029\n|switch|p1a: Hippowdon|Hippowdon, L82, M|311/311\n|-weather|Sandstorm|[from] ability: Sand Stream|[of] p1a: Hippowdon\n|move|p2a: Dugtrio|Earthquake|p1a: Hippowdon\n|-damage|p1a: Hippowdon|202/311\n|-damage|p2a: Dugtrio|2/196|[from] item: Life Orb\n|\n|-weather|Sandstorm|[upkeep]\n|upkeep\n|turn|5\n|inactive|Yarrakalidayi has 120 seconds left.\n|inactive|Alatar362 has 120 seconds left.\n|\n|t:|1782741058\n|switch|p2a: Avalugg|Avalugg, L88, M|310/310\n|move|p1a: Hippowdon|Stealth Rock|p2a: Avalugg\n|-sidestart|p2: Alatar362|move: Stealth Rock\n|\n|-weather|Sandstorm|[upkeep]\n|-damage|p2a: Avalugg|291/310|[from] Sandstorm\n|upkeep\n|turn|6\n|\n|t:|1782741070\n|move|p1a: Hippowdon|Slack Off|p1a: Hippowdon\n|-heal|p1a: Hippowdon|311/311\n|move|p2a: Avalugg|Avalanche|p1a: Hippowdon\n|-supereffective|p1a: Hippowdon\n|-damage|p1a: Hippowdon|185/311\n|-damage|p2a: Avalugg|240/310|[from] item: Rocky Helmet|[of] p1a: Hippowdon\n|\n|-weather|Sandstorm|[upkeep]\n|-damage|p2a: Avalugg|221/310|[from] Sandstorm\n|upkeep\n|turn|7\n|\n|t:|1782741086\n|move|p1a: Hippowdon|Slack Off|p1a: Hippowdon\n|-heal|p1a: Hippowdon|311/311\n|move|p2a: Avalugg|Avalanche|p1a: Hippowdon\n|-supereffective|p1a: Hippowdon\n|-damage|p1a: Hippowdon|183/311\n|-damage|p2a: Avalugg|170/310|[from] item: Rocky Helmet|[of] p1a: Hippowdon\n|\n|-weather|Sandstorm|[upkeep]\n|-damage|p2a: Avalugg|151/310|[from] Sandstorm\n|upkeep\n|turn|8\n|\n|t:|1782741100\n|move|p2a: Avalugg|Recover|p2a: Avalugg\n|-heal|p2a: Avalugg|306/310\n|move|p1a: Hippowdon|Whirlwind|p2a: Avalugg\n|drag|p2a: Raging Bolt|Raging Bolt, L78|323/323\n|-damage|p2a: Raging Bolt|283/323|[from] Stealth Rock\n|\n|-weather|none\n|upkeep\n|turn|9\n|\n|t:|1782741115\n|move|p2a: Raging Bolt|Draco Meteor|p1a: Hippowdon\n|-damage|p1a: Hippowdon|0 fnt\n|-unboost|p2a: Raging Bolt|spa|2\n|faint|p1a: Hippowdon\n|\n|upkeep\n|\n|t:|1782741129\n|switch|p1a: Gardevoir|Gardevoir, L83, M|249/249\n|turn|10\n|\n|t:|1782741155\n|move|p1a: Gardevoir|Moonblast|p2a: Raging Bolt\n|-supereffective|p2a: Raging Bolt\n|-damage|p2a: Raging Bolt|62/323\n|-damage|p1a: Gardevoir|225/249|[from] item: Life Orb\n|move|p2a: Raging Bolt|Volt Switch|p1a: Gardevoir\n|-damage|p1a: Gardevoir|189/249\n|\n|t:|1782741162\n|-end|p2a: Raging Bolt|Protosynthesis|[silent]\n|switch|p2a: Dugtrio|Dugtrio-Alola, L84, M|2/196|[from] Volt Switch\n|-ability|p1a: Gardevoir|Tangling Hair|Trace|[from] ability: Trace|[of] p2a: Dugtrio\n|-damage|p2a: Dugtrio|0 fnt|[from] Stealth Rock\n|faint|p2a: Dugtrio\n|\n|upkeep\n|inactive|Alatar362 has 90 seconds left.\n|\n|t:|1782741177\n|switch|p2a: Avalugg|Avalugg, L88, M|306/310\n|turn|11\n|\n|t:|1782741183\n|move|p1a: Gardevoir|Focus Blast|p2a: Avalugg\n|-supereffective|p2a: Avalugg\n|-damage|p2a: Avalugg|0 fnt\n|faint|p2a: Avalugg\n|-damage|p1a: Gardevoir|165/249|[from] item: Life Orb\n|\n|upkeep\n|\n|t:|1782741198\n|switch|p2a: Lunala|Lunala, L70|308/308\n|-damage|p2a: Lunala|270/308|[from] Stealth Rock\n|turn|12\n|\n|t:|1782741207\n|move|p1a: Gardevoir|Calm Mind|p1a: Gardevoir\n|-boost|p1a: Gardevoir|spa|1\n|-boost|p1a: Gardevoir|spd|1\n|move|p2a: Lunala|Moongeist Beam|p1a: Gardevoir\n|-supereffective|p1a: Gardevoir\n|-damage|p1a: Gardevoir|51/249\n|\n|-heal|p2a: Lunala|289/308|[from] item: Leftovers\n|upkeep\n|turn|13\n|\n|t:|1782741218\n|move|p1a: Gardevoir|Moonblast|p2a: Lunala\n|-damage|p2a: Lunala|62/308\n|-damage|p1a: Gardevoir|27/249|[from] item: Life Orb\n|move|p2a: Lunala|Moongeist Beam|p1a: Gardevoir\n|-supereffective|p1a: Gardevoir\n|-damage|p1a: Gardevoir|0 fnt\n|faint|p1a: Gardevoir\n|\n|-heal|p2a: Lunala|81/308|[from] item: Leftovers\n|upkeep\n|\n|t:|1782741238\n|switch|p1a: Virizion|Virizion, L82|283/283\n|turn|14\n|inactive|Alatar362 has 90 seconds left.\n|\n|t:|1782741264\n|move|p1a: Virizion|Leaf Blade|p2a: Lunala\n|-damage|p2a: Lunala|0 fnt\n|faint|p2a: Lunala\n|-damage|p1a: Virizion|255/283|[from] item: Life Orb\n|\n|upkeep\n|inactive|Alatar362 has 90 seconds left.\n|\n|t:|1782741279\n|switch|p2a: Medicham|Medicham, L86, M|243/243\n|-damage|p2a: Medicham|228/243|[from] Stealth Rock\n|turn|15\n|\n|t:|1782741302\n|switch|p1a: Flareon|Flareon, L90, M|263/263\n|move|p2a: Medicham|Zen Headbutt|p1a: Flareon\n|-damage|p1a: Flareon|13/263\n|\n|-status|p1a: Flareon|tox|[from] item: Toxic Orb\n|upkeep\n|turn|16\n|inactive|Alatar362 has 90 seconds left.\n|\n|t:|1782741316\n|move|p1a: Flareon|Quick Attack|p2a: Medicham\n|-damage|p2a: Medicham|166/243\n|move|p2a: Medicham|Zen Headbutt|p1a: Flareon\n|-damage|p1a: Flareon|0 fnt\n|faint|p1a: Flareon\n|\n|upkeep\n|\n|t:|1782741323\n|switch|p1a: Toxapex|Toxapex, L82, F|105/216\n|turn|17\n|\n|t:|1782741334\n|-terastallize|p1a: Toxapex|Flying\n|move|p2a: Medicham|Zen Headbutt|p1a: Toxapex\n|-damage|p1a: Toxapex|0 fnt\n|faint|p1a: Toxapex\n|\n|upkeep\n|\n|t:|1782741346\n|switch|p1a: Virizion|Virizion, L82|255/283\n|turn|18\n|\n|t:|1782741355\n|move|p1a: Virizion|Leaf Blade|p2a: Medicham\n|-damage|p2a: Medicham|33/243\n|-damage|p1a: Virizion|227/283|[from] item: Life Orb\n|move|p2a: Medicham|Zen Headbutt|p1a: Virizion\n|-supereffective|p1a: Virizion\n|-damage|p1a: Virizion|0 fnt\n|faint|p1a: Virizion\n|\n|upkeep\n|\n|t:|1782741362\n|switch|p1a: Venusaur|Venusaur, L84, M|272/272\n|turn|19\n|\n|t:|1782741367\n|move|p2a: Medicham|Zen Headbutt|p1a: Venusaur\n|-supereffective|p1a: Venusaur\n|-damage|p1a: Venusaur|0 fnt\n|faint|p1a: Venusaur\n|\n|win|Alatar362\n|raw|Yarrakalidayi's rating: 1454 &rarr; <strong>1436</strong><br />(-18 for losing)\n|raw|Alatar362's rating: 1493 &rarr; <strong>1511</strong><br />(+18 for winning)\n|l|\u203dYarrakalidayi\n|player|p1|\n", "inputlog": ">version f8ac14003a5f27e1bdc8d8c59608a773c1cb96e5\n>start {\"formatid\":\"gen9randombattle\",\"seed\":\"sodium,494fd2b56131252b0d04c0b74cdc20aa\",\"rated\":\"Rated battle\"}\n>player p1 {\"name\":\"Yarrakalidayi\",\"avatar\":\"2\",\"rating\":1454,\"seed\":\"sodium,425ce569f141f25698e3d5122393a0ab\"}\n>player p2 {\"name\":\"Alatar362\",\"avatar\":\"170\",\"rating\":1493,\"seed\":\"sodium,9d1d5b20c5e119184b13066945ab1797\"}\n>p1 switch 4\n>p2 move avalanche\n>p1 move toxic\n>p2 switch 6\n>p1 move liquidation\n>p2 move earthquake\n>p1 switch 2\n>p2 move earthquake\n>p1 move stealthrock\n>p2 switch 6\n>p1 move slackoff\n>p2 move avalanche\n>p1 move slackoff\n>p2 move avalanche\n>p1 move whirlwind\n>p2 move recover\n>p1 move earthquake\n>p2 move dracometeor\n>p1 switch 5\n>p1 move moonblast\n>p2 move voltswitch\n>p2 switch 6\n>p2 switch 5\n>p1 move focusblast\n>p2 move rapidspin\n>p2 switch 2\n>p1 move calmmind\n>p2 move moongeistbeam\n>p1 move moonblast\n>p2 move moongeistbeam\n>p1 switch 4\n>p1 move leafblade\n>p2 move moonlight\n>p2 switch 3\n>p1 switch 6\n>p2 move zenheadbutt\n>p1 move quickattack\n>p2 move zenheadbutt\n>p1 switch 2\n>p1 move recover terastallize\n>p2 move zenheadbutt\n>p1 switch 6\n>p1 move leafblade\n>p2 move zenheadbutt\n>p1 switch 3\n>p1 move knockoff\n>p2 move zenheadbutt", "uploadtime": 1782741373, "views": 14, "formatid": "gen9randombattle", "rating": 1436, "private": 0, "password": null, "player_dets": [{"name": "Yarrakalidayi", "avatar": "2", "rating": 1454, "seed": "sodium,425ce569f141f25698e3d5122393a0ab"}, {"name": "Alatar362", "avatar": "170", "rating": 1493, "seed": "sodium,9d1d5b20c5e119184b13066945ab1797"}], "teams_full": [{"Virizion": {"name": "Virizion", "species": "Virizion", "speciesId": "virizion", "gender": "N", "shiny": false, "level": 82, "moves": ["leafblade", "stoneedge", "swordsdance", "closecombat"], "ability": "Justified", "evs": {"hp": 85, "atk": 85, "def": 85, "spa": 85, "spd": 85, "spe": 85}, "ivs": {"hp": 31, "atk": 31, "def": 31, "spa": 31, "spd": 31, "spe": 31}, "item": "Life Orb", "teraType": "Rock", "role": "Setup Sweeper", "bvs": {"hp": 91, "atk": 90, "def": 72, "spa": 90, "spd": 129, "spe": 108}, "stats": {"hp": 283, "atk": 195, "def": 165, "spa": 195, "spd": 259, "spe": 224}, "types": ["Grass", "Fighting"]}, "Hippowdon": {"name": "Hippowdon", "species": "Hippowdon", "speciesId": "hippowdon", "gender": "M", "shiny": false, "level": 82, "moves": ["stealthrock", "whirlwind", "earthquake", "slackoff"], "ability": "Sand Stream", "evs": {"hp": 85, "atk": 85, "def": 85, "spa": 85, "spd": 85, "spe": 85}, "ivs": {"hp": 31, "atk": 31, "def": 31, "spa": 31, "spd": 31, "spe": 31}, "item": "Rocky Helmet", "teraType": "Steel", "role": "Bulky Support", "bvs": {"hp": 108, "atk": 112, "def": 118, "spa": 68, "spd": 72, "spe": 47}, "stats": {"hp": 311, "atk": 231, "def": 241, "spa": 159, "spd": 165, "spe": 124}, "types": ["Ground"]}, "Venusaur": {"name": "Venusaur", "species": "Venusaur", "speciesId": "venusaur", "gender": "M", "shiny": false, "level": 84, "moves": ["knockoff", "synthesis", "sludgebomb", "energyball"], "ability": "Overgrow", "evs": {"hp": 85, "atk": 85, "def": 85, "spa": 85, "spd": 85, "spe": 85}, "ivs": {"hp": 31, "atk": 31, "def": 31, "spa": 31, "spd": 31, "spe": 31}, "item": "Leftovers", "teraType": "Water", "role": "Bulky Attacker", "bvs": {"hp": 80, "atk": 82, "def": 83, "spa": 100, "spd": 100, "spe": 80}, "stats": {"hp": 272, "atk": 186, "def": 188, "spa": 216, "spd": 216, "spe": 183}, "types": ["Grass", "Poison"]}, "Toxapex": {"name": "Toxapex", "species": "Toxapex", "speciesId": "toxapex", "gender": "F", "shiny": false, "level": 82, "moves": ["haze", "recover", "liquidation", "toxic"], "ability": "Regenerator", "evs": {"hp": 85, "atk": 85, "def": 85, "spa": 85, "spd": 85, "spe": 85}, "ivs": {"hp": 31, "atk": 31, "def": 31, "spa": 31, "spd": 31, "spe": 31}, "item": "Leftovers", "teraType": "Flying", "role": "Bulky Support", "bvs": {"hp": 50, "atk": 63, "def": 152, "spa": 53, "spd": 142, "spe": 35}, "stats": {"hp": 216, "atk": 150, "def": 296, "spa": 134, "spd": 280, "spe": 105}, "types": ["Poison", "Water"]}, "Gardevoir": {"name": "Gardevoir", "species": "Gardevoir", "speciesId": "gardevoir", "gender": "M", "shiny": false, "level": 83, "moves": ["focusblast", "calmmind", "moonblast", "psyshock"], "ability": "Trace", "evs": {"hp": 85, "atk": 0, "def": 85, "spa": 85, "spd": 85, "spe": 85}, "ivs": {"hp": 31, "atk": 0, "def": 31, "spa": 31, "spd": 31, "spe": 31}, "item": "Life Orb", "teraType": "Fighting", "role": "Fast Attacker", "bvs": {"hp": 68, "atk": 65, "def": 65, "spa": 125, "spd": 115, "spe": 80}, "stats": {"hp": 249, "atk": 112, "def": 156, "spa": 255, "spd": 239, "spe": 180}, "types": ["Psychic", "Fairy"]}, "Flareon": {"name": "Flareon", "species": "Flareon", "speciesId": "flareon", "gender": "M", "shiny": false, "level": 90, "moves": ["flareblitz", "facade", "quickattack", "trailblaze"], "ability": "Guts", "evs": {"hp": 85, "atk": 85, "def": 85, "spa": 85, "spd": 85, "spe": 85}, "ivs": {"hp": 31, "atk": 31, "def": 31, "spa": 31, "spd": 31, "spe": 31}, "item": "Toxic Orb", "teraType": "Normal", "role": "Setup Sweeper", "bvs": {"hp": 65, "atk": 130, "def": 60, "spa": 95, "spd": 110, "spe": 65}, "stats": {"hp": 263, "atk": 285, "def": 159, "spa": 222, "spd": 249, "spe": 168}, "types": ["Fire"]}}, {"Avalugg": {"name": "Avalugg", "species": "Avalugg", "speciesId": "avalugg", "gender": "M", "shiny": false, "level": 88, "moves": ["bodypress", "rapidspin", "avalanche", "recover"], "ability": "Sturdy", "evs": {"hp": 85, "atk": 85, "def": 85, "spa": 85, "spd": 85, "spe": 85}, "ivs": {"hp": 31, "atk": 31, "def": 31, "spa": 31, "spd": 31, "spe": 31}, "item": "Heavy-Duty Boots", "teraType": "Fighting", "role": "Bulky Support", "bvs": {"hp": 95, "atk": 117, "def": 184, "spa": 44, "spd": 46, "spe": 28}, "stats": {"hp": 310, "atk": 256, "def": 374, "spa": 128, "spd": 131, "spe": 100}, "types": ["Ice"]}, "Lunala": {"name": "Lunala", "species": "Lunala", "speciesId": "lunala", "gender": "N", "shiny": false, "level": 70, "moves": ["calmmind", "moonblast", "moonlight", "moongeistbeam"], "ability": "Shadow Shield", "evs": {"hp": 85, "atk": 0, "def": 85, "spa": 85, "spd": 85, "spe": 85}, "ivs": {"hp": 31, "atk": 0, "def": 31, "spa": 31, "spd": 31, "spe": 31}, "item": "Leftovers", "teraType": "Fairy", "role": "Bulky Setup", "bvs": {"hp": 137, "atk": 113, "def": 89, "spa": 137, "spd": 107, "spe": 97}, "stats": {"hp": 308, "atk": 163, "def": 166, "spa": 233, "spd": 191, "spe": 177}, "types": ["Psychic", "Ghost"]}, "Medicham": {"name": "Medicham", "species": "Medicham", "speciesId": "medicham", "gender": "M", "shiny": false, "level": 86, "moves": ["bulletpunch", "closecombat", "zenheadbutt", "poisonjab"], "ability": "Pure Power", "evs": {"hp": 85, "atk": 85, "def": 85, "spa": 85, "spd": 85, "spe": 85}, "ivs": {"hp": 31, "atk": 31, "def": 31, "spa": 31, "spd": 31, "spe": 31}, "item": "Choice Band", "teraType": "Fighting", "role": "Fast Attacker", "bvs": {"hp": 60, "atk": 60, "def": 75, "spa": 60, "spd": 75, "spe": 80}, "stats": {"hp": 243, "atk": 152, "def": 178, "spa": 152, "spd": 178, "spe": 187}, "types": ["Fighting", "Psychic"]}, "Sandaconda": {"name": "Sandaconda", "species": "Sandaconda", "speciesId": "sandaconda", "gender": "M", "shiny": false, "level": 84, "moves": ["rest", "stoneedge", "earthquake", "coil"], "ability": "Shed Skin", "evs": {"hp": 85, "atk": 85, "def": 85, "spa": 85, "spd": 85, "spe": 85}, "ivs": {"hp": 31, "atk": 31, "def": 31, "spa": 31, "spd": 31, "spe": 31}, "item": "Leftovers", "teraType": "Steel", "role": "Bulky Setup", "bvs": {"hp": 72, "atk": 107, "def": 125, "spa": 65, "spd": 70, "spe": 71}, "stats": {"hp": 258, "atk": 228, "def": 258, "spa": 157, "spd": 166, "spe": 167}, "types": ["Ground"]}, "Raging Bolt": {"name": "Raging Bolt", "species": "Raging Bolt", "speciesId": "ragingbolt", "gender": "N", "shiny": false, "level": 78, "moves": ["dracometeor", "thunderclap", "voltswitch", "thunderbolt"], "ability": "Protosynthesis", "evs": {"hp": 85, "atk": 0, "def": 85, "spa": 85, "spd": 85, "spe": 85}, "ivs": {"hp": 31, "atk": 0, "def": 31, "spa": 31, "spd": 31, "spe": 31}, "item": "Assault Vest", "teraType": "Electric", "role": "AV Pivot", "bvs": {"hp": 125, "atk": 73, "def": 91, "spa": 137, "spd": 89, "spe": 75}, "stats": {"hp": 323, "atk": 118, "def": 187, "spa": 259, "spd": 184, "spe": 162}, "types": ["Electric", "Dragon"]}, "Dugtrio": {"name": "Dugtrio", "species": "Dugtrio-Alola", "speciesId": "dugtrioalola", "gender": "M", "shiny": false, "level": 84, "moves": ["stealthrock", "suckerpunch", "ironhead", "earthquake"], "ability": "Tangling Hair", "evs": {"hp": 85, "atk": 85, "def": 85, "spa": 85, "spd": 85, "spe": 85}, "ivs": {"hp": 31, "atk": 31, "def": 31, "spa": 31, "spd": 31, "spe": 31}, "item": "Life Orb", "teraType": "Ground", "role": "Fast Attacker", "bvs": {"hp": 35, "atk": 100, "def": 60, "spa": 50, "spd": 70, "spe": 110}, "stats": {"hp": 196, "atk": 216, "def": 149, "spa": 132, "spd": 166, "spe": 233}, "types": ["Ground", "Steel"]}}]}