{"id": "gen9randombattle-2641080927", "format": "[Gen 9] Random Battle", "players": ["Red Skies", "Manicminor7"], "log": "|j|\u2606Red Skies\n|j|\u2606Manicminor7\n|t:|1782737639\n|gametype|singles\n|player|p1|Red Skies|n|2127\n|player|p2|Manicminor7|hilbert|2087\n|gen|9\n|tier|[Gen 9] Random Battle\n|rated|\n|rule|Species Clause: Limit one of each Pok\u00e9mon\n|rule|HP Percentage Mod: HP is shown in percentages\n|rule|Sleep Clause Mod: Limit one foe put to sleep\n|rule|Illusion Level Mod: Illusion disguises the Pok\u00e9mon's true level\n|\n|t:|1782737639\n|teamsize|p1|6\n|teamsize|p2|6\n|start\n|switch|p1a: Wo-Chien|Wo-Chien, L83|277/277\n|switch|p2a: Cloyster|Cloyster, L80, F|211/211\n|-ability|p1a: Wo-Chien|Tablets of Ruin\n|turn|1\n|inactive|Battle timer is ON: inactive players will automatically lose when time's up. (requested by Manicminor7)\n|\n|t:|1782737666\n|move|p1a: Wo-Chien|Giga Drain|p2a: Cloyster\n|-supereffective|p2a: Cloyster\n|-damage|p2a: Cloyster|0 fnt\n|faint|p2a: Cloyster\n|\n|upkeep\n|\n|t:|1782737676\n|switch|p2a: Honchkrow|Honchkrow, L86, M|312/312\n|turn|2\n|\n|t:|1782737688\n|switch|p1a: Sandslash|Sandslash, L89, F|278/278\n|move|p2a: Honchkrow|Heat Wave|p1a: Sandslash\n|-damage|p1a: Sandslash|180/278\n|\n|-heal|p1a: Sandslash|197/278|[from] item: Leftovers\n|upkeep\n|turn|3\n|\n|t:|1782737696\n|switch|p2a: Meganium|Meganium, L90, M|290/290\n|move|p1a: Sandslash|Spikes|p2a: Meganium\n|-sidestart|p2: Manicminor7|Spikes\n|\n|-heal|p1a: Sandslash|214/278|[from] item: Leftovers\n|upkeep\n|turn|4\n|\n|t:|1782737702\n|switch|p1a: Corviknight|Corviknight, L80, M|288/288\n|-ability|p1a: Corviknight|Pressure\n|move|p2a: Meganium|Swords Dance|p2a: Meganium\n|-boost|p2a: Meganium|atk|2\n|\n|upkeep\n|turn|5\n|\n|t:|1782737705\n|move|p2a: Meganium|Knock Off|p1a: Corviknight\n|-crit|p1a: Corviknight\n|-damage|p1a: Corviknight|110/288\n|-enditem|p1a: Corviknight|Leftovers|[from] move: Knock Off|[of] p2a: Meganium\n|move|p1a: Corviknight|Brave Bird|p2a: Meganium\n|-supereffective|p2a: Meganium\n|-damage|p2a: Meganium|102/290\n|-damage|p1a: Corviknight|48/288|[from] Recoil\n|\n|-heal|p2a: Meganium|120/290|[from] item: Leftovers\n|upkeep\n|turn|6\n|\n|t:|1782737712\n|move|p2a: Meganium|Knock Off|p1a: Corviknight\n|-damage|p1a: Corviknight|0 fnt\n|faint|p1a: Corviknight\n|\n|-heal|p2a: Meganium|138/290|[from] item: Leftovers\n|upkeep\n|\n|t:|1782737720\n|switch|p1a: Wyrdeer|Wyrdeer, L87, F|321/321\n|-ability|p1a: Wyrdeer|Intimidate|boost\n|-unboost|p2a: Meganium|atk|1\n|turn|7\n|\n|t:|1782737724\n|move|p2a: Meganium|Knock Off|p1a: Wyrdeer\n|-supereffective|p1a: Wyrdeer\n|-damage|p1a: Wyrdeer|75/321\n|-enditem|p1a: Wyrdeer|Leftovers|[from] move: Knock Off|[of] p2a: Meganium\n|move|p1a: Wyrdeer|Body Slam|p2a: Meganium\n|-damage|p2a: Meganium|56/290\n|-status|p2a: Meganium|par\n|\n|-heal|p2a: Meganium|74/290 par|[from] item: Leftovers\n|upkeep\n|turn|8\n|\n|t:|1782737733\n|move|p1a: Wyrdeer|Psychic Noise|p2a: Meganium\n|-damage|p2a: Meganium|0 fnt\n|faint|p2a: Meganium\n|\n|upkeep\n|\n|t:|1782737736\n|switch|p2a: Honchkrow|Honchkrow, L86, M|312/312\n|turn|9\n|\n|t:|1782737748\n|switch|p1a: Sandslash|Sandslash, L89, F|214/278\n|move|p2a: Honchkrow|Brave Bird|p1a: Sandslash\n|-damage|p1a: Sandslash|78/278\n|-damage|p2a: Honchkrow|267/312|[from] Recoil\n|\n|-heal|p1a: Sandslash|95/278|[from] item: Leftovers\n|upkeep\n|turn|10\n|\n|t:|1782737754\n|switch|p1a: Wyrdeer|Wyrdeer, L87, F|75/321\n|-ability|p1a: Wyrdeer|Intimidate|boost\n|-unboost|p2a: Honchkrow|atk|1\n|move|p2a: Honchkrow|Brave Bird|p1a: Wyrdeer\n|-damage|p1a: Wyrdeer|0 fnt\n|faint|p1a: Wyrdeer\n|-ability|p2a: Honchkrow|Moxie|boost\n|-boost|p2a: Honchkrow|atk|1\n|-damage|p2a: Honchkrow|242/312|[from] Recoil\n|\n|upkeep\n|\n|t:|1782737762\n|switch|p1a: Revavroom|Revavroom, L79, F|256/256\n|turn|11\n|\n|t:|1782737772\n|-terastallize|p1a: Revavroom|Ground\n|move|p1a: Revavroom|Shift Gear|p1a: Revavroom\n|-boost|p1a: Revavroom|spe|2\n|-boost|p1a: Revavroom|atk|1\n|move|p2a: Honchkrow|Heat Wave|p1a: Revavroom\n|-damage|p1a: Revavroom|163/256\n|\n|upkeep\n|turn|12\n|inactive|Manicminor7 has 120 seconds left.\n|\n|t:|1782737803\n|move|p2a: Honchkrow|Sucker Punch|p1a: Revavroom\n|-crit|p1a: Revavroom\n|-damage|p1a: Revavroom|27/256\n|move|p1a: Revavroom|Gunk Shot|p2a: Honchkrow\n|-damage|p2a: Honchkrow|0 fnt\n|faint|p2a: Honchkrow\n|-damage|p1a: Revavroom|2/256|[from] item: Life Orb\n|\n|upkeep\n|inactive|Manicminor7 has 120 seconds left.\n|\n|t:|1782737813\n|switch|p2a: Clawitzer|Clawitzer, L87, F|265/265\n|-damage|p2a: Clawitzer|232/265|[from] Spikes\n|turn|13\n|\n|t:|1782737818\n|move|p1a: Revavroom|Gunk Shot|p2a: Clawitzer|[miss]\n|-miss|p1a: Revavroom|p2a: Clawitzer\n|move|p2a: Clawitzer|Ice Beam|p1a: Revavroom\n|-supereffective|p1a: Revavroom\n|-damage|p1a: Revavroom|0 fnt\n|faint|p1a: Revavroom\n|\n|upkeep\n|\n|t:|1782737826\n|switch|p1a: Wo-Chien|Wo-Chien, L83|277/277\n|-ability|p1a: Wo-Chien|Tablets of Ruin\n|turn|14\n|\n|t:|1782737837\n|-terastallize|p2a: Clawitzer|Fighting\n|move|p1a: Wo-Chien|Knock Off|p2a: Clawitzer\n|-resisted|p2a: Clawitzer\n|-damage|p2a: Clawitzer|186/265\n|-enditem|p2a: Clawitzer|Choice Specs|[from] move: Knock Off|[of] p1a: Wo-Chien\n|move|p2a: Clawitzer|Ice Beam|p1a: Wo-Chien\n|-supereffective|p1a: Wo-Chien\n|-damage|p1a: Wo-Chien|151/277\n|\n|-heal|p1a: Wo-Chien|168/277|[from] item: Leftovers\n|upkeep\n|turn|15\n|\n|t:|1782737850\n|move|p1a: Wo-Chien|Protect|p1a: Wo-Chien\n|-singleturn|p1a: Wo-Chien|Protect\n|move|p2a: Clawitzer|Aura Sphere|p1a: Wo-Chien\n|-activate|p1a: Wo-Chien|move: Protect\n|\n|-heal|p1a: Wo-Chien|185/277|[from] item: Leftovers\n|upkeep\n|turn|16\n|\n|t:|1782737854\n|move|p1a: Wo-Chien|Giga Drain|p2a: Clawitzer\n|-damage|p2a: Clawitzer|111/265\n|-heal|p1a: Wo-Chien|223/277|[from] drain|[of] p2a: Clawitzer\n|move|p2a: Clawitzer|Aura Sphere|p1a: Wo-Chien\n|-supereffective|p1a: Wo-Chien\n|-damage|p1a: Wo-Chien|5/277\n|\n|-heal|p1a: Wo-Chien|22/277|[from] item: Leftovers\n|upkeep\n|turn|17\n|\n|t:|1782737867\n|move|p1a: Wo-Chien|Giga Drain|p2a: Clawitzer\n|-damage|p2a: Clawitzer|35/265\n|-heal|p1a: Wo-Chien|60/277|[from] drain|[of] p2a: Clawitzer\n|move|p2a: Clawitzer|Water Pulse|p1a: Wo-Chien\n|-resisted|p1a: Wo-Chien\n|-damage|p1a: Wo-Chien|18/277\n|\n|-heal|p1a: Wo-Chien|35/277|[from] item: Leftovers\n|upkeep\n|turn|18\n|\n|t:|1782737874\n|move|p1a: Wo-Chien|Giga Drain|p2a: Clawitzer\n|-damage|p2a: Clawitzer|0 fnt\n|-heal|p1a: Wo-Chien|53/277|[from] drain|[of] p2a: Clawitzer\n|faint|p2a: Clawitzer\n|\n|-heal|p1a: Wo-Chien|70/277|[from] item: Leftovers\n|upkeep\n|\n|t:|1782737876\n|switch|p2a: Gouging Fire|Gouging Fire, L74|277/277\n|turn|19\n|\n|t:|1782737879\n|move|p2a: Gouging Fire|Heat Crash|p1a: Wo-Chien\n|-supereffective|p1a: Wo-Chien\n|-damage|p1a: Wo-Chien|0 fnt\n|faint|p1a: Wo-Chien\n|\n|upkeep\n|\n|t:|1782737882\n|switch|p1a: Ursaluna|Ursaluna, L79, F|335/335\n|turn|20\n|\n|t:|1782737892\n|move|p2a: Gouging Fire|Dragon Dance|p2a: Gouging Fire\n|-boost|p2a: Gouging Fire|atk|1\n|-boost|p2a: Gouging Fire|spe|1\n|move|p1a: Ursaluna|Swords Dance|p1a: Ursaluna\n|-boost|p1a: Ursaluna|atk|2\n|\n|-status|p1a: Ursaluna|brn|[from] item: Flame Orb\n|upkeep\n|turn|21\n|\n|t:|1782737894\n|move|p2a: Gouging Fire|Outrage|p1a: Ursaluna\n|-damage|p1a: Ursaluna|184/335 brn\n|move|p1a: Ursaluna|Headlong Rush|p2a: Gouging Fire\n|-supereffective|p2a: Gouging Fire\n|-damage|p2a: Gouging Fire|0 fnt\n|-unboost|p1a: Ursaluna|def|1\n|-unboost|p1a: Ursaluna|spd|1\n|faint|p2a: Gouging Fire\n|-end|p2a: Gouging Fire|Protosynthesis|[silent]\n|\n|-damage|p1a: Ursaluna|164/335 brn|[from] brn\n|upkeep\n|\n|t:|1782737900\n|switch|p2a: Maushold|Maushold-Four, L76|238/238\n|-damage|p2a: Maushold|209/238|[from] Spikes\n|turn|22\n|\n|t:|1782737905\n|move|p2a: Maushold|Population Bomb|p1a: Ursaluna\n|-damage|p1a: Ursaluna|133/335 brn\n|-damage|p1a: Ursaluna|102/335 brn\n|-damage|p1a: Ursaluna|71/335 brn\n|-damage|p1a: Ursaluna|41/335 brn\n|-crit|p1a: Ursaluna\n|-damage|p1a: Ursaluna|0 fnt\n|faint|p1a: Ursaluna\n|-hitcount|p1: Ursaluna|5\n|\n|upkeep\n|\n|t:|1782737907\n|switch|p1a: Sandslash|Sandslash, L89, F|95/278\n|turn|23\n|\n|t:|1782737911\n|move|p2a: Maushold|Population Bomb|p1a: Sandslash\n|-damage|p1a: Sandslash|77/278\n|-damage|p1a: Sandslash|58/278\n|-damage|p1a: Sandslash|39/278\n|-damage|p1a: Sandslash|23/278\n|-damage|p1a: Sandslash|2/278\n|-damage|p1a: Sandslash|0 fnt\n|faint|p1a: Sandslash\n|-hitcount|p1: Sandslash|6\n|\n|win|Manicminor7\n", "inputlog": ">version 3f8ef8cf60cebd2b18892af2794d10415e14a302\n>start {\"formatid\":\"gen9randombattle\",\"seed\":\"sodium,cd5823ac6861735a183b455eccd73aea\",\"rated\":\"Rated battle\"}\n>player p1 {\"name\":\"Red Skies\",\"avatar\":\"n\",\"rating\":2127,\"seed\":\"sodium,52bf331bdaea4efdbc59de154d9777dc\"}\n>player p2 {\"name\":\"Manicminor7\",\"avatar\":\"hilbert\",\"rating\":2087,\"seed\":\"sodium,f2b11c6caf4847ac7bd475c63d5c5555\"}\n>p1 move gigadrain\n>p2 move shellsmash\n>p2 switch 6\n>p1 switch 6\n>p2 move heatwave\n>p1 move spikes\n>p2 switch 2\n>p1 switch 5\n>p2 move swordsdance\n>p1 move bravebird\n>p2 move knockoff\n>p1 move bravebird\n>p2 move knockoff\n>p1 switch 2\n>p1 move bodyslam\n>p2 move knockoff\n>p1 move psychicnoise\n>p2 move knockoff\n>p2 switch 2\n>p1 switch 5\n>p2 move bravebird\n>p1 switch 5\n>p2 move bravebird\n>p1 switch 3\n>p1 move shiftgear terastallize\n>p2 move heatwave\n>p1 move gunkshot\n>p2 move suckerpunch\n>p2 switch 4\n>p1 move gunkshot\n>p2 move icebeam\n>p1 switch 6\n>p1 move knockoff\n>p2 move icebeam terastallize\n>p1 move protect\n>p2 move aurasphere\n>p1 move gigadrain\n>p2 move aurasphere\n>p1 move gigadrain\n>p2 move waterpulse\n>p1 move gigadrain\n>p2 move aurasphere\n>p2 switch 3\n>p1 move leechseed\n>p2 move heatcrash\n>p1 switch 4\n>p1 move swordsdance\n>p2 move dragondance\n>p1 move headlongrush\n>p2 move outrage\n>p2 switch 5\n>p1 move headlongrush\n>p2 move populationbomb\n>p1 switch 5\n>p1 move earthquake\n>p2 move populationbomb", "uploadtime": 1782737640, "views": 4, "formatid": "gen9randombattle", "rating": null, "private": 0, "password": null, "player_dets": [{"name": "Red Skies", "avatar": "n", "rating": 2127, "seed": "sodium,52bf331bdaea4efdbc59de154d9777dc"}, {"name": "Manicminor7", "avatar": "hilbert", "rating": 2087, "seed": "sodium,f2b11c6caf4847ac7bd475c63d5c5555"}], "teams_full": [{"Wo-Chien": {"name": "Wo-Chien", "species": "Wo-Chien", "speciesId": "wochien", "gender": "N", "shiny": false, "level": 83, "moves": ["leechseed", "gigadrain", "protect", "knockoff"], "ability": "Tablets of Ruin", "evs": {"hp": 85, "atk": 85, "def": 85, "spa": 85, "spd": 85, "spe": 85}, "ivs": {"hp": 31, "atk": 31, "def": 31, "spa": 31, "spd": 31, "spe": 31}, "item": "Leftovers", "teraType": "Poison", "role": "Bulky Support", "bvs": {"hp": 85, "atk": 85, "def": 100, "spa": 95, "spd": 135, "spe": 70}, "stats": {"hp": 277, "atk": 189, "def": 214, "spa": 205, "spd": 272, "spe": 164}, "types": ["Dark", "Grass"]}, "Wyrdeer": {"name": "Wyrdeer", "species": "Wyrdeer", "speciesId": "wyrdeer", "gender": "F", "shiny": false, "level": 87, "moves": ["thunderwave", "bodyslam", "psychicnoise", "earthquake"], "ability": "Intimidate", "evs": {"hp": 85, "atk": 85, "def": 85, "spa": 85, "spd": 85, "spe": 85}, "ivs": {"hp": 31, "atk": 31, "def": 31, "spa": 31, "spd": 31, "spe": 31}, "item": "Leftovers", "teraType": "Ground", "role": "Bulky Attacker", "bvs": {"hp": 103, "atk": 105, "def": 72, "spa": 105, "spd": 75, "spe": 65}, "stats": {"hp": 321, "atk": 232, "def": 175, "spa": 232, "spd": 180, "spe": 163}, "types": ["Normal", "Psychic"]}, "Revavroom": {"name": "Revavroom", "species": "Revavroom", "speciesId": "revavroom", "gender": "F", "shiny": false, "level": 79, "moves": ["highhorsepower", "gunkshot", "shiftgear", "ironhead"], "ability": "Filter", "evs": {"hp": 85, "atk": 85, "def": 85, "spa": 85, "spd": 85, "spe": 85}, "ivs": {"hp": 31, "atk": 31, "def": 31, "spa": 31, "spd": 31, "spe": 31}, "item": "Life Orb", "teraType": "Ground", "role": "Fast Attacker", "bvs": {"hp": 80, "atk": 119, "def": 90, "spa": 54, "spd": 67, "spe": 90}, "stats": {"hp": 256, "atk": 234, "def": 188, "spa": 131, "spd": 151, "spe": 188}, "types": ["Steel", "Poison"]}, "Ursaluna": {"name": "Ursaluna", "species": "Ursaluna", "speciesId": "ursaluna", "gender": "F", "shiny": false, "level": 79, "moves": ["headlongrush", "facade", "crunch", "swordsdance"], "ability": "Guts", "evs": {"hp": 85, "atk": 85, "def": 85, "spa": 85, "spd": 85, "spe": 85}, "ivs": {"hp": 31, "atk": 31, "def": 31, "spa": 31, "spd": 31, "spe": 31}, "item": "Flame Orb", "teraType": "Normal", "role": "Bulky Attacker", "bvs": {"hp": 130, "atk": 140, "def": 105, "spa": 45, "spd": 80, "spe": 50}, "stats": {"hp": 335, "atk": 267, "def": 211, "spa": 117, "spd": 172, "spe": 125}, "types": ["Ground", "Normal"]}, "Corviknight": {"name": "Corviknight", "species": "Corviknight", "speciesId": "corviknight", "gender": "M", "shiny": false, "level": 80, "moves": ["bodypress", "bravebird", "roost", "defog"], "ability": "Pressure", "evs": {"hp": 85, "atk": 85, "def": 85, "spa": 85, "spd": 85, "spe": 85}, "ivs": {"hp": 31, "atk": 31, "def": 31, "spa": 31, "spd": 31, "spe": 31}, "item": "Leftovers", "teraType": "Dragon", "role": "Bulky Support", "bvs": {"hp": 98, "atk": 87, "def": 105, "spa": 53, "spd": 85, "spe": 67}, "stats": {"hp": 288, "atk": 185, "def": 214, "spa": 131, "spd": 182, "spe": 153}, "types": ["Flying", "Steel"]}, "Sandslash": {"name": "Sandslash", "species": "Sandslash", "speciesId": "sandslash", "gender": "F", "shiny": false, "level": 89, "moves": ["earthquake", "stoneedge", "spikes", "knockoff"], "ability": "Sand Rush", "evs": {"hp": 85, "atk": 85, "def": 85, "spa": 85, "spd": 85, "spe": 85}, "ivs": {"hp": 31, "atk": 31, "def": 31, "spa": 31, "spd": 31, "spe": 31}, "item": "Leftovers", "teraType": "Water", "role": "Bulky Support", "bvs": {"hp": 75, "atk": 100, "def": 110, "spa": 45, "spd": 55, "spe": 65}, "stats": {"hp": 278, "atk": 229, "def": 247, "spa": 131, "spd": 149, "spe": 166}, "types": ["Ground"]}}, {"Cloyster": {"name": "Cloyster", "species": "Cloyster", "speciesId": "cloyster", "gender": "F", "shiny": false, "level": 80, "moves": ["rockblast", "iciclespear", "shellsmash", "drillrun"], "ability": "Skill Link", "evs": {"hp": 85, "atk": 85, "def": 85, "spa": 85, "spd": 85, "spe": 85}, "ivs": {"hp": 31, "atk": 31, "def": 31, "spa": 31, "spd": 31, "spe": 31}, "item": "White Herb", "teraType": "Ground", "role": "Fast Attacker", "bvs": {"hp": 50, "atk": 95, "def": 180, "spa": 85, "spd": 45, "spe": 70}, "stats": {"hp": 211, "atk": 198, "def": 334, "spa": 182, "spd": 118, "spe": 158}, "types": ["Water", "Ice"]}, "Meganium": {"name": "Meganium", "species": "Meganium", "speciesId": "meganium", "gender": "M", "shiny": false, "level": 90, "moves": ["swordsdance", "knockoff", "earthquake", "petalblizzard"], "ability": "Overgrow", "evs": {"hp": 85, "atk": 85, "def": 85, "spa": 85, "spd": 85, "spe": 85}, "ivs": {"hp": 31, "atk": 31, "def": 31, "spa": 31, "spd": 31, "spe": 31}, "item": "Leftovers", "teraType": "Ground", "role": "Bulky Setup", "bvs": {"hp": 80, "atk": 82, "def": 100, "spa": 83, "spd": 100, "spe": 80}, "stats": {"hp": 290, "atk": 199, "def": 231, "spa": 201, "spd": 231, "spe": 195}, "types": ["Grass"]}, "Gouging Fire": {"name": "Gouging Fire", "species": "Gouging Fire", "speciesId": "gougingfire", "gender": "N", "shiny": false, "level": 74, "moves": ["earthquake", "heatcrash", "outrage", "dragondance"], "ability": "Protosynthesis", "evs": {"hp": 85, "atk": 85, "def": 85, "spa": 85, "spd": 85, "spe": 85}, "ivs": {"hp": 31, "atk": 31, "def": 31, "spa": 31, "spd": 31, "spe": 31}, "item": "Heavy-Duty Boots", "teraType": "Ground", "role": "Setup Sweeper", "bvs": {"hp": 105, "atk": 115, "def": 121, "spa": 65, "spd": 93, "spe": 91}, "stats": {"hp": 277, "atk": 213, "def": 222, "spa": 139, "spd": 181, "spe": 178}, "types": ["Fire", "Dragon"]}, "Clawitzer": {"name": "Clawitzer", "species": "Clawitzer", "speciesId": "clawitzer", "gender": "F", "shiny": false, "level": 87, "moves": ["aurasphere", "dragonpulse", "waterpulse", "icebeam"], "ability": "Mega Launcher", "evs": {"hp": 85, "atk": 0, "def": 85, "spa": 85, "spd": 85, "spe": 85}, "ivs": {"hp": 31, "atk": 0, "def": 31, "spa": 31, "spd": 31, "spe": 31}, "item": "Choice Specs", "teraType": "Fighting", "role": "Wallbreaker", "bvs": {"hp": 71, "atk": 73, "def": 88, "spa": 120, "spd": 89, "spe": 59}, "stats": {"hp": 265, "atk": 132, "def": 203, "spa": 259, "spd": 205, "spe": 152}, "types": ["Water"]}, "Maushold": {"name": "Maushold", "species": "Maushold-Four", "speciesId": "maushold", "gender": "N", "shiny": false, "level": 76, "moves": ["encore", "tidyup", "bite", "populationbomb"], "ability": "Technician", "evs": {"hp": 85, "atk": 85, "def": 85, "spa": 85, "spd": 85, "spe": 85}, "ivs": {"hp": 31, "atk": 31, "def": 31, "spa": 31, "spd": 31, "spe": 31}, "item": "Wide Lens", "teraType": "Ghost", "role": "Setup Sweeper", "bvs": {"hp": 74, "atk": 75, "def": 70, "spa": 65, "spd": 75, "spe": 111}, "stats": {"hp": 238, "atk": 158, "def": 150, "spa": 143, "spd": 158, "spe": 213}, "types": ["Normal"]}, "Honchkrow": {"name": "Honchkrow", "species": "Honchkrow", "speciesId": "honchkrow", "gender": "M", "shiny": false, "level": 86, "moves": ["suckerpunch", "lashout", "bravebird", "heatwave"], "ability": "Moxie", "evs": {"hp": 85, "atk": 85, "def": 85, "spa": 85, "spd": 85, "spe": 85}, "ivs": {"hp": 31, "atk": 31, "def": 31, "spa": 31, "spd": 31, "spe": 31}, "item": "Heavy-Duty Boots", "teraType": "Flying", "role": "Wallbreaker", "bvs": {"hp": 100, "atk": 125, "def": 52, "spa": 105, "spd": 52, "spe": 71}, "stats": {"hp": 312, "atk": 264, "def": 139, "spa": 230, "spd": 139, "spe": 171}, "types": ["Dark", "Flying"]}}]}