{"id": "gen9randombattle-2641576423", "format": "[Gen 9] Random Battle", "players": ["masbahlilganteng", "daddyntheboy"], "log": "|j|\u2606masbahlilganteng\n|j|\u2606daddyntheboy\n|t:|1782811531\n|gametype|singles\n|player|p1|masbahlilganteng|hoopster|2050\n|player|p2|daddyntheboy|pokefan-gen4|1993\n|gen|9\n|tier|[Gen 9] Random Battle\n|rated|\n|rule|Species Clause: Limit one of each Pok\u00e9mon\n|rule|HP Percentage Mod: HP is shown in percentages\n|rule|Sleep Clause Mod: Limit one foe put to sleep\n|rule|Illusion Level Mod: Illusion disguises the Pok\u00e9mon's true level\n|\n|t:|1782811531\n|teamsize|p1|6\n|teamsize|p2|6\n|start\n|switch|p1a: Primarina|Primarina, L83, M|268/268\n|switch|p2a: Landorus|Landorus, L75, M|257/257\n|turn|1\n|inactive|Battle timer is ON: inactive players will automatically lose when time's up. (requested by daddyntheboy)\n|inactive|masbahlilganteng also wants the timer to be on.\n|\n|t:|1782811544\n|move|p2a: Landorus|Sludge Wave|p1a: Primarina\n|-supereffective|p1a: Primarina\n|-damage|p1a: Primarina|104/268\n|move|p1a: Primarina|Moonblast|p2a: Landorus\n|-damage|p2a: Landorus|49/257\n|\n|upkeep\n|turn|2\n|\n|t:|1782811554\n|switch|p1a: Scizor|Scizor, L79, F|240/240\n|move|p2a: Landorus|Earth Power|p1a: Scizor\n|-damage|p1a: Scizor|55/240\n|\n|-heal|p1a: Scizor|70/240|[from] item: Leftovers\n|upkeep\n|turn|3\n|\n|t:|1782811560\n|switch|p2a: Basculegion|Basculegion-F, L83, F|335/335\n|move|p1a: Scizor|Bullet Punch|p2a: Basculegion\n|-resisted|p2a: Basculegion\n|-damage|p2a: Basculegion|291/335\n|\n|-heal|p1a: Scizor|85/240|[from] item: Leftovers\n|upkeep\n|turn|4\n|\n|t:|1782811572\n|switch|p1a: Primarina|Primarina, L83, M|104/268\n|move|p2a: Basculegion|Shadow Ball|p1a: Primarina\n|-damage|p1a: Primarina|8/268\n|\n|upkeep\n|turn|5\n|\n|t:|1782811579\n|move|p2a: Basculegion|Shadow Ball|p1a: Primarina\n|-damage|p1a: Primarina|0 fnt\n|faint|p1a: Primarina\n|\n|upkeep\n|\n|t:|1782811583\n|switch|p1a: Bombirdier|Bombirdier, L85, M|258/258\n|turn|6\n|\n|t:|1782811592\n|switch|p2a: Iron Thorns|Iron Thorns, L83|302/302\n|-item|p2a: Iron Thorns|Air Balloon\n|move|p1a: Bombirdier|Knock Off|p2a: Iron Thorns\n|-damage|p2a: Iron Thorns|206/302\n|-enditem|p2a: Iron Thorns|Air Balloon\n|\n|upkeep\n|turn|7\n|\n|t:|1782811617\n|switch|p1a: Ribombee|Ribombee, L83, M|235/235\n|move|p2a: Iron Thorns|Stealth Rock|p1a: Ribombee\n|-sidestart|p1: masbahlilganteng|move: Stealth Rock\n|\n|upkeep\n|turn|8\n|\n|t:|1782811624\n|move|p1a: Ribombee|Sticky Web|p2a: Iron Thorns\n|-sidestart|p2: daddyntheboy|move: Sticky Web\n|move|p2a: Iron Thorns|Stone Edge|p1a: Ribombee\n|-supereffective|p1a: Ribombee\n|-damage|p1a: Ribombee|0 fnt\n|faint|p1a: Ribombee\n|\n|upkeep\n|\n|t:|1782811634\n|switch|p1a: Indeedee|Indeedee, L84, M|238/238\n|-damage|p1a: Indeedee|209/238|[from] Stealth Rock\n|-fieldstart|move: Psychic Terrain|[from] ability: Psychic Surge|[of] p1a: Indeedee\n|turn|9\n|\n|t:|1782811641\n|move|p1a: Indeedee|Expanding Force|p2a: Iron Thorns\n|-damage|p2a: Iron Thorns|0 fnt\n|faint|p2a: Iron Thorns\n|-end|p2a: Iron Thorns|Quark Drive|[silent]\n|\n|upkeep\n|\n|t:|1782811650\n|switch|p2a: Calyrex|Calyrex-Ice, L72|263/263\n|-ability|p2a: Calyrex|As One\n|-ability|p2a: Calyrex|Unnerve\n|-activate|p2a: Calyrex|move: Sticky Web\n|-unboost|p2a: Calyrex|spe|1\n|turn|10\n|\n|t:|1782811661\n|switch|p1a: Tropius|Tropius, L91, M|328/328\n|-damage|p1a: Tropius|246/328|[from] Stealth Rock\n|move|p2a: Calyrex|Glacial Lance|p1a: Tropius\n|-supereffective|p1a: Tropius\n|-damage|p1a: Tropius|0 fnt\n|faint|p1a: Tropius\n|-ability|p2a: Calyrex|Chilling Neigh|boost\n|-boost|p2a: Calyrex|atk|1\n|\n|upkeep\n|\n|t:|1782811668\n|switch|p1a: Bombirdier|Bombirdier, L85, M|258/258\n|turn|11\n|\n|t:|1782811676\n|move|p1a: Bombirdier|Knock Off|p2a: Calyrex\n|-supereffective|p2a: Calyrex\n|-damage|p2a: Calyrex|105/263\n|-enditem|p2a: Calyrex|Weakness Policy\n|-boost|p2a: Calyrex|atk|2|[from] item: Weakness Policy\n|-boost|p2a: Calyrex|spa|2|[from] item: Weakness Policy\n|move|p2a: Calyrex|Glacial Lance|p1a: Bombirdier\n|-supereffective|p1a: Bombirdier\n|-damage|p1a: Bombirdier|0 fnt\n|faint|p1a: Bombirdier\n|-ability|p2a: Calyrex|Chilling Neigh|boost\n|-boost|p2a: Calyrex|atk|1\n|\n|upkeep\n|\n|t:|1782811684\n|switch|p1a: Scizor|Scizor, L79, F|85/240\n|-damage|p1a: Scizor|55/240|[from] Stealth Rock\n|turn|12\n|\n|t:|1782811689\n|-terastallize|p2a: Calyrex|Ground\n|move|p1a: Scizor|Knock Off|p2a: Calyrex\n|-damage|p2a: Calyrex|65/263\n|move|p2a: Calyrex|Glacial Lance|p1a: Scizor\n|-resisted|p1a: Scizor\n|-damage|p1a: Scizor|0 fnt\n|faint|p1a: Scizor\n|-ability|p2a: Calyrex|Chilling Neigh|boost\n|-boost|p2a: Calyrex|atk|1\n|\n|upkeep\n|-message|masbahlilganteng forfeited.\n|\n|win|daddyntheboy\n", "inputlog": ">version f8ac14003a5f27e1bdc8d8c59608a773c1cb96e5\n>start {\"formatid\":\"gen9randombattle\",\"seed\":\"sodium,96bd1f012e6e126b4705d3dd0a7854df\",\"rated\":\"Rated battle\"}\n>player p1 {\"name\":\"masbahlilganteng\",\"avatar\":\"hoopster\",\"rating\":2050,\"seed\":\"sodium,86141e7ae1caaa52bc09e0452a503145\"}\n>player p2 {\"name\":\"daddyntheboy\",\"avatar\":\"pokefan-gen4\",\"rating\":1993,\"seed\":\"sodium,0be9f83b7b9fa865aa7895f3dec3bc7e\"}\n>p1 move moonblast\n>p2 move sludgewave\n>p1 switch 4\n>p2 move earthpower\n>p1 move bulletpunch\n>p2 switch 6\n>p1 switch 4\n>p2 move shadowball\n>p1 move flipturn\n>p2 move shadowball\n>p1 switch 2\n>p1 move knockoff\n>p2 switch 4\n>p1 switch 3\n>p2 move stealthrock\n>p1 move stickyweb\n>p2 move stoneedge\n>p1 switch 5\n>p1 move expandingforce\n>p2 move wildcharge\n>p2 switch 5\n>p1 switch 6\n>p2 move glaciallance\n>p1 switch 3\n>p1 move knockoff\n>p2 move glaciallance\n>p1 switch 4\n>p1 move knockoff\n>p2 move glaciallance terastallize\n>forcelose p1", "uploadtime": 1782811534, "views": 7, "formatid": "gen9randombattle", "rating": null, "private": 0, "password": null, "player_dets": [{"name": "masbahlilganteng", "avatar": "hoopster", "rating": 2050, "seed": "sodium,86141e7ae1caaa52bc09e0452a503145"}, {"name": "daddyntheboy", "avatar": "pokefan-gen4", "rating": 1993, "seed": "sodium,0be9f83b7b9fa865aa7895f3dec3bc7e"}], "teams_full": [{"Primarina": {"name": "Primarina", "species": "Primarina", "speciesId": "primarina", "gender": "M", "shiny": false, "level": 83, "moves": ["hydropump", "flipturn", "moonblast", "psychic"], "ability": "Torrent", "evs": {"hp": 85, "atk": 85, "def": 85, "spa": 85, "spd": 85, "spe": 85}, "ivs": {"hp": 31, "atk": 31, "def": 31, "spa": 31, "spd": 31, "spe": 31}, "item": "Choice Specs", "teraType": "Water", "role": "Wallbreaker", "bvs": {"hp": 80, "atk": 74, "def": 74, "spa": 126, "spd": 116, "spe": 60}, "stats": {"hp": 268, "atk": 171, "def": 171, "spa": 257, "spd": 240, "spe": 147}, "types": ["Water", "Fairy"]}, "Bombirdier": {"name": "Bombirdier", "species": "Bombirdier", "speciesId": "bombirdier", "gender": "M", "shiny": false, "level": 85, "moves": ["knockoff", "roost", "bravebird", "suckerpunch"], "ability": "Big Pecks", "evs": {"hp": 85, "atk": 85, "def": 85, "spa": 85, "spd": 85, "spe": 85}, "ivs": {"hp": 31, "atk": 31, "def": 31, "spa": 31, "spd": 31, "spe": 31}, "item": "Heavy-Duty Boots", "teraType": "Steel", "role": "Bulky Support", "bvs": {"hp": 70, "atk": 103, "def": 85, "spa": 60, "spd": 85, "spe": 82}, "stats": {"hp": 258, "atk": 224, "def": 193, "spa": 151, "spd": 193, "spe": 188}, "types": ["Flying", "Dark"]}, "Ribombee": {"name": "Ribombee", "species": "Ribombee", "speciesId": "ribombee", "gender": "M", "shiny": false, "level": 83, "moves": ["stickyweb", "stunspore", "moonblast", "bugbuzz"], "ability": "Shield Dust", "evs": {"hp": 85, "atk": 0, "def": 85, "spa": 85, "spd": 85, "spe": 85}, "ivs": {"hp": 31, "atk": 0, "def": 31, "spa": 31, "spd": 31, "spe": 31}, "item": "Heavy-Duty Boots", "teraType": "Ghost", "role": "Fast Support", "bvs": {"hp": 60, "atk": 55, "def": 60, "spa": 95, "spd": 70, "spe": 124}, "stats": {"hp": 235, "atk": 96, "def": 147, "spa": 205, "spd": 164, "spe": 254}, "types": ["Bug", "Fairy"]}, "Scizor": {"name": "Scizor", "species": "Scizor", "speciesId": "scizor", "gender": "F", "shiny": false, "level": 79, "moves": ["uturn", "bulletpunch", "defog", "knockoff"], "ability": "Technician", "evs": {"hp": 85, "atk": 85, "def": 85, "spa": 85, "spd": 85, "spe": 85}, "ivs": {"hp": 31, "atk": 31, "def": 31, "spa": 31, "spd": 31, "spe": 31}, "item": "Leftovers", "teraType": "Dragon", "role": "Bulky Support", "bvs": {"hp": 70, "atk": 130, "def": 100, "spa": 55, "spd": 80, "spe": 65}, "stats": {"hp": 240, "atk": 251, "def": 204, "spa": 132, "spd": 172, "spe": 148}, "types": ["Bug", "Steel"]}, "Indeedee": {"name": "Indeedee", "species": "Indeedee", "speciesId": "indeedee", "gender": "M", "shiny": false, "level": 84, "moves": ["dazzlinggleam", "hypervoice", "shadowball", "expandingforce"], "ability": "Psychic Surge", "evs": {"hp": 85, "atk": 0, "def": 85, "spa": 85, "spd": 85, "spe": 85}, "ivs": {"hp": 31, "atk": 0, "def": 31, "spa": 31, "spd": 31, "spe": 31}, "item": "Choice Specs", "teraType": "Psychic", "role": "Fast Attacker", "bvs": {"hp": 60, "atk": 65, "def": 55, "spa": 105, "spd": 95, "spe": 95}, "stats": {"hp": 238, "atk": 114, "def": 141, "spa": 225, "spd": 208, "spe": 208}, "types": ["Psychic", "Normal"]}, "Tropius": {"name": "Tropius", "species": "Tropius", "speciesId": "tropius", "gender": "M", "shiny": false, "level": 91, "moves": ["leechseed", "airslash", "substitute", "protect"], "ability": "Harvest", "evs": {"hp": 85, "atk": 0, "def": 85, "spa": 85, "spd": 85, "spe": 85}, "ivs": {"hp": 31, "atk": 0, "def": 31, "spa": 31, "spd": 31, "spe": 31}, "item": "Sitrus Berry", "teraType": "Steel", "role": "Bulky Support", "bvs": {"hp": 99, "atk": 68, "def": 83, "spa": 72, "spd": 87, "spe": 51}, "stats": {"hp": 328, "atk": 128, "def": 203, "spa": 183, "spd": 210, "spe": 145}, "types": ["Grass", "Flying"]}}, {"Landorus": {"name": "Landorus", "species": "Landorus", "speciesId": "landorus", "gender": "M", "shiny": false, "level": 75, "moves": ["earthpower", "focusblast", "sludgewave", "nastyplot"], "ability": "Sheer Force", "evs": {"hp": 85, "atk": 0, "def": 85, "spa": 85, "spd": 85, "spe": 85}, "ivs": {"hp": 31, "atk": 0, "def": 31, "spa": 31, "spd": 31, "spe": 31}, "item": "Life Orb", "teraType": "Poison", "role": "Fast Attacker", "bvs": {"hp": 89, "atk": 125, "def": 90, "spa": 115, "spd": 80, "spe": 101}, "stats": {"hp": 257, "atk": 192, "def": 179, "spa": 216, "spd": 164, "spe": 195}, "types": ["Ground", "Flying"]}, "Galvantula": {"name": "Galvantula", "species": "Galvantula", "speciesId": "galvantula", "gender": "F", "shiny": false, "level": 82, "moves": ["thunder", "stickyweb", "bugbuzz", "voltswitch"], "ability": "Compound Eyes", "evs": {"hp": 85, "atk": 0, "def": 85, "spa": 85, "spd": 85, "spe": 85}, "ivs": {"hp": 31, "atk": 0, "def": 31, "spa": 31, "spd": 31, "spe": 31}, "item": "Heavy-Duty Boots", "teraType": "Electric", "role": "Fast Support", "bvs": {"hp": 70, "atk": 77, "def": 60, "spa": 97, "spd": 60, "spe": 108}, "stats": {"hp": 249, "atk": 131, "def": 146, "spa": 206, "spd": 146, "spe": 224}, "types": ["Bug", "Electric"]}, "Scrafty": {"name": "Scrafty", "species": "Scrafty", "speciesId": "scrafty", "gender": "F", "shiny": false, "level": 83, "moves": ["dragondance", "knockoff", "poisonjab", "drainpunch"], "ability": "Intimidate", "evs": {"hp": 85, "atk": 85, "def": 85, "spa": 85, "spd": 85, "spe": 85}, "ivs": {"hp": 31, "atk": 31, "def": 31, "spa": 31, "spd": 31, "spe": 31}, "item": "Leftovers", "teraType": "Poison", "role": "Bulky Attacker", "bvs": {"hp": 65, "atk": 90, "def": 115, "spa": 45, "spd": 115, "spe": 58}, "stats": {"hp": 244, "atk": 197, "def": 239, "spa": 122, "spd": 239, "spe": 144}, "types": ["Dark", "Fighting"]}, "Iron Thorns": {"name": "Iron Thorns", "species": "Iron Thorns", "speciesId": "ironthorns", "gender": "N", "shiny": false, "level": 83, "moves": ["stoneedge", "wildcharge", "icepunch", "stealthrock"], "ability": "Quark Drive", "evs": {"hp": 85, "atk": 85, "def": 85, "spa": 85, "spd": 85, "spe": 85}, "ivs": {"hp": 31, "atk": 31, "def": 31, "spa": 31, "spd": 31, "spe": 31}, "item": "Air Balloon", "teraType": "Water", "role": "Fast Support", "bvs": {"hp": 100, "atk": 134, "def": 110, "spa": 70, "spd": 84, "spe": 72}, "stats": {"hp": 302, "atk": 270, "def": 230, "spa": 164, "spd": 187, "spe": 167}, "types": ["Rock", "Electric"]}, "Calyrex": {"name": "Calyrex", "species": "Calyrex-Ice", "speciesId": "calyrexice", "gender": "N", "shiny": false, "level": 72, "moves": ["glaciallance", "highhorsepower", "agility", "closecombat"], "ability": "As One (Glastrier)", "evs": {"hp": 85, "atk": 85, "def": 85, "spa": 85, "spd": 85, "spe": 85}, "ivs": {"hp": 31, "atk": 31, "def": 31, "spa": 31, "spd": 31, "spe": 31}, "item": "Weakness Policy", "teraType": "Ground", "role": "Bulky Setup", "bvs": {"hp": 100, "atk": 165, "def": 150, "spa": 85, "spd": 130, "spe": 50}, "stats": {"hp": 263, "atk": 280, "def": 258, "spa": 164, "spd": 229, "spe": 114}, "types": ["Psychic", "Ice"]}, "Basculegion": {"name": "Basculegion", "species": "Basculegion-F", "speciesId": "basculegionf", "gender": "F", "shiny": false, "level": 83, "moves": ["flipturn", "shadowball", "hydropump", "wavecrash"], "ability": "Adaptability", "evs": {"hp": 85, "atk": 85, "def": 85, "spa": 85, "spd": 85, "spe": 85}, "ivs": {"hp": 31, "atk": 31, "def": 31, "spa": 31, "spd": 31, "spe": 31}, "item": "Assault Vest", "teraType": "Water", "role": "AV Pivot", "bvs": {"hp": 120, "atk": 92, "def": 65, "spa": 100, "spd": 75, "spe": 78}, "stats": {"hp": 335, "atk": 200, "def": 156, "spa": 214, "spd": 172, "spe": 177}, "types": ["Water", "Ghost"]}}]}