{"id": "gen9randombattle-2641061717", "format": "[Gen 9] Random Battle", "players": ["Alainkiller", "Third Mo0n"], "log": "|j|\u2606Alainkiller\n|j|\u2606Third Mo0n\n|t:|1782734553\n|gametype|singles\n|player|p1|Alainkiller|101|1999\n|player|p2|Third Mo0n|plasmagrunt|1987\n|gen|9\n|tier|[Gen 9] Random Battle\n|rated|\n|rule|Species Clause: Limit one of each Pok\u00e9mon\n|rule|HP Percentage Mod: HP is shown in percentages\n|rule|Sleep Clause Mod: Limit one foe put to sleep\n|rule|Illusion Level Mod: Illusion disguises the Pok\u00e9mon's true level\n|\n|t:|1782734553\n|teamsize|p1|6\n|teamsize|p2|6\n|start\n|switch|p1a: Swampert|Swampert, L83, M|302/302\n|switch|p2a: Diancie|Diancie, L82|216/216\n|turn|1\n|inactive|Battle timer is ON: inactive players will automatically lose when time's up. (requested by Third Mo0n)\n|inactive|Alainkiller also wants the timer to be on.\n|\n|t:|1782734566\n|switch|p2a: Amoonguss|Amoonguss, L82, F|321/321\n|move|p1a: Swampert|Stealth Rock|p2a: Amoonguss\n|-sidestart|p2: Third Mo0n|move: Stealth Rock\n|\n|upkeep\n|turn|2\n|\n|t:|1782734580\n|move|p1a: Swampert|Ice Beam|p2a: Amoonguss\n|-supereffective|p2a: Amoonguss\n|-damage|p2a: Amoonguss|201/321\n|move|p2a: Amoonguss|Toxic|p1a: Swampert\n|-status|p1a: Swampert|tox\n|\n|-damage|p1a: Swampert|284/302 tox|[from] psn\n|upkeep\n|turn|3\n|\n|t:|1782734595\n|switch|p2a: Kricketune|Kricketune, L99, M|312/312\n|move|p1a: Swampert|Flip Turn|p2a: Kricketune\n|-damage|p2a: Kricketune|224/312\n|\n|t:|1782734602\n|switch|p1a: Mewtwo|Mewtwo, L72|272/272|[from] Flip Turn\n|-ability|p1a: Mewtwo|Unnerve\n|\n|upkeep\n|turn|4\n|\n|t:|1782734608\n|move|p1a: Mewtwo|Fire Blast|p2a: Kricketune\n|-supereffective|p2a: Kricketune\n|-damage|p2a: Kricketune|0 fnt\n|faint|p2a: Kricketune\n|-damage|p1a: Mewtwo|245/272|[from] item: Life Orb\n|\n|upkeep\n|\n|t:|1782734616\n|switch|p2a: Diancie|Diancie, L82|216/216\n|-damage|p2a: Diancie|189/216|[from] Stealth Rock\n|turn|5\n|\n|t:|1782734625\n|switch|p1a: Forretress|Forretress, L84, M|263/263\n|move|p2a: Diancie|Calm Mind|p2a: Diancie\n|-boost|p2a: Diancie|spa|1\n|-boost|p2a: Diancie|spd|1\n|\n|-heal|p2a: Diancie|202/216|[from] item: Leftovers\n|upkeep\n|turn|6\n|\n|t:|1782734634\n|switch|p1a: Mewtwo|Mewtwo, L72|245/272\n|-ability|p1a: Mewtwo|Unnerve\n|move|p2a: Diancie|Diamond Storm|p1a: Mewtwo\n|-damage|p1a: Mewtwo|122/272\n|-boost|p2a: Diancie|def|2\n|\n|-heal|p2a: Diancie|215/216|[from] item: Leftovers\n|upkeep\n|turn|7\n|\n|t:|1782734645\n|switch|p1a: Forretress|Forretress, L84, M|263/263\n|move|p2a: Diancie|Calm Mind|p2a: Diancie\n|-boost|p2a: Diancie|spa|1\n|-boost|p2a: Diancie|spd|1\n|\n|-heal|p2a: Diancie|216/216|[from] item: Leftovers\n|upkeep\n|turn|8\n|\n|t:|1782734654\n|-terastallize|p2a: Diancie|Fairy\n|move|p2a: Diancie|Earth Power|p1a: Forretress\n|-damage|p1a: Forretress|109/263\n|move|p1a: Forretress|Iron Head|p2a: Diancie\n|-supereffective|p2a: Diancie\n|-damage|p2a: Diancie|156/216\n|\n|-heal|p2a: Diancie|169/216|[from] item: Leftovers\n|-heal|p1a: Forretress|125/263|[from] item: Leftovers\n|upkeep\n|turn|9\n|\n|t:|1782734666\n|move|p2a: Diancie|Earth Power|p1a: Forretress\n|-damage|p1a: Forretress|0 fnt\n|faint|p1a: Forretress\n|\n|-heal|p2a: Diancie|182/216|[from] item: Leftovers\n|upkeep\n|\n|t:|1782734673\n|switch|p1a: Ting-Lu|Ting-Lu, L78|370/370\n|-ability|p1a: Ting-Lu|Vessel of Ruin\n|turn|10\n|\n|t:|1782734682\n|move|p2a: Diancie|Draining Kiss|p1a: Ting-Lu\n|-supereffective|p1a: Ting-Lu\n|-crit|p1a: Ting-Lu\n|-damage|p1a: Ting-Lu|0 fnt\n|-heal|p2a: Diancie|216/216|[from] drain|[of] p1a: Ting-Lu\n|faint|p1a: Ting-Lu\n|\n|upkeep\n|-message|Alainkiller forfeited.\n|\n|win|Third Mo0n\n", "inputlog": ">version 3f8ef8cf60cebd2b18892af2794d10415e14a302\n>start {\"formatid\":\"gen9randombattle\",\"seed\":\"sodium,a0beecdba4d418b48e5a705ebfcc675d\",\"rated\":\"Rated battle\"}\n>player p1 {\"name\":\"Alainkiller\",\"avatar\":\"101\",\"rating\":1999,\"seed\":\"sodium,57a08b15820e7ccb86c4264416fb5bc8\"}\n>player p2 {\"name\":\"Third Mo0n\",\"avatar\":\"plasmagrunt\",\"rating\":1987,\"seed\":\"sodium,0108110f38ac4441b80d25a51191de44\"}\n>p1 move stealthrock\n>p2 switch 6\n>p1 move icebeam\n>p2 move toxic\n>p1 move flipturn\n>p2 switch 2\n>p1 switch 3\n>p1 move fireblast\n>p2 move pounce\n>p2 switch 6\n>p1 switch 6\n>p2 move calmmind\n>p1 switch 6\n>p2 move diamondstorm\n>p1 switch 6\n>p2 move calmmind\n>p1 move ironhead\n>p2 move earthpower terastallize\n>p1 move spikes\n>p2 move earthpower\n>p1 switch 2\n>p1 move whirlwind\n>p2 move drainingkiss\n>forcelose p1", "uploadtime": 1782734556, "views": 4, "formatid": "gen9randombattle", "rating": null, "private": 0, "password": null, "player_dets": [{"name": "Alainkiller", "avatar": "101", "rating": 1999, "seed": "sodium,57a08b15820e7ccb86c4264416fb5bc8"}, {"name": "Third Mo0n", "avatar": "plasmagrunt", "rating": 1987, "seed": "sodium,0108110f38ac4441b80d25a51191de44"}], "teams_full": [{"Swampert": {"name": "Swampert", "species": "Swampert", "speciesId": "swampert", "gender": "M", "shiny": false, "level": 83, "moves": ["flipturn", "stealthrock", "icebeam", "earthquake"], "ability": "Torrent", "evs": {"hp": 85, "atk": 85, "def": 85, "spa": 85, "spd": 85, "spe": 85}, "ivs": {"hp": 31, "atk": 31, "def": 31, "spa": 31, "spd": 31, "spe": 31}, "item": "Leftovers", "teraType": "Poison", "role": "Bulky Support", "bvs": {"hp": 100, "atk": 110, "def": 90, "spa": 85, "spd": 90, "spe": 60}, "stats": {"hp": 302, "atk": 230, "def": 197, "spa": 189, "spd": 197, "spe": 147}, "types": ["Water", "Ground"]}, "Ting-Lu": {"name": "Ting-Lu", "species": "Ting-Lu", "speciesId": "tinglu", "gender": "N", "shiny": false, "level": 78, "moves": ["whirlwind", "throatchop", "earthquake", "spikes"], "ability": "Vessel of Ruin", "evs": {"hp": 85, "atk": 85, "def": 85, "spa": 85, "spd": 85, "spe": 85}, "ivs": {"hp": 31, "atk": 31, "def": 31, "spa": 31, "spd": 31, "spe": 31}, "item": "Leftovers", "teraType": "Poison", "role": "Bulky Support", "bvs": {"hp": 155, "atk": 110, "def": 125, "spa": 55, "spd": 80, "spe": 45}, "stats": {"hp": 370, "atk": 217, "def": 240, "spa": 131, "spd": 170, "spe": 115}, "types": ["Dark", "Ground"]}, "Mewtwo": {"name": "Mewtwo", "species": "Mewtwo", "speciesId": "mewtwo", "gender": "N", "shiny": false, "level": 72, "moves": ["darkpulse", "nastyplot", "fireblast", "psystrike"], "ability": "Unnerve", "evs": {"hp": 85, "atk": 0, "def": 85, "spa": 85, "spd": 85, "spe": 85}, "ivs": {"hp": 31, "atk": 0, "def": 31, "spa": 31, "spd": 31, "spe": 31}, "item": "Life Orb", "teraType": "Psychic", "role": "Setup Sweeper", "bvs": {"hp": 106, "atk": 110, "def": 90, "spa": 154, "spd": 90, "spe": 130}, "stats": {"hp": 272, "atk": 163, "def": 172, "spa": 264, "spd": 172, "spe": 229}, "types": ["Psychic"]}, "Clawitzer": {"name": "Clawitzer", "species": "Clawitzer", "speciesId": "clawitzer", "gender": "F", "shiny": false, "level": 87, "moves": ["waterpulse", "darkpulse", "dragonpulse", "uturn"], "ability": "Mega Launcher", "evs": {"hp": 85, "atk": 85, "def": 85, "spa": 85, "spd": 85, "spe": 85}, "ivs": {"hp": 31, "atk": 31, "def": 31, "spa": 31, "spd": 31, "spe": 31}, "item": "Choice Specs", "teraType": "Dark", "role": "Wallbreaker", "bvs": {"hp": 71, "atk": 73, "def": 88, "spa": 120, "spd": 89, "spe": 59}, "stats": {"hp": 265, "atk": 177, "def": 203, "spa": 259, "spd": 205, "spe": 152}, "types": ["Water"]}, "Kingambit": {"name": "Kingambit", "species": "Kingambit", "speciesId": "kingambit", "gender": "M", "shiny": false, "level": 74, "moves": ["suckerpunch", "kowtowcleave", "swordsdance", "ironhead"], "ability": "Supreme Overlord", "evs": {"hp": 85, "atk": 85, "def": 85, "spa": 85, "spd": 85, "spe": 85}, "ivs": {"hp": 31, "atk": 31, "def": 31, "spa": 31, "spd": 31, "spe": 31}, "item": "Leftovers", "teraType": "Flying", "role": "Bulky Attacker", "bvs": {"hp": 100, "atk": 135, "def": 120, "spa": 60, "spd": 85, "spe": 50}, "stats": {"hp": 270, "atk": 243, "def": 221, "spa": 132, "spd": 169, "spe": 117}, "types": ["Dark", "Steel"]}, "Forretress": {"name": "Forretress", "species": "Forretress", "speciesId": "forretress", "gender": "M", "shiny": false, "level": 84, "moves": ["bodypress", "ironhead", "rapidspin", "spikes"], "ability": "Sturdy", "evs": {"hp": 85, "atk": 85, "def": 85, "spa": 85, "spd": 85, "spe": 85}, "ivs": {"hp": 31, "atk": 31, "def": 31, "spa": 31, "spd": 31, "spe": 31}, "item": "Leftovers", "teraType": "Water", "role": "Bulky Attacker", "bvs": {"hp": 75, "atk": 90, "def": 140, "spa": 60, "spd": 60, "spe": 40}, "stats": {"hp": 263, "atk": 199, "def": 283, "spa": 149, "spd": 149, "spe": 115}, "types": ["Bug", "Steel"]}}, {"Diancie": {"name": "Diancie", "species": "Diancie", "speciesId": "diancie", "gender": "N", "shiny": false, "level": 82, "moves": ["drainingkiss", "earthpower", "diamondstorm", "calmmind"], "ability": "Clear Body", "evs": {"hp": 85, "atk": 85, "def": 85, "spa": 85, "spd": 85, "spe": 85}, "ivs": {"hp": 31, "atk": 31, "def": 31, "spa": 31, "spd": 31, "spe": 31}, "item": "Leftovers", "teraType": "Fairy", "role": "Bulky Setup", "bvs": {"hp": 50, "atk": 100, "def": 150, "spa": 100, "spd": 150, "spe": 50}, "stats": {"hp": 216, "atk": 211, "def": 293, "spa": 211, "spd": 293, "spe": 129}, "types": ["Rock", "Fairy"]}, "Kricketune": {"name": "Kricketune", "species": "Kricketune", "speciesId": "kricketune", "gender": "M", "shiny": false, "level": 99, "moves": ["pounce", "stickyweb", "taunt", "knockoff"], "ability": "Technician", "evs": {"hp": 85, "atk": 85, "def": 85, "spa": 85, "spd": 85, "spe": 85}, "ivs": {"hp": 31, "atk": 31, "def": 31, "spa": 31, "spd": 31, "spe": 31}, "item": "Heavy-Duty Boots", "teraType": "Ghost", "role": "Fast Support", "bvs": {"hp": 77, "atk": 85, "def": 51, "spa": 55, "spd": 51, "spe": 65}, "stats": {"hp": 312, "atk": 224, "def": 157, "spa": 165, "spd": 157, "spe": 185}, "types": ["Bug"]}, "Gogoat": {"name": "Gogoat", "species": "Gogoat", "speciesId": "gogoat", "gender": "M", "shiny": false, "level": 88, "moves": ["milkdrink", "bulkup", "earthquake", "hornleech"], "ability": "Sap Sipper", "evs": {"hp": 85, "atk": 85, "def": 85, "spa": 85, "spd": 85, "spe": 85}, "ivs": {"hp": 31, "atk": 31, "def": 31, "spa": 31, "spd": 31, "spe": 31}, "item": "Leftovers", "teraType": "Water", "role": "Bulky Setup", "bvs": {"hp": 123, "atk": 100, "def": 62, "spa": 97, "spd": 81, "spe": 68}, "stats": {"hp": 360, "atk": 226, "def": 159, "spa": 221, "spd": 193, "spe": 170}, "types": ["Grass"]}, "Palkia": {"name": "Palkia", "species": "Palkia-Origin", "speciesId": "palkiaorigin", "gender": "N", "shiny": false, "level": 72, "moves": ["fireblast", "thunderwave", "hydropump", "spacialrend"], "ability": "Pressure", "evs": {"hp": 85, "atk": 0, "def": 85, "spa": 85, "spd": 85, "spe": 85}, "ivs": {"hp": 31, "atk": 0, "def": 31, "spa": 31, "spd": 31, "spe": 31}, "item": "Lustrous Globe", "teraType": "Fire", "role": "Bulky Attacker", "bvs": {"hp": 90, "atk": 100, "def": 100, "spa": 150, "spd": 120, "spe": 120}, "stats": {"hp": 249, "atk": 149, "def": 186, "spa": 258, "spd": 215, "spe": 215}, "types": ["Water", "Dragon"]}, "Archaludon": {"name": "Archaludon", "species": "Archaludon", "speciesId": "archaludon", "gender": "F", "shiny": false, "level": 78, "moves": ["outrage", "swordsdance", "earthquake", "ironhead"], "ability": "Stamina", "evs": {"hp": 85, "atk": 85, "def": 85, "spa": 85, "spd": 85, "spe": 85}, "ivs": {"hp": 31, "atk": 31, "def": 31, "spa": 31, "spd": 31, "spe": 31}, "item": "Lum Berry", "teraType": "Ground", "role": "Bulky Setup", "bvs": {"hp": 90, "atk": 105, "def": 130, "spa": 125, "spd": 65, "spe": 85}, "stats": {"hp": 268, "atk": 209, "def": 248, "spa": 240, "spd": 146, "spe": 178}, "types": ["Steel", "Dragon"]}, "Amoonguss": {"name": "Amoonguss", "species": "Amoonguss", "speciesId": "amoonguss", "gender": "F", "shiny": false, "level": 82, "moves": ["spore", "toxic", "gigadrain", "sludgebomb"], "ability": "Regenerator", "evs": {"hp": 85, "atk": 0, "def": 85, "spa": 85, "spd": 85, "spe": 85}, "ivs": {"hp": 31, "atk": 0, "def": 31, "spa": 31, "spd": 31, "spe": 31}, "item": "Rocky Helmet", "teraType": "Water", "role": "Bulky Support", "bvs": {"hp": 114, "atk": 85, "def": 70, "spa": 85, "spd": 80, "spe": 30}, "stats": {"hp": 321, "atk": 144, "def": 162, "spa": 187, "spd": 178, "spe": 96}, "types": ["Grass", "Poison"]}}]}