{"id": "gen9randombattle-2641638111", "format": "[Gen 9] Random Battle", "players": ["dvsfdb sd", "yytyuy"], "log": "|j|\u2606dvsfdb sd\n|j|\u2606yytyuy\n|t:|1782823029\n|gametype|singles\n|player|p1|dvsfdb sd|266|1079\n|player|p2|yytyuy|2|1069\n|gen|9\n|tier|[Gen 9] Random Battle\n|rated|\n|rule|Species Clause: Limit one of each Pok\u00e9mon\n|rule|HP Percentage Mod: HP is shown in percentages\n|rule|Sleep Clause Mod: Limit one foe put to sleep\n|rule|Illusion Level Mod: Illusion disguises the Pok\u00e9mon's true level\n|\n|t:|1782823029\n|teamsize|p1|6\n|teamsize|p2|6\n|start\n|switch|p1a: Glalie|Glalie, L96, M|309/309\n|switch|p2a: Empoleon|Empoleon, L84, M|278/278\n|turn|1\n|\n|t:|1782823056\n|switch|p2a: Vikavolt|Vikavolt, L83, F|263/263\n|move|p1a: Glalie|Earthquake|p2a: Vikavolt\n|-immune|p2a: Vikavolt|[from] ability: Levitate\n|\n|upkeep\n|turn|2\n|inactive|Battle timer is ON: inactive players will automatically lose when time's up. (requested by dvsfdb sd)\n|\n|t:|1782823070\n|move|p1a: Glalie|Spikes|p2a: Vikavolt\n|-sidestart|p2: yytyuy|Spikes\n|move|p2a: Vikavolt|Sticky Web|p1a: Glalie\n|-sidestart|p1: dvsfdb sd|move: Sticky Web\n|\n|upkeep\n|turn|3\n|\n|t:|1782823096\n|move|p1a: Glalie|Spikes|p2a: Vikavolt\n|-sidestart|p2: yytyuy|Spikes\n|move|p2a: Vikavolt|Bug Buzz|p1a: Glalie\n|-damage|p1a: Glalie|191/309\n|\n|upkeep\n|turn|4\n|inactive|yytyuy has 120 seconds left.\n|\n|t:|1782823144\n|move|p1a: Glalie|Freeze-Dry|p2a: Vikavolt\n|-damage|p2a: Vikavolt|164/263\n|move|p2a: Vikavolt|Bug Buzz|p1a: Glalie\n|-damage|p1a: Glalie|62/309\n|\n|upkeep\n|turn|5\n|\n|t:|1782823161\n|move|p1a: Glalie|Freeze-Dry|p2a: Vikavolt\n|-damage|p2a: Vikavolt|68/263\n|move|p2a: Vikavolt|Bug Buzz|p1a: Glalie\n|-damage|p1a: Glalie|0 fnt\n|faint|p1a: Glalie\n|\n|upkeep\n|inactive|dvsfdb sd has 120 seconds left.\n|\n|t:|1782823190\n|switch|p1a: Regidrago|Regidrago, L77|435/435\n|-activate|p1a: Regidrago|move: Sticky Web\n|-unboost|p1a: Regidrago|spe|1\n|turn|6\n|\n|t:|1782823214\n|move|p2a: Vikavolt|Bug Buzz|p1a: Regidrago\n|-damage|p1a: Regidrago|213/435\n|move|p1a: Regidrago|Dragon Dance|p1a: Regidrago\n|-boost|p1a: Regidrago|atk|1\n|-boost|p1a: Regidrago|spe|1\n|\n|upkeep\n|turn|7\n|\n|t:|1782823226\n|move|p1a: Regidrago|Dragon Claw|p2a: Vikavolt\n|-damage|p2a: Vikavolt|0 fnt\n|faint|p2a: Vikavolt\n|-damage|p1a: Regidrago|170/435|[from] item: Life Orb\n|\n|upkeep\n|inactive|yytyuy has 90 seconds left.\n|\n|t:|1782823251\n|switch|p2a: Klefki|Klefki, L84, M|233/233\n|-damage|p2a: Klefki|195/233|[from] Spikes\n|turn|8\n|inactive|dvsfdb sd has 120 seconds left.\n|\n|t:|1782823268\n|-terastallize|p1a: Regidrago|Steel\n|move|p2a: Klefki|Dazzling Gleam|p1a: Regidrago\n|-resisted|p1a: Regidrago\n|-damage|p1a: Regidrago|108/435\n|move|p1a: Regidrago|Dragon Dance|p1a: Regidrago\n|-boost|p1a: Regidrago|atk|1\n|-boost|p1a: Regidrago|spe|1\n|\n|-heal|p2a: Klefki|209/233|[from] item: Leftovers\n|upkeep\n|turn|9\n|inactive|yytyuy has 90 seconds left.\n|\n|t:|1782823293\n|move|p1a: Regidrago|Earthquake|p2a: Klefki\n|-supereffective|p2a: Klefki\n|-damage|p2a: Klefki|0 fnt\n|faint|p2a: Klefki\n|-damage|p1a: Regidrago|65/435|[from] item: Life Orb\n|\n|upkeep\n|\n|t:|1782823308\n|switch|p2a: Flutter Mane|Flutter Mane, L74|203/203\n|-damage|p2a: Flutter Mane|170/203|[from] Spikes\n|turn|10\n|inactive|dvsfdb sd has 120 seconds left.\n|\n|t:|1782823322\n|move|p1a: Regidrago|Tera Blast|p2a: Flutter Mane|[anim] Tera Blast Steel\n|-supereffective|p2a: Flutter Mane\n|-damage|p2a: Flutter Mane|0 fnt\n|faint|p2a: Flutter Mane\n|-end|p2a: Flutter Mane|Protosynthesis|[silent]\n|-damage|p1a: Regidrago|22/435|[from] item: Life Orb\n|\n|upkeep\n|n|\u2606yytyuy|yytyuy\n|c|\u2606yytyuy|F*ck you, I hope your whole family got killed\n|inactive|yytyuy has 60 seconds left.\n|inactive|yytyuy has 30 seconds left.\n|inactive|yytyuy has 20 seconds left.\n|inactive|yytyuy has 15 seconds left.\n|inactive|yytyuy has 10 seconds left.\n|inactive|yytyuy has 5 seconds left.\n|-message|yytyuy lost due to inactivity.\n|\n|win|dvsfdb sd\n", "inputlog": ">version f8ac14003a5f27e1bdc8d8c59608a773c1cb96e5\n>start {\"formatid\":\"gen9randombattle\",\"seed\":\"sodium,a6ed3145073857a343611a65801ee42e\",\"rated\":\"Rated battle\"}\n>player p1 {\"name\":\"dvsfdb sd\",\"avatar\":\"266\",\"rating\":1079,\"seed\":\"sodium,2bb8d7f6a4d406268329e32b10418940\"}\n>player p2 {\"name\":\"yytyuy\",\"avatar\":\"2\",\"rating\":1069,\"seed\":\"sodium,cc626dd4c5917f3a448d85b564c81d60\"}\n>p1 move earthquake\n>p2 switch 4\n>p1 move spikes\n>p2 move stickyweb\n>p1 move spikes\n>p2 move bugbuzz\n>p1 move freezedry\n>p2 move bugbuzz\n>p1 move freezedry\n>p2 move bugbuzz\n>p1 switch 3\n>p1 move dragondance\n>p2 move bugbuzz\n>p1 move dragonclaw\n>p2 move bugbuzz\n>p2 switch 2\n>p1 move dragondance terastallize\n>p2 move dazzlinggleam\n>p1 move earthquake\n>p2 move foulplay\n>p2 switch 6\n>p1 move terablast\n>p2 move moonblast\n>chat \u2606yytyuy|F*ck you, I hope your whole family got killed\n>forcelose p2", "uploadtime": 1782823345, "views": 6, "formatid": "gen9randombattle", "rating": null, "private": 0, "password": null, "player_dets": [{"name": "dvsfdb sd", "avatar": "266", "rating": 1079, "seed": "sodium,2bb8d7f6a4d406268329e32b10418940"}, {"name": "yytyuy", "avatar": "2", "rating": 1069, "seed": "sodium,cc626dd4c5917f3a448d85b564c81d60"}], "teams_full": [{"Glalie": {"name": "Glalie", "species": "Glalie", "speciesId": "glalie", "gender": "M", "shiny": false, "level": 96, "moves": ["freezedry", "spikes", "earthquake", "taunt"], "ability": "Inner Focus", "evs": {"hp": 85, "atk": 85, "def": 85, "spa": 85, "spd": 85, "spe": 85}, "ivs": {"hp": 31, "atk": 31, "def": 31, "spa": 31, "spd": 31, "spe": 31}, "item": "Heavy-Duty Boots", "teraType": "Ground", "role": "Fast Support", "bvs": {"hp": 80, "atk": 80, "def": 80, "spa": 80, "spd": 80, "spe": 80}, "stats": {"hp": 309, "atk": 208, "def": 208, "spa": 208, "spd": 208, "spe": 208}, "types": ["Ice"]}, "Carbink": {"name": "Carbink", "species": "Carbink", "speciesId": "carbink", "gender": "N", "shiny": false, "level": 90, "moves": ["rockpolish", "bodypress", "irondefense", "moonblast"], "ability": "Sturdy", "evs": {"hp": 85, "atk": 0, "def": 85, "spa": 85, "spd": 85, "spe": 85}, "ivs": {"hp": 31, "atk": 0, "def": 31, "spa": 31, "spd": 31, "spe": 31}, "item": "Leftovers", "teraType": "Fighting", "role": "Fast Bulky Setup", "bvs": {"hp": 50, "atk": 50, "def": 150, "spa": 50, "spd": 150, "spe": 50}, "stats": {"hp": 236, "atk": 95, "def": 321, "spa": 141, "spd": 321, "spe": 141}, "types": ["Rock", "Fairy"]}, "Regidrago": {"name": "Regidrago", "species": "Regidrago", "speciesId": "regidrago", "gender": "N", "shiny": false, "level": 77, "moves": ["dragonclaw", "earthquake", "dragondance", "terablast"], "ability": "Dragon's Maw", "evs": {"hp": 85, "atk": 85, "def": 85, "spa": 85, "spd": 85, "spe": 85}, "ivs": {"hp": 31, "atk": 31, "def": 31, "spa": 31, "spd": 31, "spe": 31}, "item": "Life Orb", "teraType": "Steel", "role": "Tera Blast user", "bvs": {"hp": 200, "atk": 100, "def": 50, "spa": 100, "spd": 50, "spe": 80}, "stats": {"hp": 435, "atk": 199, "def": 122, "spa": 199, "spd": 122, "spe": 168}, "types": ["Dragon"]}, "Magnezone": {"name": "Magnezone", "species": "Magnezone", "speciesId": "magnezone", "gender": "N", "shiny": false, "level": 85, "moves": ["discharge", "flashcannon", "irondefense", "bodypress"], "ability": "Analytic", "evs": {"hp": 85, "atk": 0, "def": 85, "spa": 85, "spd": 85, "spe": 85}, "ivs": {"hp": 31, "atk": 0, "def": 31, "spa": 31, "spd": 31, "spe": 31}, "item": "Leftovers", "teraType": "Fighting", "role": "Bulky Setup", "bvs": {"hp": 70, "atk": 70, "def": 115, "spa": 130, "spd": 90, "spe": 60}, "stats": {"hp": 258, "atk": 124, "def": 244, "spa": 270, "spd": 202, "spe": 151}, "types": ["Electric", "Steel"]}, "Vigoroth": {"name": "Vigoroth", "species": "Vigoroth", "speciesId": "vigoroth", "gender": "F", "shiny": false, "level": 85, "moves": ["bulkup", "knockoff", "slackoff", "bodyslam"], "ability": "Vital Spirit", "evs": {"hp": 85, "atk": 85, "def": 85, "spa": 85, "spd": 85, "spe": 85}, "ivs": {"hp": 31, "atk": 31, "def": 31, "spa": 31, "spd": 31, "spe": 31}, "item": "Eviolite", "teraType": "Ghost", "role": "Bulky Setup", "bvs": {"hp": 80, "atk": 80, "def": 80, "spa": 55, "spd": 55, "spe": 90}, "stats": {"hp": 275, "atk": 185, "def": 185, "spa": 142, "spd": 142, "spe": 202}, "types": ["Normal"]}, "Uxie": {"name": "Uxie", "species": "Uxie", "speciesId": "uxie", "gender": "N", "shiny": false, "level": 83, "moves": ["yawn", "knockoff", "psychicnoise", "encore"], "ability": "Levitate", "evs": {"hp": 85, "atk": 85, "def": 85, "spa": 85, "spd": 85, "spe": 85}, "ivs": {"hp": 31, "atk": 31, "def": 31, "spa": 31, "spd": 31, "spe": 31}, "item": "Leftovers", "teraType": "Dark", "role": "Bulky Support", "bvs": {"hp": 75, "atk": 75, "def": 130, "spa": 75, "spd": 130, "spe": 95}, "stats": {"hp": 260, "atk": 172, "def": 263, "spa": 172, "spd": 263, "spe": 205}, "types": ["Psychic"]}}, {"Empoleon": {"name": "Empoleon", "species": "Empoleon", "speciesId": "empoleon", "gender": "M", "shiny": false, "level": 84, "moves": ["surf", "flipturn", "roost", "icebeam"], "ability": "Competitive", "evs": {"hp": 85, "atk": 85, "def": 85, "spa": 85, "spd": 85, "spe": 85}, "ivs": {"hp": 31, "atk": 31, "def": 31, "spa": 31, "spd": 31, "spe": 31}, "item": "Leftovers", "teraType": "Grass", "role": "Bulky Support", "bvs": {"hp": 84, "atk": 86, "def": 88, "spa": 111, "spd": 101, "spe": 60}, "stats": {"hp": 278, "atk": 193, "def": 196, "spa": 235, "spd": 218, "spe": 149}, "types": ["Water", "Steel"]}, "Klefki": {"name": "Klefki", "species": "Klefki", "speciesId": "klefki", "gender": "M", "shiny": false, "level": 84, "moves": ["foulplay", "dazzlinggleam", "spikes", "thunderwave"], "ability": "Prankster", "evs": {"hp": 85, "atk": 0, "def": 85, "spa": 85, "spd": 85, "spe": 85}, "ivs": {"hp": 31, "atk": 0, "def": 31, "spa": 31, "spd": 31, "spe": 31}, "item": "Leftovers", "teraType": "Flying", "role": "Bulky Attacker", "bvs": {"hp": 57, "atk": 80, "def": 91, "spa": 80, "spd": 87, "spe": 75}, "stats": {"hp": 233, "atk": 139, "def": 201, "spa": 183, "spd": 194, "spe": 174}, "types": ["Steel", "Fairy"]}, "Zapdos": {"name": "Zapdos", "species": "Zapdos-Galar", "speciesId": "zapdosgalar", "gender": "N", "shiny": false, "level": 77, "moves": ["closecombat", "bravebird", "knockoff", "uturn"], "ability": "Defiant", "evs": {"hp": 85, "atk": 85, "def": 85, "spa": 85, "spd": 85, "spe": 85}, "ivs": {"hp": 31, "atk": 31, "def": 31, "spa": 31, "spd": 31, "spe": 31}, "item": "Choice Band", "teraType": "Steel", "role": "Fast Attacker", "bvs": {"hp": 90, "atk": 125, "def": 90, "spa": 85, "spd": 90, "spe": 100}, "stats": {"hp": 265, "atk": 237, "def": 183, "spa": 175, "spd": 183, "spe": 199}, "types": ["Fighting", "Flying"]}, "Vikavolt": {"name": "Vikavolt", "species": "Vikavolt", "speciesId": "vikavolt", "gender": "F", "shiny": false, "level": 83, "moves": ["discharge", "stickyweb", "bugbuzz", "energyball"], "ability": "Levitate", "evs": {"hp": 85, "atk": 0, "def": 85, "spa": 85, "spd": 85, "spe": 85}, "ivs": {"hp": 31, "atk": 0, "def": 31, "spa": 31, "spd": 31, "spe": 31}, "item": "Heavy-Duty Boots", "teraType": "Electric", "role": "Bulky Support", "bvs": {"hp": 77, "atk": 70, "def": 90, "spa": 145, "spd": 75, "spe": 43}, "stats": {"hp": 263, "atk": 121, "def": 197, "spa": 288, "spd": 172, "spe": 119}, "types": ["Bug", "Electric"]}, "Politoed": {"name": "Politoed", "species": "Politoed", "speciesId": "politoed", "gender": "F", "shiny": false, "level": 88, "moves": ["focusblast", "weatherball", "icebeam", "hydropump"], "ability": "Drizzle", "evs": {"hp": 85, "atk": 0, "def": 85, "spa": 85, "spd": 85, "spe": 85}, "ivs": {"hp": 31, "atk": 0, "def": 31, "spa": 31, "spd": 31, "spe": 31}, "item": "Choice Specs", "teraType": "Water", "role": "Fast Attacker", "bvs": {"hp": 90, "atk": 75, "def": 75, "spa": 90, "spd": 100, "spe": 70}, "stats": {"hp": 302, "atk": 137, "def": 182, "spa": 209, "spd": 226, "spe": 173}, "types": ["Water"]}, "Flutter Mane": {"name": "Flutter Mane", "species": "Flutter Mane", "speciesId": "fluttermane", "gender": "N", "shiny": false, "level": 74, "moves": ["thunderbolt", "shadowball", "moonblast", "mysticalfire"], "ability": "Protosynthesis", "evs": {"hp": 85, "atk": 0, "def": 85, "spa": 85, "spd": 85, "spe": 85}, "ivs": {"hp": 31, "atk": 0, "def": 31, "spa": 31, "spd": 31, "spe": 31}, "item": "Choice Specs", "teraType": "Fairy", "role": "Wallbreaker", "bvs": {"hp": 55, "atk": 55, "def": 55, "spa": 135, "spd": 135, "spe": 135}, "stats": {"hp": 203, "atk": 86, "def": 124, "spa": 243, "spd": 243, "spe": 243}, "types": ["Ghost", "Fairy"]}}]}