{"id": "gen9randombattle-2641666821", "format": "[Gen 9] Random Battle", "players": ["iacidicowl", "polite96rg"], "log": "|j|\u2606iacidicowl\n|j|\u2606polite96rg\n|t:|1782827224\n|gametype|singles\n|player|p1|iacidicowl|dahlia|2120\n|player|p2|polite96rg|1|2230\n|gen|9\n|tier|[Gen 9] Random Battle\n|rated|\n|rule|Species Clause: Limit one of each Pok\u00e9mon\n|rule|HP Percentage Mod: HP is shown in percentages\n|rule|Sleep Clause Mod: Limit one foe put to sleep\n|rule|Illusion Level Mod: Illusion disguises the Pok\u00e9mon's true level\n|\n|t:|1782827224\n|teamsize|p1|6\n|teamsize|p2|6\n|start\n|switch|p1a: Crabominable|Crabominable, L90, F|321/321\n|switch|p2a: Rillaboom|Rillaboom, L79, F|288/288\n|-fieldstart|move: Grassy Terrain|[from] ability: Grassy Surge|[of] p2a: Rillaboom\n|turn|1\n|inactive|Battle timer is ON: inactive players will automatically lose when time's up. (requested by polite96rg)\n|inactive|polite96rg has 120 seconds left.\n|\n|t:|1782827257\n|move|p2a: Rillaboom|U-turn|p1a: Crabominable\n|-resisted|p1a: Crabominable\n|-damage|p1a: Crabominable|279/321\n|\n|t:|1782827264\n|switch|p2a: Swalot|Swalot, L90, M|326/326|[from] U-turn\n|move|p1a: Crabominable|Ice Hammer|p2a: Swalot\n|-damage|p2a: Swalot|53/326\n|-unboost|p1a: Crabominable|spe|1\n|\n|-heal|p2a: Swalot|73/326|[from] Grassy Terrain\n|-heal|p2a: Swalot|93/326|[from] item: Leftovers\n|-heal|p1a: Crabominable|299/321|[from] Grassy Terrain\n|upkeep\n|turn|2\n|\n|t:|1782827276\n|switch|p1a: Sandslash|Sandslash, L89, M|278/278\n|move|p2a: Swalot|Sludge Bomb|p1a: Sandslash\n|-resisted|p1a: Sandslash\n|-damage|p1a: Sandslash|217/278\n|\n|-heal|p1a: Sandslash|234/278|[from] Grassy Terrain\n|-heal|p1a: Sandslash|251/278|[from] item: Leftovers\n|-heal|p2a: Swalot|113/326|[from] Grassy Terrain\n|-heal|p2a: Swalot|133/326|[from] item: Leftovers\n|upkeep\n|turn|3\n|\n|t:|1782827292\n|switch|p2a: Rillaboom|Rillaboom, L79, F|288/288\n|move|p1a: Sandslash|Earthquake|p2a: Rillaboom\n|-resisted|p2a: Rillaboom\n|-damage|p2a: Rillaboom|256/288\n|\n|-heal|p2a: Rillaboom|274/288|[from] Grassy Terrain\n|-heal|p1a: Sandslash|268/278|[from] Grassy Terrain\n|-heal|p1a: Sandslash|278/278|[from] item: Leftovers\n|upkeep\n|turn|4\n|\n|t:|1782827301\n|switch|p1a: Ribombee|Ribombee, L83, M|235/235\n|move|p2a: Rillaboom|Wood Hammer|p1a: Ribombee\n|-resisted|p1a: Ribombee\n|-damage|p1a: Ribombee|59/235\n|-damage|p2a: Rillaboom|216/288|[from] Recoil\n|\n|-heal|p1a: Ribombee|73/235|[from] Grassy Terrain\n|-heal|p2a: Rillaboom|234/288|[from] Grassy Terrain\n|upkeep\n|turn|5\n|\n|t:|1782827311\n|move|p1a: Ribombee|Sticky Web|p2a: Rillaboom\n|-sidestart|p2: polite96rg|move: Sticky Web\n|move|p2a: Rillaboom|Wood Hammer|p1a: Ribombee\n|-resisted|p1a: Ribombee\n|-damage|p1a: Ribombee|0 fnt\n|faint|p1a: Ribombee\n|-damage|p2a: Rillaboom|210/288|[from] Recoil\n|\n|-heal|p2a: Rillaboom|228/288|[from] Grassy Terrain\n|-fieldend|move: Grassy Terrain\n|upkeep\n|\n|t:|1782827324\n|switch|p1a: Crabominable|Crabominable, L90, F|299/321\n|turn|6\n|inactive|polite96rg has 120 seconds left.\n|\n|t:|1782827357\n|switch|p2a: Swalot|Swalot, L90, M|133/326\n|-activate|p2a: Swalot|move: Sticky Web\n|-unboost|p2a: Swalot|spe|1\n|move|p1a: Crabominable|Ice Hammer|p2a: Swalot\n|-damage|p2a: Swalot|0 fnt\n|-unboost|p1a: Crabominable|spe|1\n|faint|p2a: Swalot\n|\n|upkeep\n|inactive|polite96rg has 120 seconds left.\n|\n|t:|1782827365\n|switch|p2a: Smeargle|Smeargle, L95, F|258/258\n|-activate|p2a: Smeargle|move: Sticky Web\n|-unboost|p2a: Smeargle|spe|1\n|turn|7\n|\n|t:|1782827372\n|move|p2a: Smeargle|Sticky Web|p1a: Crabominable\n|-sidestart|p1: iacidicowl|move: Sticky Web\n|move|p1a: Crabominable|Ice Hammer|p2a: Smeargle\n|-enditem|p2a: Smeargle|Focus Sash\n|-damage|p2a: Smeargle|1/258\n|-unboost|p1a: Crabominable|spe|1\n|\n|upkeep\n|turn|8\n|\n|t:|1782827380\n|switch|p1a: Ogerpon|Ogerpon-Wellspring, L76, F|247/247\n|-activate|p1a: Ogerpon|move: Sticky Web\n|-unboost|p1a: Ogerpon|spe|1\n|move|p2a: Smeargle|Spore|p1a: Ogerpon\n|-immune|p1a: Ogerpon\n|\n|upkeep\n|turn|9\n|\n|t:|1782827392\n|switch|p2a: Rillaboom|Rillaboom, L79, F|228/288\n|-activate|p2a: Rillaboom|move: Sticky Web\n|-unboost|p2a: Rillaboom|spe|1\n|-fieldstart|move: Grassy Terrain|[from] ability: Grassy Surge|[of] p2a: Rillaboom\n|move|p1a: Ogerpon|Wood Hammer|p2a: Rillaboom\n|-resisted|p2a: Rillaboom\n|-damage|p2a: Rillaboom|132/288\n|-damage|p1a: Ogerpon|215/247|[from] Recoil\n|\n|-heal|p1a: Ogerpon|230/247|[from] Grassy Terrain\n|-heal|p2a: Rillaboom|150/288|[from] Grassy Terrain\n|upkeep\n|turn|10\n|\n|t:|1782827413\n|move|p1a: Ogerpon|Wood Hammer|p2a: Rillaboom\n|-resisted|p2a: Rillaboom\n|-damage|p2a: Rillaboom|58/288\n|-damage|p1a: Ogerpon|200/247|[from] Recoil\n|move|p2a: Rillaboom|Wood Hammer|p1a: Ogerpon\n|-damage|p1a: Ogerpon|0 fnt\n|faint|p1a: Ogerpon\n|-damage|p2a: Rillaboom|0 fnt|[from] Recoil\n|faint|p2a: Rillaboom\n|\n|upkeep\n|\n|t:|1782827418\n|switch|p1a: Sandslash|Sandslash, L89, M|278/278\n|switch|p2a: Smeargle|Smeargle, L95, F|1/258\n|-activate|p2a: Smeargle|move: Sticky Web\n|-unboost|p2a: Smeargle|spe|1\n|-activate|p1a: Sandslash|move: Sticky Web\n|-unboost|p1a: Sandslash|spe|1\n|turn|11\n|\n|t:|1782827422\n|move|p2a: Smeargle|Spore|p1a: Sandslash\n|-status|p1a: Sandslash|slp|[from] move: Spore\n|cant|p1a: Sandslash|slp\n|\n|-heal|p2a: Smeargle|17/258|[from] Grassy Terrain\n|upkeep\n|turn|12\n|\n|t:|1782827428\n|cant|p1a: Sandslash|slp\n|move|p2a: Smeargle|Whirlwind|p1a: Sandslash\n|drag|p1a: Clefable|Clefable, L83, F|293/293\n|-activate|p1a: Clefable|move: Sticky Web\n|-unboost|p1a: Clefable|spe|1\n|\n|-heal|p2a: Smeargle|33/258|[from] Grassy Terrain\n|upkeep\n|turn|13\n|inactive|polite96rg has 120 seconds left.\n|\n|t:|1782827472\n|switch|p1a: Sandslash|Sandslash, L89, M|278/278 slp\n|-activate|p1a: Sandslash|move: Sticky Web\n|-unboost|p1a: Sandslash|spe|1\n|move|p2a: Smeargle|Ceaseless Edge|p1a: Sandslash\n|-damage|p1a: Sandslash|260/278 slp\n|-sidestart|p1: iacidicowl|Spikes\n|\n|-heal|p2a: Smeargle|49/258|[from] Grassy Terrain\n|-heal|p1a: Sandslash|277/278 slp|[from] Grassy Terrain\n|-heal|p1a: Sandslash|278/278 slp|[from] item: Leftovers\n|-fieldend|move: Grassy Terrain\n|upkeep\n|turn|14\n|\n|t:|1782827483\n|-curestatus|p1a: Sandslash|slp|[msg]\n|move|p1a: Sandslash|Rapid Spin|p2a: Smeargle\n|-damage|p2a: Smeargle|0 fnt\n|-boost|p1a: Sandslash|spe|1\n|-sideend|p1: iacidicowl|Spikes|[from] move: Rapid Spin|[of] p1a: Sandslash\n|-sideend|p1: iacidicowl|Sticky Web|[from] move: Rapid Spin|[of] p1a: Sandslash\n|faint|p2a: Smeargle\n|\n|upkeep\n|\n|t:|1782827489\n|switch|p2a: Eelektross|Eelektross, L87, F|290/290\n|turn|15\n|\n|t:|1782827504\n|move|p1a: Sandslash|Swords Dance|p1a: Sandslash\n|-boost|p1a: Sandslash|atk|2\n|move|p2a: Eelektross|Coil|p2a: Eelektross\n|-boost|p2a: Eelektross|atk|1\n|-boost|p2a: Eelektross|def|1\n|-boost|p2a: Eelektross|accuracy|1\n|\n|upkeep\n|turn|16\n|\n|t:|1782827509\n|move|p1a: Sandslash|Swords Dance|p1a: Sandslash\n|-boost|p1a: Sandslash|atk|2\n|move|p2a: Eelektross|Coil|p2a: Eelektross\n|-boost|p2a: Eelektross|atk|1\n|-boost|p2a: Eelektross|def|1\n|-boost|p2a: Eelektross|accuracy|1\n|\n|upkeep\n|turn|17\n|\n|t:|1782827523\n|move|p1a: Sandslash|Swords Dance|p1a: Sandslash\n|-boost|p1a: Sandslash|atk|2\n|move|p2a: Eelektross|Coil|p2a: Eelektross\n|-boost|p2a: Eelektross|atk|1\n|-boost|p2a: Eelektross|def|1\n|-boost|p2a: Eelektross|accuracy|1\n|\n|upkeep\n|turn|18\n|inactive|polite96rg has 120 seconds left.\n|\n|t:|1782827554\n|move|p1a: Sandslash|Stone Edge|p2a: Eelektross\n|-damage|p2a: Eelektross|166/290\n|move|p2a: Eelektross|Drain Punch|p1a: Sandslash\n|-damage|p1a: Sandslash|150/278\n|-heal|p2a: Eelektross|230/290|[from] drain|[of] p1a: Sandslash\n|\n|-heal|p1a: Sandslash|167/278|[from] item: Leftovers\n|-heal|p2a: Eelektross|248/290|[from] item: Leftovers\n|upkeep\n|turn|19\n|\n|t:|1782827563\n|move|p1a: Sandslash|Stone Edge|p2a: Eelektross\n|-crit|p2a: Eelektross\n|-damage|p2a: Eelektross|0 fnt\n|faint|p2a: Eelektross\n|\n|-heal|p1a: Sandslash|184/278|[from] item: Leftovers\n|upkeep\n|\n|t:|1782827570\n|switch|p2a: Chimecho|Chimecho, L93, M|290/290\n|turn|20\n|\n|t:|1782827579\n|-terastallize|p2a: Chimecho|Steel\n|move|p2a: Chimecho|Cosmic Power|p2a: Chimecho\n|-boost|p2a: Chimecho|def|1\n|-boost|p2a: Chimecho|spd|1\n|move|p1a: Sandslash|Stone Edge|p2a: Chimecho\n|-resisted|p2a: Chimecho\n|-damage|p2a: Chimecho|179/290\n|\n|-heal|p2a: Chimecho|197/290|[from] item: Leftovers\n|-heal|p1a: Sandslash|201/278|[from] item: Leftovers\n|upkeep\n|turn|21\n|\n|t:|1782827589\n|switch|p1a: Crabominable|Crabominable, L90, F|299/321\n|move|p2a: Chimecho|Cosmic Power|p2a: Chimecho\n|-boost|p2a: Chimecho|def|1\n|-boost|p2a: Chimecho|spd|1\n|\n|-heal|p2a: Chimecho|215/290|[from] item: Leftovers\n|upkeep\n|turn|22\n|\n|t:|1782827596\n|move|p2a: Chimecho|Cosmic Power|p2a: Chimecho\n|-boost|p2a: Chimecho|def|1\n|-boost|p2a: Chimecho|spd|1\n|move|p1a: Crabominable|Drain Punch|p2a: Chimecho\n|-supereffective|p2a: Chimecho\n|-damage|p2a: Chimecho|41/290\n|-heal|p1a: Crabominable|321/321|[from] drain|[of] p2a: Chimecho\n|\n|-heal|p2a: Chimecho|59/290|[from] item: Leftovers\n|upkeep\n|turn|23\n|\n|t:|1782827607\n|move|p2a: Chimecho|Stored Power|p1a: Crabominable\n|-supereffective|p1a: Crabominable\n|-crit|p1a: Crabominable\n|-damage|p1a: Crabominable|0 fnt\n|faint|p1a: Crabominable\n|\n|-heal|p2a: Chimecho|77/290|[from] item: Leftovers\n|upkeep\n|\n|t:|1782827615\n|switch|p1a: Electrode|Electrode, L92|260/260\n|turn|24\n|inactive|iacidicowl has 120 seconds left.\n|inactive|iacidicowl has 90 seconds left.\n|\n|t:|1782827703\n|move|p1a: Electrode|Taunt|p2a: Chimecho\n|-start|p2a: Chimecho|move: Taunt\n|cant|p2a: Chimecho|move: Taunt|Recover\n|\n|-heal|p2a: Chimecho|95/290|[from] item: Leftovers\n|upkeep\n|turn|25\n|\n|t:|1782827708\n|move|p1a: Electrode|Thunderbolt|p2a: Chimecho\n|-damage|p2a: Chimecho|52/290\n|-damage|p1a: Electrode|234/260|[from] item: Life Orb\n|move|p2a: Chimecho|Stored Power|p1a: Electrode\n|-damage|p1a: Electrode|60/260\n|\n|-heal|p2a: Chimecho|70/290|[from] item: Leftovers\n|upkeep\n|turn|26\n|\n|t:|1782827712\n|move|p1a: Electrode|Thunderbolt|p2a: Chimecho\n|-damage|p2a: Chimecho|23/290\n|-damage|p1a: Electrode|34/260|[from] item: Life Orb\n|move|p2a: Chimecho|Stored Power|p1a: Electrode\n|-damage|p1a: Electrode|0 fnt\n|faint|p1a: Electrode\n|\n|-heal|p2a: Chimecho|41/290|[from] item: Leftovers\n|-end|p2a: Chimecho|move: Taunt\n|upkeep\n|\n|t:|1782827718\n|switch|p1a: Clefable|Clefable, L83, F|293/293\n|turn|27\n|\n|t:|1782827722\n|-terastallize|p1a: Clefable|Steel\n|move|p2a: Chimecho|Recover|p2a: Chimecho\n|-heal|p2a: Chimecho|186/290\n|move|p1a: Clefable|Fire Blast|p2a: Chimecho\n|-supereffective|p2a: Chimecho\n|-damage|p2a: Chimecho|108/290\n|\n|-heal|p2a: Chimecho|126/290|[from] item: Leftovers\n|upkeep\n|turn|28\n|\n|t:|1782827732\n|move|p2a: Chimecho|Recover|p2a: Chimecho\n|-heal|p2a: Chimecho|271/290\n|move|p1a: Clefable|Fire Blast|p2a: Chimecho\n|-supereffective|p2a: Chimecho\n|-damage|p2a: Chimecho|196/290\n|\n|-heal|p2a: Chimecho|214/290|[from] item: Leftovers\n|upkeep\n|turn|29\n|\n|t:|1782827737\n|move|p2a: Chimecho|Cosmic Power|p2a: Chimecho\n|-boost|p2a: Chimecho|def|1\n|-boost|p2a: Chimecho|spd|1\n|move|p1a: Clefable|Fire Blast|p2a: Chimecho\n|-supereffective|p2a: Chimecho\n|-damage|p2a: Chimecho|154/290\n|\n|-heal|p2a: Chimecho|172/290|[from] item: Leftovers\n|upkeep\n|turn|30\n|\n|t:|1782827740\n|move|p2a: Chimecho|Cosmic Power|p2a: Chimecho\n|-boost|p2a: Chimecho|def|1\n|-boost|p2a: Chimecho|spd|1\n|move|p1a: Clefable|Fire Blast|p2a: Chimecho\n|-supereffective|p2a: Chimecho\n|-damage|p2a: Chimecho|120/290\n|-status|p2a: Chimecho|brn\n|\n|-heal|p2a: Chimecho|138/290 brn|[from] item: Leftovers\n|-damage|p2a: Chimecho|120/290 brn|[from] brn\n|upkeep\n|turn|31\n|\n|t:|1782827744\n|move|p2a: Chimecho|Recover|p2a: Chimecho\n|-heal|p2a: Chimecho|265/290 brn\n|move|p1a: Clefable|Fire Blast|p2a: Chimecho\n|-supereffective|p2a: Chimecho\n|-damage|p2a: Chimecho|208/290 brn\n|\n|-heal|p2a: Chimecho|226/290 brn|[from] item: Leftovers\n|-damage|p2a: Chimecho|208/290 brn|[from] brn\n|upkeep\n|turn|32\n|\n|t:|1782827748\n|move|p2a: Chimecho|Cosmic Power|p2a: Chimecho\n|-boost|p2a: Chimecho|def|1\n|-boost|p2a: Chimecho|spd|1\n|move|p1a: Clefable|Knock Off|p2a: Chimecho\n|-damage|p2a: Chimecho|190/290 brn\n|-enditem|p2a: Chimecho|Leftovers|[from] move: Knock Off|[of] p1a: Clefable\n|\n|-damage|p2a: Chimecho|172/290 brn|[from] brn\n|upkeep\n|turn|33\n|\n|t:|1782827751\n|move|p2a: Chimecho|Stored Power|p1a: Clefable\n|-resisted|p1a: Clefable\n|-damage|p1a: Clefable|135/293\n|move|p1a: Clefable|Fire Blast|p2a: Chimecho\n|-supereffective|p2a: Chimecho\n|-damage|p2a: Chimecho|128/290 brn\n|\n|-damage|p2a: Chimecho|110/290 brn|[from] brn\n|upkeep\n|turn|34\n|\n|t:|1782827758\n|move|p2a: Chimecho|Stored Power|p1a: Clefable\n|-resisted|p1a: Clefable\n|-damage|p1a: Clefable|0 fnt\n|faint|p1a: Clefable\n|\n|-damage|p2a: Chimecho|92/290 brn|[from] brn\n|upkeep\n|\n|t:|1782827762\n|switch|p1a: Sandslash|Sandslash, L89, M|201/278\n|turn|35\n|\n|t:|1782827764\n|move|p2a: Chimecho|Stored Power|p1a: Sandslash\n|-damage|p1a: Sandslash|0 fnt\n|faint|p1a: Sandslash\n|\n|win|polite96rg\n", "inputlog": ">version f8ac14003a5f27e1bdc8d8c59608a773c1cb96e5\n>start {\"formatid\":\"gen9randombattle\",\"seed\":\"sodium,eb90f618c602cce9a3fe36419183df6a\",\"rated\":\"Rated battle\"}\n>player p1 {\"name\":\"iacidicowl\",\"avatar\":\"dahlia\",\"rating\":2120,\"seed\":\"sodium,aec57c1dcfcf4952546bfd024b7acc38\"}\n>player p2 {\"name\":\"polite96rg\",\"avatar\":\"1\",\"rating\":2230,\"seed\":\"sodium,113d5431571bcb66ea22e20f34f4d50d\"}\n>p1 move icehammer\n>p2 move uturn\n>p2 switch 5\n>p1 switch 4\n>p2 move sludgebomb\n>p1 move earthquake\n>p2 switch 5\n>p1 switch 6\n>p2 move woodhammer\n>p1 move stickyweb\n>p2 move woodhammer\n>p1 switch 4\n>p1 move icehammer\n>p2 switch 5\n>p2 switch 6\n>p1 move icehammer\n>p2 move stickyweb\n>p1 switch 2\n>p2 move spore\n>p1 move woodhammer\n>p2 switch 5\n>p1 move woodhammer\n>p2 move woodhammer\n>p1 switch 6\n>p2 switch 5\n>p1 move rapidspin\n>p2 move spore\n>p1 move rapidspin\n>p2 move whirlwind\n>p1 switch 3\n>p2 move ceaselessedge\n>p1 move rapidspin\n>p2 move whirlwind\n>p2 switch 2\n>p1 move swordsdance\n>p2 move coil\n>p1 move swordsdance\n>p2 move coil\n>p1 move swordsdance\n>p2 move coil\n>p1 move stoneedge\n>p2 move drainpunch\n>p1 move stoneedge\n>p2 move drainpunch\n>p2 switch 4\n>p1 move stoneedge\n>p2 move cosmicpower terastallize\n>p1 switch 2\n>p2 move cosmicpower\n>p1 move drainpunch\n>p2 move cosmicpower\n>p1 move drainpunch\n>p2 move storedpower\n>p1 switch 5\n>p1 move taunt\n>p2 move recover\n>p1 move thunderbolt\n>p2 move storedpower\n>p1 move thunderbolt\n>p2 move storedpower\n>p1 switch 3\n>p1 move fireblast terastallize\n>p2 move recover\n>p1 move fireblast\n>p2 move recover\n>p1 move fireblast\n>p2 move cosmicpower\n>p1 move fireblast\n>p2 move cosmicpower\n>p1 move fireblast\n>p2 move recover\n>p1 move knockoff\n>p2 move cosmicpower\n>p1 move fireblast\n>p2 move storedpower\n>p1 move fireblast\n>p2 move storedpower\n>p1 switch 2\n>p1 move rapidspin\n>p2 move storedpower", "uploadtime": 1782827226, "views": 10, "formatid": "gen9randombattle", "rating": null, "private": 0, "password": null, "player_dets": [{"name": "iacidicowl", "avatar": "dahlia", "rating": 2120, "seed": "sodium,aec57c1dcfcf4952546bfd024b7acc38"}, {"name": "polite96rg", "avatar": "1", "rating": 2230, "seed": "sodium,113d5431571bcb66ea22e20f34f4d50d"}], "teams_full": [{"Crabominable": {"name": "Crabominable", "species": "Crabominable", "speciesId": "crabominable", "gender": "F", "shiny": false, "level": 90, "moves": ["drainpunch", "gunkshot", "icehammer", "earthquake"], "ability": "Iron Fist", "evs": {"hp": 85, "atk": 85, "def": 85, "spa": 85, "spd": 85, "spe": 85}, "ivs": {"hp": 31, "atk": 31, "def": 31, "spa": 31, "spd": 31, "spe": 31}, "item": "Choice Band", "teraType": "Fighting", "role": "Wallbreaker", "bvs": {"hp": 97, "atk": 132, "def": 77, "spa": 62, "spd": 67, "spe": 43}, "stats": {"hp": 321, "atk": 289, "def": 190, "spa": 163, "spd": 172, "spe": 129}, "types": ["Fighting", "Ice"]}, "Ogerpon": {"name": "Ogerpon", "species": "Ogerpon-Wellspring", "speciesId": "ogerponwellspring", "gender": "F", "shiny": false, "level": 76, "moves": ["synthesis", "ivycudgel", "woodhammer", "encore"], "ability": "Water Absorb", "evs": {"hp": 85, "atk": 85, "def": 85, "spa": 85, "spd": 85, "spe": 85}, "ivs": {"hp": 31, "atk": 31, "def": 31, "spa": 31, "spd": 31, "spe": 31}, "item": "Wellspring Mask", "teraType": "Water", "role": "Bulky Attacker", "bvs": {"hp": 80, "atk": 120, "def": 84, "spa": 60, "spd": 96, "spe": 110}, "stats": {"hp": 247, "atk": 226, "def": 172, "spa": 135, "spd": 190, "spe": 211}, "types": ["Grass", "Water"]}, "Clefable": {"name": "Clefable", "species": "Clefable", "speciesId": "clefable", "gender": "F", "shiny": false, "level": 83, "moves": ["knockoff", "fireblast", "moonlight", "moonblast"], "ability": "Magic Guard", "evs": {"hp": 85, "atk": 85, "def": 85, "spa": 85, "spd": 85, "spe": 85}, "ivs": {"hp": 31, "atk": 31, "def": 31, "spa": 31, "spd": 31, "spe": 31}, "item": "Life Orb", "teraType": "Steel", "role": "Bulky Support", "bvs": {"hp": 95, "atk": 70, "def": 73, "spa": 95, "spd": 90, "spe": 60}, "stats": {"hp": 293, "atk": 164, "def": 169, "spa": 205, "spd": 197, "spe": 147}, "types": ["Fairy"]}, "Sandslash": {"name": "Sandslash", "species": "Sandslash", "speciesId": "sandslash", "gender": "M", "shiny": false, "level": 89, "moves": ["swordsdance", "earthquake", "rapidspin", "stoneedge"], "ability": "Sand Rush", "evs": {"hp": 85, "atk": 85, "def": 85, "spa": 85, "spd": 85, "spe": 85}, "ivs": {"hp": 31, "atk": 31, "def": 31, "spa": 31, "spd": 31, "spe": 31}, "item": "Leftovers", "teraType": "Steel", "role": "Bulky Support", "bvs": {"hp": 75, "atk": 100, "def": 110, "spa": 45, "spd": 55, "spe": 65}, "stats": {"hp": 278, "atk": 229, "def": 247, "spa": 131, "spd": 149, "spe": 166}, "types": ["Ground"]}, "Electrode": {"name": "Electrode", "species": "Electrode", "speciesId": "electrode", "gender": "N", "shiny": false, "level": 92, "moves": ["taunt", "terablast", "voltswitch", "thunderbolt"], "ability": "Soundproof", "evs": {"hp": 85, "atk": 0, "def": 85, "spa": 85, "spd": 85, "spe": 85}, "ivs": {"hp": 31, "atk": 0, "def": 31, "spa": 31, "spd": 31, "spe": 31}, "item": "Life Orb", "teraType": "Ice", "role": "Tera Blast user", "bvs": {"hp": 60, "atk": 50, "def": 70, "spa": 80, "spd": 80, "spe": 150}, "stats": {"hp": 260, "atk": 97, "def": 181, "spa": 200, "spd": 200, "spe": 328}, "types": ["Electric"]}, "Ribombee": {"name": "Ribombee", "species": "Ribombee", "speciesId": "ribombee", "gender": "M", "shiny": false, "level": 83, "moves": ["uturn", "moonblast", "stickyweb", "bugbuzz"], "ability": "Shield Dust", "evs": {"hp": 85, "atk": 85, "def": 85, "spa": 85, "spd": 85, "spe": 85}, "ivs": {"hp": 31, "atk": 31, "def": 31, "spa": 31, "spd": 31, "spe": 31}, "item": "Heavy-Duty Boots", "teraType": "Ghost", "role": "Fast Support", "bvs": {"hp": 60, "atk": 55, "def": 60, "spa": 95, "spd": 70, "spe": 124}, "stats": {"hp": 235, "atk": 139, "def": 147, "spa": 205, "spd": 164, "spe": 254}, "types": ["Bug", "Fairy"]}}, {"Rillaboom": {"name": "Rillaboom", "species": "Rillaboom", "speciesId": "rillaboom", "gender": "F", "shiny": false, "level": 79, "moves": ["woodhammer", "grassyglide", "highhorsepower", "uturn"], "ability": "Grassy Surge", "evs": {"hp": 85, "atk": 85, "def": 85, "spa": 85, "spd": 85, "spe": 85}, "ivs": {"hp": 31, "atk": 31, "def": 31, "spa": 31, "spd": 31, "spe": 31}, "item": "Choice Band", "teraType": "Grass", "role": "Fast Attacker", "bvs": {"hp": 100, "atk": 125, "def": 90, "spa": 60, "spd": 70, "spe": 85}, "stats": {"hp": 288, "atk": 243, "def": 188, "spa": 140, "spd": 156, "spe": 180}, "types": ["Grass"]}, "Eelektross": {"name": "Eelektross", "species": "Eelektross", "speciesId": "eelektross", "gender": "F", "shiny": false, "level": 87, "moves": ["supercellslam", "knockoff", "drainpunch", "coil"], "ability": "Levitate", "evs": {"hp": 85, "atk": 85, "def": 85, "spa": 85, "spd": 85, "spe": 85}, "ivs": {"hp": 31, "atk": 31, "def": 31, "spa": 31, "spd": 31, "spe": 31}, "item": "Leftovers", "teraType": "Fighting", "role": "Bulky Setup", "bvs": {"hp": 85, "atk": 115, "def": 80, "spa": 105, "spd": 80, "spe": 50}, "stats": {"hp": 290, "atk": 250, "def": 189, "spa": 232, "spd": 189, "spe": 137}, "types": ["Electric"]}, "Raikou": {"name": "Raikou", "species": "Raikou", "speciesId": "raikou", "gender": "N", "shiny": false, "level": 81, "moves": ["scald", "calmmind", "substitute", "thunderbolt"], "ability": "Pressure", "evs": {"hp": 85, "atk": 0, "def": 85, "spa": 85, "spd": 85, "spe": 85}, "ivs": {"hp": 31, "atk": 0, "def": 31, "spa": 31, "spd": 31, "spe": 31}, "item": "Leftovers", "teraType": "Water", "role": "Bulky Setup", "bvs": {"hp": 90, "atk": 85, "def": 75, "spa": 115, "spd": 100, "spe": 115}, "stats": {"hp": 278, "atk": 142, "def": 168, "spa": 233, "spd": 209, "spe": 233}, "types": ["Electric"]}, "Chimecho": {"name": "Chimecho", "species": "Chimecho", "speciesId": "chimecho", "gender": "M", "shiny": false, "level": 93, "moves": ["cosmicpower", "storedpower", "recover", "dazzlinggleam"], "ability": "Levitate", "evs": {"hp": 85, "atk": 0, "def": 85, "spa": 85, "spd": 85, "spe": 85}, "ivs": {"hp": 31, "atk": 0, "def": 31, "spa": 31, "spd": 31, "spe": 31}, "item": "Leftovers", "teraType": "Steel", "role": "Bulky Attacker", "bvs": {"hp": 75, "atk": 50, "def": 80, "spa": 95, "spd": 90, "spe": 65}, "stats": {"hp": 290, "atk": 98, "def": 202, "spa": 230, "spd": 220, "spe": 174}, "types": ["Psychic"]}, "Swalot": {"name": "Swalot", "species": "Swalot", "speciesId": "swalot", "gender": "M", "shiny": false, "level": 90, "moves": ["knockoff", "earthquake", "sludgebomb", "thunderwave"], "ability": "Liquid Ooze", "evs": {"hp": 85, "atk": 85, "def": 85, "spa": 85, "spd": 85, "spe": 85}, "ivs": {"hp": 31, "atk": 31, "def": 31, "spa": 31, "spd": 31, "spe": 31}, "item": "Leftovers", "teraType": "Dark", "role": "Bulky Attacker", "bvs": {"hp": 100, "atk": 73, "def": 83, "spa": 73, "spd": 83, "spe": 55}, "stats": {"hp": 326, "atk": 183, "def": 201, "spa": 183, "spd": 201, "spe": 150}, "types": ["Poison"]}, "Smeargle": {"name": "Smeargle", "species": "Smeargle", "speciesId": "smeargle", "gender": "F", "shiny": false, "level": 95, "moves": ["stickyweb", "whirlwind", "ceaselessedge", "spore"], "ability": "Own Tempo", "evs": {"hp": 85, "atk": 85, "def": 85, "spa": 85, "spd": 85, "spe": 85}, "ivs": {"hp": 31, "atk": 31, "def": 31, "spa": 31, "spd": 31, "spe": 31}, "item": "Focus Sash", "teraType": "Ghost", "role": "Fast Support", "bvs": {"hp": 55, "atk": 20, "def": 35, "spa": 20, "spd": 45, "spe": 75}, "stats": {"hp": 258, "atk": 92, "def": 120, "spa": 92, "spd": 139, "spe": 196}, "types": ["Normal"]}}]}