{"id": "gen9randombattle-2641411571", "format": "[Gen 9] Random Battle", "players": ["Mikaza192yu", "charmandercooper20"], "log": "|j|\u2606Mikaza192yu\n|j|\u2606charmandercooper20\n|t:|1782780773\n|gametype|singles\n|player|p1|Mikaza192yu|1|1143\n|player|p2|charmandercooper20|1|1164\n|gen|9\n|tier|[Gen 9] Random Battle\n|rated|\n|rule|Species Clause: Limit one of each Pok\u00e9mon\n|rule|HP Percentage Mod: HP is shown in percentages\n|rule|Sleep Clause Mod: Limit one foe put to sleep\n|rule|Illusion Level Mod: Illusion disguises the Pok\u00e9mon's true level\n|\n|t:|1782780773\n|teamsize|p1|6\n|teamsize|p2|6\n|start\n|switch|p1a: Torkoal|Torkoal, L88, F|266/266\n|switch|p2a: Mesprit|Mesprit, L85|275/275\n|-weather|SunnyDay|[from] ability: Drought|[of] p1a: Torkoal\n|turn|1\n|\n|t:|1782780785\n|move|p2a: Mesprit|Thunder Wave|p1a: Torkoal\n|-status|p1a: Torkoal|par\n|cant|p1a: Torkoal|par\n|\n|-weather|SunnyDay|[upkeep]\n|upkeep\n|turn|2\n|\n|t:|1782780790\n|move|p2a: Mesprit|Stealth Rock|p1a: Torkoal\n|-sidestart|p1: Mikaza192yu|move: Stealth Rock\n|move|p1a: Torkoal|Stealth Rock|p2a: Mesprit\n|-sidestart|p2: charmandercooper20|move: Stealth Rock\n|\n|-weather|SunnyDay|[upkeep]\n|upkeep\n|turn|3\n|\n|t:|1782780803\n|move|p2a: Mesprit|U-turn|p1a: Torkoal\n|-resisted|p1a: Torkoal\n|-damage|p1a: Torkoal|249/266 par\n|\n|t:|1782780806\n|switch|p2a: Ninetales|Ninetales, L85, F|263/263|[from] U-turn\n|move|p1a: Torkoal|Fire Blast|p2a: Ninetales\n|-resisted|p2a: Ninetales\n|-damage|p2a: Ninetales|188/263\n|\n|-weather|SunnyDay|[upkeep]\n|upkeep\n|turn|4\n|\n|t:|1782780813\n|move|p2a: Ninetales|Nasty Plot|p2a: Ninetales\n|-boost|p2a: Ninetales|spa|2\n|move|p1a: Torkoal|Earthquake|p2a: Ninetales\n|-supereffective|p2a: Ninetales\n|-damage|p2a: Ninetales|16/263\n|\n|-weather|SunnyDay|[upkeep]\n|upkeep\n|turn|5\n|\n|t:|1782780820\n|move|p2a: Ninetales|Scorching Sands|p1a: Torkoal\n|-supereffective|p1a: Torkoal\n|-damage|p1a: Torkoal|43/266 par\n|move|p1a: Torkoal|Solar Beam||[still]\n|-prepare|p1a: Torkoal|Solar Beam\n|-anim|p1a: Torkoal|Solar Beam|p2a: Ninetales\n|-resisted|p2a: Ninetales\n|-damage|p2a: Ninetales|0 fnt\n|faint|p2a: Ninetales\n|\n|-weather|none\n|upkeep\n|\n|t:|1782780832\n|switch|p2a: Blastoise|Blastoise, L80, M|258/258\n|-damage|p2a: Blastoise|226/258|[from] Stealth Rock\n|turn|6\n|\n|t:|1782780857\n|switch|p1a: Rabsca|Rabsca, L91, F|284/284\n|move|p2a: Blastoise|Shell Smash|p2a: Blastoise\n|-unboost|p2a: Blastoise|def|1\n|-unboost|p2a: Blastoise|spd|1\n|-boost|p2a: Blastoise|atk|2\n|-boost|p2a: Blastoise|spa|2\n|-boost|p2a: Blastoise|spe|2\n|-enditem|p2a: Blastoise|White Herb\n|-clearnegativeboost|p2a: Blastoise|[silent]\n|\n|upkeep\n|turn|7\n|\n|t:|1782780879\n|-terastallize|p2a: Blastoise|Steel\n|move|p2a: Blastoise|Hydro Pump|p1a: Rabsca\n|-damage|p1a: Rabsca|127/284\n|move|p1a: Rabsca|Trick Room|p1a: Rabsca\n|-fieldstart|move: Trick Room|[of] p1a: Rabsca\n|\n|upkeep\n|turn|8\n|\n|t:|1782780887\n|switch|p1a: Torkoal|Torkoal, L88, F|43/266 par\n|-weather|SunnyDay|[from] ability: Drought|[of] p1a: Torkoal\n|move|p2a: Blastoise|Hydro Pump|p1a: Torkoal\n|-supereffective|p1a: Torkoal\n|-damage|p1a: Torkoal|0 fnt\n|faint|p1a: Torkoal\n|\n|-weather|SunnyDay|[upkeep]\n|upkeep\n|\n|t:|1782780891\n|switch|p1a: Ogerpon|Ogerpon-Hearthflame, L74, F|239/239\n|-damage|p1a: Ogerpon|180/239|[from] Stealth Rock\n|-ability|p1a: Ogerpon|Mold Breaker\n|turn|9\n|\n|t:|1782780896\n|move|p1a: Ogerpon|Ivy Cudgel|p2a: Blastoise|[anim] Ivy Cudgel Fire\n|-supereffective|p2a: Blastoise\n|-crit|p2a: Blastoise\n|-damage|p2a: Blastoise|0 fnt\n|faint|p2a: Blastoise\n|\n|-weather|SunnyDay|[upkeep]\n|upkeep\n|\n|t:|1782780906\n|switch|p2a: Goodra|Goodra-Hisui, L82, F|265/265\n|-damage|p2a: Goodra|249/265|[from] Stealth Rock\n|turn|10\n|\n|t:|1782780909\n|move|p2a: Goodra|Earthquake|p1a: Ogerpon\n|-damage|p1a: Ogerpon|93/239\n|move|p1a: Ogerpon|Ivy Cudgel|p2a: Goodra|[anim] Ivy Cudgel Fire\n|-damage|p2a: Goodra|95/265\n|\n|-weather|SunnyDay|[upkeep]\n|upkeep\n|turn|11\n|\n|t:|1782780916\n|move|p2a: Goodra|Fire Blast|p1a: Ogerpon\n|-damage|p1a: Ogerpon|0 fnt\n|faint|p1a: Ogerpon\n|\n|-weather|SunnyDay|[upkeep]\n|-fieldend|move: Trick Room\n|upkeep\n|\n|t:|1782780924\n|switch|p1a: Regigigas|Regigigas, L84|322/322\n|-damage|p1a: Regigigas|282/322|[from] Stealth Rock\n|-start|p1a: Regigigas|ability: Slow Start\n|turn|12\n|\n|t:|1782780930\n|move|p2a: Goodra|Fire Blast|p1a: Regigigas\n|-damage|p1a: Regigigas|179/322\n|move|p1a: Regigigas|Knock Off|p2a: Goodra\n|-damage|p2a: Goodra|51/265\n|-enditem|p2a: Goodra|Assault Vest|[from] move: Knock Off|[of] p1a: Regigigas\n|\n|-weather|none\n|-heal|p1a: Regigigas|199/322|[from] item: Leftovers\n|upkeep\n|turn|13\n|\n|t:|1782780946\n|move|p2a: Goodra|Draco Meteor|p1a: Regigigas\n|-damage|p1a: Regigigas|69/322\n|-unboost|p2a: Goodra|spa|2\n|move|p1a: Regigigas|Body Slam|p2a: Goodra\n|-resisted|p2a: Goodra\n|-crit|p2a: Goodra\n|-damage|p2a: Goodra|2/265\n|-status|p2a: Goodra|par\n|\n|-heal|p1a: Regigigas|89/322|[from] item: Leftovers\n|upkeep\n|turn|14\n|\n|t:|1782780954\n|move|p1a: Regigigas|Rest|p1a: Regigigas\n|-status|p1a: Regigigas|slp|[from] move: Rest\n|-heal|p1a: Regigigas|322/322 slp|[silent]\n|cant|p2a: Goodra|par\n|\n|upkeep\n|turn|15\n|\n|t:|1782780960\n|cant|p1a: Regigigas|slp\n|move|p1a: Regigigas|Sleep Talk|p1a: Regigigas\n|move|p1a: Regigigas|Rest||[from] move: Sleep Talk|[still]\n|-fail|p1a: Regigigas\n|move|p2a: Goodra|Fire Blast|p1a: Regigigas\n|-damage|p1a: Regigigas|288/322 slp\n|\n|-heal|p1a: Regigigas|308/322 slp|[from] item: Leftovers\n|upkeep\n|turn|16\n|\n|t:|1782780968\n|cant|p1a: Regigigas|slp\n|move|p1a: Regigigas|Sleep Talk|p1a: Regigigas\n|move|p1a: Regigigas|Knock Off|p2a: Goodra|[from] move: Sleep Talk\n|-damage|p2a: Goodra|0 fnt\n|faint|p2a: Goodra\n|\n|-heal|p1a: Regigigas|322/322 slp|[from] item: Leftovers\n|-end|p1a: Regigigas|Slow Start\n|upkeep\n|\n|t:|1782780976\n|switch|p2a: Oricorio|Oricorio-Pa'u, L87, M|272/272\n|turn|17\n|\n|t:|1782780980\n|-curestatus|p1a: Regigigas|slp|[msg]\n|move|p1a: Regigigas|Sleep Talk||[still]\n|-fail|p1a: Regigigas\n|move|p2a: Oricorio|Quiver Dance|p2a: Oricorio\n|-boost|p2a: Oricorio|spa|1\n|-boost|p2a: Oricorio|spd|1\n|-boost|p2a: Oricorio|spe|1\n|\n|upkeep\n|turn|18\n|\n|t:|1782780993\n|move|p2a: Oricorio|Hurricane|p1a: Regigigas\n|-damage|p1a: Regigigas|174/322\n|-start|p1a: Regigigas|confusion\n|-activate|p1a: Regigigas|confusion\n|move|p1a: Regigigas|Knock Off|p2a: Oricorio\n|-supereffective|p2a: Oricorio\n|-damage|p2a: Oricorio|34/272\n|-enditem|p2a: Oricorio|Heavy-Duty Boots|[from] move: Knock Off|[of] p1a: Regigigas\n|\n|-heal|p1a: Regigigas|194/322|[from] item: Leftovers\n|upkeep\n|turn|19\n|\n|t:|1782781014\n|switch|p1a: Rabsca|Rabsca, L91, F|127/284\n|move|p2a: Oricorio|Revelation Dance|p1a: Rabsca\n|-resisted|p1a: Rabsca\n|-damage|p1a: Rabsca|67/284\n|\n|upkeep\n|turn|20\n|\n|t:|1782781021\n|move|p2a: Oricorio|Hurricane|p1a: Rabsca|[miss]\n|-miss|p2a: Oricorio|p1a: Rabsca\n|move|p1a: Rabsca|Revival Blessing|p1a: Rabsca\n|\n|t:|1782781031\n|-heal|p1: Ogerpon|119/239|[from] move: Revival Blessing\n|\n|upkeep\n|turn|21\n|\n|t:|1782781036\n|move|p2a: Oricorio|Hurricane|p1a: Rabsca\n|-supereffective|p1a: Rabsca\n|-damage|p1a: Rabsca|0 fnt\n|faint|p1a: Rabsca\n|\n|upkeep\n|\n|t:|1782781043\n|switch|p1a: Dragapult|Dragapult, L77, M|262/262\n|turn|22\n|\n|t:|1782781048\n|move|p2a: Oricorio|Revelation Dance|p1a: Dragapult\n|-damage|p1a: Dragapult|67/262\n|move|p1a: Dragapult|Dragon Darts|p2a: Oricorio\n|-damage|p2a: Oricorio|0 fnt\n|faint|p2a: Oricorio\n|\n|upkeep\n|\n|t:|1782781058\n|switch|p2a: Mesprit|Mesprit, L85|275/275\n|-damage|p2a: Mesprit|241/275|[from] Stealth Rock\n|turn|23\n|\n|t:|1782781061\n|move|p1a: Dragapult|Hex|p2a: Mesprit\n|-supereffective|p2a: Mesprit\n|-damage|p2a: Mesprit|137/275\n|move|p2a: Mesprit|Psychic Noise|p1a: Dragapult\n|-damage|p1a: Dragapult|0 fnt\n|faint|p1a: Dragapult\n|\n|-heal|p2a: Mesprit|154/275|[from] item: Leftovers\n|upkeep\n|\n|t:|1782781064\n|switch|p1a: Regigigas|Regigigas, L84|194/322\n|-damage|p1a: Regigigas|154/322|[from] Stealth Rock\n|-start|p1a: Regigigas|ability: Slow Start\n|turn|24\n|\n|t:|1782781068\n|move|p2a: Mesprit|Thunder Wave|p1a: Regigigas\n|-status|p1a: Regigigas|par\n|move|p1a: Regigigas|Knock Off|p2a: Mesprit\n|-supereffective|p2a: Mesprit\n|-damage|p2a: Mesprit|66/275\n|-enditem|p2a: Mesprit|Leftovers|[from] move: Knock Off|[of] p1a: Regigigas\n|\n|-heal|p1a: Regigigas|174/322 par|[from] item: Leftovers\n|upkeep\n|turn|25\n|\n|t:|1782781075\n|move|p2a: Mesprit|U-turn|p1a: Regigigas\n|-damage|p1a: Regigigas|123/322 par\n|\n|t:|1782781077\n|switch|p2a: Arceus|Arceus-Electric, L70|284/284|[from] U-turn\n|-damage|p2a: Arceus|249/284|[from] Stealth Rock\n|move|p1a: Regigigas|Body Slam|p2a: Arceus\n|-damage|p2a: Arceus|191/284\n|\n|-heal|p1a: Regigigas|143/322 par|[from] item: Leftovers\n|upkeep\n|turn|26\n|\n|t:|1782781085\n|move|p2a: Arceus|Calm Mind|p2a: Arceus\n|-boost|p2a: Arceus|spa|1\n|-boost|p2a: Arceus|spd|1\n|move|p1a: Regigigas|Rest|p1a: Regigigas\n|-status|p1a: Regigigas|slp|[from] move: Rest\n|-heal|p1a: Regigigas|322/322 slp|[silent]\n|\n|upkeep\n|turn|27\n|\n|t:|1782781092\n|move|p2a: Arceus|Judgment|p1a: Regigigas\n|-damage|p1a: Regigigas|184/322 slp\n|cant|p1a: Regigigas|slp\n|move|p1a: Regigigas|Sleep Talk|p1a: Regigigas\n|move|p1a: Regigigas|Knock Off|p2a: Arceus|[from] move: Sleep Talk\n|-damage|p2a: Arceus|159/284\n|\n|-heal|p1a: Regigigas|204/322 slp|[from] item: Leftovers\n|upkeep\n|turn|28\n|\n|t:|1782781101\n|move|p2a: Arceus|Calm Mind|p2a: Arceus\n|-boost|p2a: Arceus|spa|1\n|-boost|p2a: Arceus|spd|1\n|cant|p1a: Regigigas|slp\n|move|p1a: Regigigas|Sleep Talk|p1a: Regigigas\n|move|p1a: Regigigas|Body Slam|p2a: Arceus|[from] move: Sleep Talk\n|-damage|p2a: Arceus|99/284\n|\n|-heal|p1a: Regigigas|224/322 slp|[from] item: Leftovers\n|-end|p1a: Regigigas|Slow Start\n|upkeep\n|turn|29\n|\n|t:|1782781110\n|-curestatus|p1a: Regigigas|slp|[msg]\n|move|p1a: Regigigas|Sleep Talk||[still]\n|-fail|p1a: Regigigas\n|move|p2a: Arceus|Recover|p2a: Arceus\n|-heal|p2a: Arceus|241/284\n|\n|-heal|p1a: Regigigas|244/322|[from] item: Leftovers\n|upkeep\n|turn|30\n|\n|t:|1782781121\n|move|p1a: Regigigas|Body Slam|p2a: Arceus\n|-damage|p2a: Arceus|103/284\n|move|p2a: Arceus|Judgment|p1a: Regigigas\n|-damage|p1a: Regigigas|63/322\n|\n|-heal|p1a: Regigigas|83/322|[from] item: Leftovers\n|upkeep\n|turn|31\n|\n|t:|1782781129\n|move|p1a: Regigigas|Body Slam|p2a: Arceus\n|-damage|p2a: Arceus|0 fnt\n|faint|p2a: Arceus\n|\n|-heal|p1a: Regigigas|103/322|[from] item: Leftovers\n|upkeep\n|\n|t:|1782781132\n|switch|p2a: Mesprit|Mesprit, L85|66/275\n|-damage|p2a: Mesprit|32/275|[from] Stealth Rock\n|turn|32\n|\n|t:|1782781135\n|move|p1a: Regigigas|Body Slam|p2a: Mesprit\n|-crit|p2a: Mesprit\n|-damage|p2a: Mesprit|0 fnt\n|faint|p2a: Mesprit\n|\n|win|Mikaza192yu\n|raw|Mikaza192yu's rating: 1143 &rarr; <strong>1170</strong><br />(+27 for winning)\n|raw|charmandercooper20's rating: 1164 &rarr; <strong>1137</strong><br />(-27 for losing)\n", "inputlog": ">version f8ac14003a5f27e1bdc8d8c59608a773c1cb96e5\n>start {\"formatid\":\"gen9randombattle\",\"seed\":\"sodium,3f2aa2039eb679b40abe3d36c9608d04\",\"rated\":\"Rated battle\"}\n>player p1 {\"name\":\"Mikaza192yu\",\"avatar\":\"1\",\"rating\":1143,\"seed\":\"sodium,50e3bdfe487226fdec1c0ce53ab882d8\"}\n>player p2 {\"name\":\"charmandercooper20\",\"avatar\":\"1\",\"rating\":1164,\"seed\":\"sodium,385a5a740fc094e50c9c9ecc5e437af7\"}\n>p1 move stealthrock\n>p2 move thunderwave\n>p1 move stealthrock\n>p2 move stealthrock\n>p1 move fireblast\n>p2 move uturn\n>p2 switch 3\n>p1 move earthquake\n>p2 move nastyplot\n>p1 move solarbeam\n>p2 move scorchingsands\n>p2 switch 4\n>p1 switch 4\n>p2 move shellsmash\n>p1 move trickroom\n>p2 move hydropump terastallize\n>p1 switch 4\n>p2 move hydropump\n>p1 switch 6\n>p1 move ivycudgel\n>p2 move earthquake\n>p2 switch 5\n>p1 move ivycudgel\n>p2 move earthquake\n>p1 move ivycudgel\n>p2 move fireblast\n>p1 switch 2\n>p1 move knockoff\n>p2 move fireblast\n>p1 move bodyslam\n>p2 move dracometeor\n>p1 move rest\n>p2 move earthquake\n>p1 move sleeptalk\n>p2 move fireblast\n>p1 move sleeptalk\n>p2 move earthquake\n>p2 switch 6\n>p1 move sleeptalk\n>p2 move quiverdance\n>p1 move knockoff\n>p2 move hurricane\n>p1 switch 4\n>p2 move revelationdance\n>p1 move revivalblessing\n>p2 move hurricane\n>p1 switch 2\n>p1 move trickroom\n>p2 move hurricane\n>p1 switch 3\n>p1 move dragondarts\n>p2 move revelationdance\n>p2 switch 3\n>p1 move hex\n>p2 move psychicnoise\n>p1 switch 4\n>p1 move knockoff\n>p2 move thunderwave\n>p1 move bodyslam\n>p2 move uturn\n>p2 switch 2\n>p1 move rest\n>p2 move calmmind\n>p1 move sleeptalk\n>p2 move judgment\n>p1 move sleeptalk\n>p2 move calmmind\n>p1 move sleeptalk\n>p2 move recover\n>p1 move bodyslam\n>p2 move judgment\n>p1 move bodyslam\n>p2 move judgment\n>p2 switch 2\n>p1 move bodyslam\n>p2 move psychicnoise", "uploadtime": 1782781137, "views": 3, "formatid": "gen9randombattle", "rating": 1137, "private": 0, "password": null, "player_dets": [{"name": "Mikaza192yu", "avatar": "1", "rating": 1143, "seed": "sodium,50e3bdfe487226fdec1c0ce53ab882d8"}, {"name": "charmandercooper20", "avatar": "1", "rating": 1164, "seed": "sodium,385a5a740fc094e50c9c9ecc5e437af7"}], "teams_full": [{"Torkoal": {"name": "Torkoal", "species": "Torkoal", "speciesId": "torkoal", "gender": "F", "shiny": false, "level": 88, "moves": ["fireblast", "stealthrock", "earthquake", "solarbeam"], "ability": "Drought", "evs": {"hp": 85, "atk": 85, "def": 85, "spa": 85, "spd": 85, "spe": 85}, "ivs": {"hp": 31, "atk": 31, "def": 31, "spa": 31, "spd": 31, "spe": 31}, "item": "Heavy-Duty Boots", "teraType": "Grass", "role": "Wallbreaker", "bvs": {"hp": 70, "atk": 85, "def": 140, "spa": 85, "spd": 70, "spe": 20}, "stats": {"hp": 266, "atk": 200, "def": 297, "spa": 200, "spd": 173, "spe": 85}, "types": ["Fire"]}, "Regigigas": {"name": "Regigigas", "species": "Regigigas", "speciesId": "regigigas", "gender": "N", "shiny": false, "level": 84, "moves": ["knockoff", "bodyslam", "sleeptalk", "rest"], "ability": "Slow Start", "evs": {"hp": 85, "atk": 85, "def": 85, "spa": 85, "spd": 85, "spe": 85}, "ivs": {"hp": 31, "atk": 31, "def": 31, "spa": 31, "spd": 31, "spe": 31}, "item": "Leftovers", "teraType": "Ghost", "role": "Bulky Support", "bvs": {"hp": 110, "atk": 160, "def": 110, "spa": 80, "spd": 110, "spe": 100}, "stats": {"hp": 322, "atk": 317, "def": 233, "spa": 183, "spd": 233, "spe": 216}, "types": ["Normal"]}, "Dragapult": {"name": "Dragapult", "species": "Dragapult", "speciesId": "dragapult", "gender": "M", "shiny": false, "level": 77, "moves": ["dragondarts", "willowisp", "hex", "uturn"], "ability": "Infiltrator", "evs": {"hp": 85, "atk": 85, "def": 85, "spa": 85, "spd": 85, "spe": 85}, "ivs": {"hp": 31, "atk": 31, "def": 31, "spa": 31, "spd": 31, "spe": 31}, "item": "Heavy-Duty Boots", "teraType": "Dragon", "role": "Fast Support", "bvs": {"hp": 88, "atk": 120, "def": 75, "spa": 100, "spd": 75, "spe": 142}, "stats": {"hp": 262, "atk": 229, "def": 160, "spa": 199, "spd": 160, "spe": 263}, "types": ["Dragon", "Ghost"]}, "Rabsca": {"name": "Rabsca", "species": "Rabsca", "speciesId": "rabsca", "gender": "F", "shiny": false, "level": 91, "moves": ["bugbuzz", "trickroom", "psychic", "revivalblessing"], "ability": "Synchronize", "evs": {"hp": 85, "atk": 0, "def": 85, "spa": 85, "spd": 85, "spe": 0}, "ivs": {"hp": 31, "atk": 0, "def": 31, "spa": 31, "spd": 31, "spe": 0}, "item": "Heavy-Duty Boots", "teraType": "Steel", "role": "Wallbreaker", "bvs": {"hp": 75, "atk": 50, "def": 85, "spa": 115, "spd": 100, "spe": 45}, "stats": {"hp": 284, "atk": 96, "def": 207, "spa": 261, "spd": 234, "spe": 86}, "types": ["Bug", "Psychic"]}, "Rhydon": {"name": "Rhydon", "species": "Rhydon", "speciesId": "rhydon", "gender": "F", "shiny": false, "level": 85, "moves": ["stoneedge", "megahorn", "earthquake", "swordsdance"], "ability": "Lightning Rod", "evs": {"hp": 85, "atk": 85, "def": 85, "spa": 85, "spd": 85, "spe": 85}, "ivs": {"hp": 31, "atk": 31, "def": 31, "spa": 31, "spd": 31, "spe": 31}, "item": "Eviolite", "teraType": "Fairy", "role": "Bulky Attacker", "bvs": {"hp": 105, "atk": 130, "def": 120, "spa": 45, "spd": 45, "spe": 40}, "stats": {"hp": 317, "atk": 270, "def": 253, "spa": 125, "spd": 125, "spe": 117}, "types": ["Ground", "Rock"]}, "Ogerpon": {"name": "Ogerpon", "species": "Ogerpon-Hearthflame", "speciesId": "ogerponhearthflame", "gender": "F", "shiny": false, "level": 74, "moves": ["swordsdance", "ivycudgel", "knockoff", "powerwhip"], "ability": "Mold Breaker", "evs": {"hp": 77, "atk": 85, "def": 85, "spa": 85, "spd": 85, "spe": 85}, "ivs": {"hp": 31, "atk": 31, "def": 31, "spa": 31, "spd": 31, "spe": 31}, "item": "Hearthflame Mask", "teraType": "Fire", "role": "Setup Sweeper", "bvs": {"hp": 80, "atk": 120, "def": 84, "spa": 60, "spd": 96, "spe": 110}, "stats": {"hp": 239, "atk": 221, "def": 167, "spa": 132, "spd": 185, "spe": 206}, "types": ["Grass", "Fire"]}}, {"Mesprit": {"name": "Mesprit", "species": "Mesprit", "speciesId": "mesprit", "gender": "N", "shiny": false, "level": 85, "moves": ["thunderwave", "psychicnoise", "stealthrock", "uturn"], "ability": "Levitate", "evs": {"hp": 85, "atk": 85, "def": 85, "spa": 85, "spd": 85, "spe": 85}, "ivs": {"hp": 31, "atk": 31, "def": 31, "spa": 31, "spd": 31, "spe": 31}, "item": "Leftovers", "teraType": "Steel", "role": "Bulky Support", "bvs": {"hp": 80, "atk": 105, "def": 105, "spa": 105, "spd": 105, "spe": 80}, "stats": {"hp": 275, "atk": 227, "def": 227, "spa": 227, "spd": 227, "spe": 185}, "types": ["Psychic"]}, "Arceus": {"name": "Arceus", "species": "Arceus-Electric", "speciesId": "arceuselectric", "gender": "N", "shiny": false, "level": 70, "moves": ["calmmind", "icebeam", "recover", "judgment"], "ability": "Multitype", "evs": {"hp": 85, "atk": 0, "def": 85, "spa": 85, "spd": 85, "spe": 85}, "ivs": {"hp": 31, "atk": 0, "def": 31, "spa": 31, "spd": 31, "spe": 31}, "item": "Zap Plate", "teraType": "Electric", "role": "Bulky Setup", "bvs": {"hp": 120, "atk": 120, "def": 120, "spa": 120, "spd": 120, "spe": 120}, "stats": {"hp": 284, "atk": 173, "def": 209, "spa": 209, "spd": 209, "spe": 209}, "types": ["Electric"]}, "Ninetales": {"name": "Ninetales", "species": "Ninetales", "speciesId": "ninetales", "gender": "F", "shiny": false, "level": 85, "moves": ["nastyplot", "fireblast", "solarbeam", "scorchingsands"], "ability": "Drought", "evs": {"hp": 85, "atk": 0, "def": 85, "spa": 85, "spd": 85, "spe": 85}, "ivs": {"hp": 31, "atk": 0, "def": 31, "spa": 31, "spd": 31, "spe": 31}, "item": "Heavy-Duty Boots", "teraType": "Fire", "role": "Setup Sweeper", "bvs": {"hp": 73, "atk": 76, "def": 75, "spa": 81, "spd": 100, "spe": 100}, "stats": {"hp": 263, "atk": 134, "def": 176, "spa": 186, "spd": 219, "spe": 219}, "types": ["Fire"]}, "Blastoise": {"name": "Blastoise", "species": "Blastoise", "speciesId": "blastoise", "gender": "M", "shiny": false, "level": 80, "moves": ["hydropump", "shellsmash", "earthquake", "icebeam"], "ability": "Torrent", "evs": {"hp": 85, "atk": 85, "def": 85, "spa": 85, "spd": 85, "spe": 85}, "ivs": {"hp": 31, "atk": 31, "def": 31, "spa": 31, "spd": 31, "spe": 31}, "item": "White Herb", "teraType": "Steel", "role": "Setup Sweeper", "bvs": {"hp": 79, "atk": 83, "def": 100, "spa": 85, "spd": 105, "spe": 78}, "stats": {"hp": 258, "atk": 179, "def": 206, "spa": 182, "spd": 214, "spe": 171}, "types": ["Water"]}, "Goodra": {"name": "Goodra", "species": "Goodra-Hisui", "speciesId": "goodrahisui", "gender": "F", "shiny": false, "level": 82, "moves": ["heavyslam", "fireblast", "earthquake", "dracometeor"], "ability": "Sap Sipper", "evs": {"hp": 85, "atk": 85, "def": 85, "spa": 85, "spd": 85, "spe": 85}, "ivs": {"hp": 31, "atk": 31, "def": 31, "spa": 31, "spd": 31, "spe": 31}, "item": "Assault Vest", "teraType": "Ground", "role": "AV Pivot", "bvs": {"hp": 80, "atk": 100, "def": 100, "spa": 110, "spd": 150, "spe": 60}, "stats": {"hp": 265, "atk": 211, "def": 211, "spa": 228, "spd": 293, "spe": 146}, "types": ["Steel", "Dragon"]}, "Oricorio": {"name": "Oricorio", "species": "Oricorio-Pa'u", "speciesId": "oricoriopau", "gender": "M", "shiny": false, "level": 87, "moves": ["revelationdance", "roost", "hurricane", "quiverdance"], "ability": "Dancer", "evs": {"hp": 85, "atk": 0, "def": 85, "spa": 85, "spd": 85, "spe": 85}, "ivs": {"hp": 31, "atk": 0, "def": 31, "spa": 31, "spd": 31, "spe": 31}, "item": "Heavy-Duty Boots", "teraType": "Ground", "role": "Setup Sweeper", "bvs": {"hp": 75, "atk": 70, "def": 70, "spa": 98, "spd": 70, "spe": 93}, "stats": {"hp": 272, "atk": 126, "def": 172, "spa": 220, "spd": 172, "spe": 212}, "types": ["Psychic", "Flying"]}}]}