{"id": "gen9randombattle-2641567506", "format": "[Gen 9] Random Battle", "players": ["gengis khann", "the cheff"], "log": "|j|\u2606gengis khann\n|j|\u2606the cheff\n|t:|1782809670\n|gametype|singles\n|player|p1|gengis khann|1|2022\n|player|p2|the cheff|baker|1954\n|gen|9\n|tier|[Gen 9] Random Battle\n|rated|\n|rule|Species Clause: Limit one of each Pok\u00e9mon\n|rule|HP Percentage Mod: HP is shown in percentages\n|rule|Sleep Clause Mod: Limit one foe put to sleep\n|rule|Illusion Level Mod: Illusion disguises the Pok\u00e9mon's true level\n|\n|t:|1782809670\n|teamsize|p1|6\n|teamsize|p2|6\n|start\n|switch|p1a: Charizard|Charizard, L85, F|271/271\n|switch|p2a: Ditto|Ditto, L87|225/225\n|-transform|p2a: Ditto|p1a: Charizard|[from] ability: Imposter\n|turn|1\n|\n|t:|1782809681\n|switch|p2a: Basculegion|Basculegion-F, L83, F|335/335\n|move|p1a: Charizard|Hurricane|p2a: Basculegion\n|-damage|p2a: Basculegion|241/335\n|\n|upkeep\n|turn|2\n|\n|t:|1782809689\n|switch|p1a: Whimsicott|Whimsicott, L84, F|238/238\n|move|p2a: Basculegion|Wave Crash|p1a: Whimsicott\n|-resisted|p1a: Whimsicott\n|-damage|p1a: Whimsicott|163/238\n|-damage|p2a: Basculegion|216/335|[from] Recoil\n|\n|-heal|p1a: Whimsicott|177/238|[from] item: Leftovers\n|upkeep\n|turn|3\n|inactive|Battle timer is ON: inactive players will automatically lose when time's up. (requested by the cheff)\n|\n|t:|1782809735\n|move|p1a: Whimsicott|Substitute|p1a: Whimsicott\n|-start|p1a: Whimsicott|Substitute\n|-damage|p1a: Whimsicott|118/238\n|move|p2a: Basculegion|Flip Turn|p1a: Whimsicott\n|-resisted|p1a: Whimsicott\n|-activate|p1a: Whimsicott|move: Substitute|[damage]\n|\n|t:|1782809743\n|switch|p2a: Vikavolt|Vikavolt, L83, M|263/263|[from] Flip Turn\n|\n|-heal|p1a: Whimsicott|132/238|[from] item: Leftovers\n|upkeep\n|turn|4\n|\n|t:|1782809751\n|switch|p1a: Charizard|Charizard, L85, F|271/271\n|move|p2a: Vikavolt|Bug Buzz|p1a: Charizard\n|-resisted|p1a: Charizard\n|-damage|p1a: Charizard|236/271\n|\n|upkeep\n|turn|5\n|\n|t:|1782809759\n|switch|p2a: Basculegion|Basculegion-F, L83, F|216/335\n|move|p1a: Charizard|Flamethrower|p2a: Basculegion\n|-resisted|p2a: Basculegion\n|-damage|p2a: Basculegion|177/335\n|\n|upkeep\n|turn|6\n|\n|t:|1782809768\n|switch|p1a: Whimsicott|Whimsicott, L84, F|132/238\n|move|p2a: Basculegion|Flip Turn|p1a: Whimsicott\n|-resisted|p1a: Whimsicott\n|-damage|p1a: Whimsicott|93/238\n|\n|t:|1782809777\n|switch|p2a: Vikavolt|Vikavolt, L83, M|263/263|[from] Flip Turn\n|\n|-heal|p1a: Whimsicott|107/238|[from] item: Leftovers\n|upkeep\n|turn|7\n|\n|t:|1782809784\n|move|p1a: Whimsicott|Moonblast|p2a: Vikavolt\n|-damage|p2a: Vikavolt|166/263\n|move|p2a: Vikavolt|Discharge|p1a: Whimsicott\n|-resisted|p1a: Whimsicott\n|-damage|p1a: Whimsicott|38/238\n|\n|-heal|p1a: Whimsicott|52/238|[from] item: Leftovers\n|upkeep\n|turn|8\n|\n|t:|1782809793\n|move|p1a: Whimsicott|Moonblast|p2a: Vikavolt\n|-damage|p2a: Vikavolt|78/263\n|-unboost|p2a: Vikavolt|spa|1\n|move|p2a: Vikavolt|Sticky Web|p1a: Whimsicott\n|-sidestart|p1: gengis khann|move: Sticky Web\n|\n|-heal|p1a: Whimsicott|66/238|[from] item: Leftovers\n|upkeep\n|turn|9\n|\n|t:|1782809812\n|switch|p2a: Gengar|Gengar, L81, M|230/230\n|move|p1a: Whimsicott|Moonblast|p2a: Gengar\n|-resisted|p2a: Gengar\n|-crit|p2a: Gengar\n|-damage|p2a: Gengar|159/230\n|-unboost|p2a: Gengar|spa|1\n|\n|-heal|p1a: Whimsicott|80/238|[from] item: Leftovers\n|upkeep\n|turn|10\n|\n|t:|1782809825\n|move|p1a: Whimsicott|Substitute|p1a: Whimsicott\n|-start|p1a: Whimsicott|Substitute\n|-damage|p1a: Whimsicott|21/238\n|move|p2a: Gengar|Sludge Wave|p1a: Whimsicott\n|-supereffective|p1a: Whimsicott\n|-end|p1a: Whimsicott|Substitute\n|-damage|p2a: Gengar|136/230|[from] item: Life Orb\n|\n|-heal|p1a: Whimsicott|35/238|[from] item: Leftovers\n|upkeep\n|turn|11\n|\n|t:|1782809833\n|move|p1a: Whimsicott|Leech Seed|p2a: Gengar|[miss]\n|-miss|p1a: Whimsicott|p2a: Gengar\n|move|p2a: Gengar|Sludge Wave|p1a: Whimsicott\n|-supereffective|p1a: Whimsicott\n|-damage|p1a: Whimsicott|0 fnt\n|faint|p1a: Whimsicott\n|-damage|p2a: Gengar|113/230|[from] item: Life Orb\n|\n|upkeep\n|\n|t:|1782809835\n|switch|p1a: Charizard|Charizard, L85, F|236/271\n|turn|12\n|\n|t:|1782809841\n|switch|p2a: Basculegion|Basculegion-F, L83, F|177/335\n|move|p1a: Charizard|Hurricane|p2a: Basculegion\n|-damage|p2a: Basculegion|81/335\n|\n|upkeep\n|turn|13\n|\n|t:|1782809847\n|move|p1a: Charizard|Hurricane|p2a: Basculegion|[miss]\n|-miss|p1a: Charizard|p2a: Basculegion\n|move|p2a: Basculegion|Wave Crash|p1a: Charizard\n|-supereffective|p1a: Charizard\n|-damage|p1a: Charizard|0 fnt\n|faint|p1a: Charizard\n|-damage|p2a: Basculegion|3/335|[from] Recoil\n|\n|upkeep\n|\n|t:|1782809849\n|switch|p1a: Toucannon|Toucannon, L88, F|284/284\n|turn|14\n|\n|t:|1782809858\n|move|p2a: Basculegion|Wave Crash|p1a: Toucannon\n|-damage|p1a: Toucannon|112/284\n|-damage|p2a: Basculegion|0 fnt|[from] Recoil\n|faint|p2a: Basculegion\n|move|p1a: Toucannon|Roost|p1a: Toucannon\n|-heal|p1a: Toucannon|254/284\n|-singleturn|p1a: Toucannon|move: Roost\n|\n|upkeep\n|\n|t:|1782809865\n|switch|p2a: Oranguru|Oranguru, L92, M|315/315\n|turn|15\n|\n|t:|1782809871\n|-singleturn|p1a: Toucannon|move: Beak Blast\n|move|p2a: Oranguru|Hyper Voice|p1a: Toucannon\n|-crit|p1a: Toucannon\n|-damage|p1a: Toucannon|17/284\n|move|p1a: Toucannon|Beak Blast|p2a: Oranguru\n|-damage|p2a: Oranguru|186/315\n|\n|upkeep\n|turn|16\n|\n|t:|1782809881\n|move|p2a: Oranguru|Hyper Voice|p1a: Toucannon\n|-damage|p1a: Toucannon|0 fnt\n|faint|p1a: Toucannon\n|\n|upkeep\n|\n|t:|1782809885\n|switch|p1a: Misdreavus|Misdreavus, L90, M|254/254\n|turn|17\n|\n|t:|1782809893\n|switch|p2a: Vikavolt|Vikavolt, L83, M|78/263\n|move|p1a: Misdreavus|Calm Mind|p1a: Misdreavus\n|-boost|p1a: Misdreavus|spa|1\n|-boost|p1a: Misdreavus|spd|1\n|\n|upkeep\n|turn|18\n|\n|t:|1782809897\n|move|p1a: Misdreavus|Shadow Ball|p2a: Vikavolt\n|-damage|p2a: Vikavolt|0 fnt\n|faint|p2a: Vikavolt\n|\n|upkeep\n|\n|t:|1782809905\n|switch|p2a: Oranguru|Oranguru, L92, M|186/315\n|turn|19\n|\n|t:|1782809909\n|move|p1a: Misdreavus|Draining Kiss|p2a: Oranguru\n|-damage|p2a: Oranguru|143/315\n|move|p2a: Oranguru|Psyshock|p1a: Misdreavus\n|-damage|p1a: Misdreavus|134/254\n|\n|upkeep\n|turn|20\n|\n|t:|1782809917\n|move|p1a: Misdreavus|Draining Kiss|p2a: Oranguru\n|-damage|p2a: Oranguru|101/315\n|-heal|p1a: Misdreavus|166/254|[from] drain|[of] p2a: Oranguru\n|move|p2a: Oranguru|Psyshock|p1a: Misdreavus\n|-damage|p1a: Misdreavus|54/254\n|\n|upkeep\n|turn|21\n|\n|t:|1782809919\n|move|p1a: Misdreavus|Draining Kiss|p2a: Oranguru\n|-damage|p2a: Oranguru|56/315\n|-heal|p1a: Misdreavus|88/254|[from] drain|[of] p2a: Oranguru\n|move|p2a: Oranguru|Psyshock|p1a: Misdreavus\n|-damage|p1a: Misdreavus|0 fnt\n|faint|p1a: Misdreavus\n|\n|upkeep\n|\n|t:|1782809922\n|switch|p1a: Rotom|Rotom-Heat, L83|219/219\n|turn|22\n|\n|t:|1782809926\n|move|p1a: Rotom|Thunderbolt|p2a: Oranguru\n|-damage|p2a: Oranguru|0 fnt\n|faint|p2a: Oranguru\n|\n|upkeep\n|\n|t:|1782809931\n|switch|p2a: Gengar|Gengar, L81, M|113/230\n|turn|23\n|inactive|gengis khann has 120 seconds left.\n|\n|t:|1782809968\n|move|p2a: Gengar|Sludge Wave|p1a: Rotom\n|-crit|p1a: Rotom\n|-damage|p1a: Rotom|15/219\n|-damage|p2a: Gengar|90/230|[from] item: Life Orb\n|move|p1a: Rotom|Overheat|p2a: Gengar\n|-damage|p2a: Gengar|0 fnt\n|-unboost|p1a: Rotom|spa|2\n|faint|p2a: Gengar\n|\n|upkeep\n|\n|t:|1782809974\n|switch|p2a: Zapdos|Zapdos-Galar, L77|265/265\n|turn|24\n|\n|t:|1782809977\n|move|p2a: Zapdos|Knock Off|p1a: Rotom\n|-damage|p1a: Rotom|0 fnt\n|-enditem|p1a: Rotom|Heavy-Duty Boots|[from] move: Knock Off|[of] p2a: Zapdos\n|faint|p1a: Rotom\n|-damage|p2a: Zapdos|239/265|[from] item: Life Orb\n|\n|upkeep\n|\n|t:|1782809979\n|switch|p1a: Dachsbun|Dachsbun, L92, F|254/254\n|-activate|p1a: Dachsbun|move: Sticky Web\n|-unboost|p1a: Dachsbun|spe|1\n|turn|25\n|\n|t:|1782809988\n|-terastallize|p2a: Zapdos|Steel\n|move|p2a: Zapdos|Bulk Up|p2a: Zapdos\n|-boost|p2a: Zapdos|atk|1\n|-boost|p2a: Zapdos|def|1\n|move|p1a: Dachsbun|Play Rough|p2a: Zapdos\n|-resisted|p2a: Zapdos\n|-damage|p2a: Zapdos|206/265\n|\n|upkeep\n|turn|26\n|\n|t:|1782809994\n|move|p2a: Zapdos|Brave Bird|p1a: Dachsbun\n|-damage|p1a: Dachsbun|58/254\n|-damage|p2a: Zapdos|141/265|[from] Recoil\n|-damage|p2a: Zapdos|115/265|[from] item: Life Orb\n|move|p1a: Dachsbun|Body Press|p2a: Zapdos\n|-supereffective|p2a: Zapdos\n|-damage|p2a: Zapdos|0 fnt\n|faint|p2a: Zapdos\n|\n|-heal|p1a: Dachsbun|73/254|[from] item: Leftovers\n|upkeep\n|\n|t:|1782809996\n|switch|p2a: Ditto|Ditto, L87|225/225\n|-transform|p2a: Ditto|p1a: Dachsbun|[from] ability: Imposter\n|turn|27\n|\n|t:|1782810001\n|move|p1a: Dachsbun|Protect|p1a: Dachsbun\n|-singleturn|p1a: Dachsbun|Protect\n|move|p2a: Ditto|Play Rough|p1a: Dachsbun\n|-activate|p1a: Dachsbun|move: Protect\n|\n|-heal|p1a: Dachsbun|88/254|[from] item: Leftovers\n|upkeep\n|turn|28\n|inactive|gengis khann has 120 seconds left.\n|\n|t:|1782810041\n|-terastallize|p1a: Dachsbun|Steel\n|move|p2a: Ditto|Play Rough|p1a: Dachsbun\n|-resisted|p1a: Dachsbun\n|-crit|p1a: Dachsbun\n|-damage|p1a: Dachsbun|40/254\n|move|p1a: Dachsbun|Wish|p1a: Dachsbun\n|\n|-heal|p1a: Dachsbun|55/254|[from] item: Leftovers\n|upkeep\n|turn|29\n|-message|the cheff forfeited.\n|\n|win|gengis khann\n", "inputlog": ">version f8ac14003a5f27e1bdc8d8c59608a773c1cb96e5\n>start {\"formatid\":\"gen9randombattle\",\"seed\":\"sodium,bb49851271cd235b40ec625c03666784\",\"rated\":\"Rated battle\"}\n>player p1 {\"name\":\"gengis khann\",\"avatar\":\"1\",\"rating\":2022,\"seed\":\"sodium,5c7197151d4eeeece10696c8d7cd9eee\"}\n>player p2 {\"name\":\"the cheff\",\"avatar\":\"baker\",\"rating\":1954,\"seed\":\"sodium,d919000f856c63ef5add98bda7f6237b\"}\n>p1 move hurricane\n>p2 switch 2\n>p1 switch 2\n>p2 move wavecrash\n>p1 move substitute\n>p2 move flipturn\n>p2 switch 3\n>p1 switch 2\n>p2 move bugbuzz\n>p1 move flamethrower\n>p2 switch 3\n>p1 switch 2\n>p2 move flipturn\n>p2 switch 3\n>p1 move moonblast\n>p2 move discharge\n>p1 move moonblast\n>p2 move stickyweb\n>p1 move moonblast\n>p2 switch 6\n>p1 move substitute\n>p2 move sludgewave\n>p1 move leechseed\n>p2 move sludgewave\n>p1 switch 2\n>p1 move hurricane\n>p2 switch 3\n>p1 move hurricane\n>p2 move wavecrash\n>p1 switch 3\n>p1 move roost\n>p2 move wavecrash\n>p2 switch 5\n>p1 move beakblast\n>p2 move hypervoice\n>p1 move boomburst\n>p2 move hypervoice\n>p1 switch 5\n>p1 move calmmind\n>p2 switch 6\n>p1 move shadowball\n>p2 move discharge\n>p2 switch 6\n>p1 move drainingkiss\n>p2 move psyshock\n>p1 move drainingkiss\n>p2 move psyshock\n>p1 move drainingkiss\n>p2 move psyshock\n>p1 switch 4\n>p1 move thunderbolt\n>p2 move psyshock\n>p2 switch 3\n>p1 move overheat\n>p2 move sludgewave\n>p2 switch 4\n>p1 move painsplit\n>p2 move knockoff\n>p1 switch 6\n>p1 move playrough\n>p2 move bulkup terastallize\n>p1 move bodypress\n>p2 move bravebird\n>p2 switch 2\n>p1 move protect\n>p2 move playrough\n>p1 move wish terastallize\n>p2 move playrough\n>forcelose p2", "uploadtime": 1782809673, "views": 3, "formatid": "gen9randombattle", "rating": null, "private": 0, "password": null, "player_dets": [{"name": "gengis khann", "avatar": "1", "rating": 2022, "seed": "sodium,5c7197151d4eeeece10696c8d7cd9eee"}, {"name": "the cheff", "avatar": "baker", "rating": 1954, "seed": "sodium,d919000f856c63ef5add98bda7f6237b"}], "teams_full": [{"Charizard": {"name": "Charizard", "species": "Charizard", "speciesId": "charizard", "gender": "F", "shiny": false, "level": 85, "moves": ["hurricane", "willowisp", "flamethrower", "focusblast"], "ability": "Blaze", "evs": {"hp": 85, "atk": 0, "def": 85, "spa": 85, "spd": 85, "spe": 85}, "ivs": {"hp": 31, "atk": 0, "def": 31, "spa": 31, "spd": 31, "spe": 31}, "item": "Heavy-Duty Boots", "teraType": "Fire", "role": "Fast Attacker", "bvs": {"hp": 78, "atk": 84, "def": 78, "spa": 109, "spd": 85, "spe": 100}, "stats": {"hp": 271, "atk": 147, "def": 181, "spa": 234, "spd": 193, "spe": 219}, "types": ["Fire", "Flying"]}, "Whimsicott": {"name": "Whimsicott", "species": "Whimsicott", "speciesId": "whimsicott", "gender": "F", "shiny": false, "level": 84, "moves": ["substitute", "moonblast", "encore", "leechseed"], "ability": "Prankster", "evs": {"hp": 85, "atk": 0, "def": 85, "spa": 85, "spd": 85, "spe": 85}, "ivs": {"hp": 31, "atk": 0, "def": 31, "spa": 31, "spd": 31, "spe": 31}, "item": "Leftovers", "teraType": "Steel", "role": "Bulky Support", "bvs": {"hp": 60, "atk": 67, "def": 85, "spa": 77, "spd": 75, "spe": 116}, "stats": {"hp": 238, "atk": 117, "def": 191, "spa": 178, "spd": 174, "spe": 243}, "types": ["Grass", "Fairy"]}, "Toucannon": {"name": "Toucannon", "species": "Toucannon", "speciesId": "toucannon", "gender": "F", "shiny": false, "level": 88, "moves": ["roost", "beakblast", "bulletseed", "boomburst"], "ability": "Skill Link", "evs": {"hp": 85, "atk": 85, "def": 85, "spa": 85, "spd": 85, "spe": 85}, "ivs": {"hp": 31, "atk": 31, "def": 31, "spa": 31, "spd": 31, "spe": 31}, "item": "Heavy-Duty Boots", "teraType": "Steel", "role": "Bulky Support", "bvs": {"hp": 80, "atk": 120, "def": 75, "spa": 75, "spd": 75, "spe": 60}, "stats": {"hp": 284, "atk": 261, "def": 182, "spa": 182, "spd": 182, "spe": 156}, "types": ["Normal", "Flying"]}, "Rotom": {"name": "Rotom", "species": "Rotom-Heat", "speciesId": "rotomheat", "gender": "N", "shiny": false, "level": 83, "moves": ["nastyplot", "thunderbolt", "overheat", "painsplit"], "ability": "Levitate", "evs": {"hp": 85, "atk": 0, "def": 85, "spa": 85, "spd": 85, "spe": 85}, "ivs": {"hp": 31, "atk": 0, "def": 31, "spa": 31, "spd": 31, "spe": 31}, "item": "Heavy-Duty Boots", "teraType": "Steel", "role": "Bulky Attacker", "bvs": {"hp": 50, "atk": 65, "def": 107, "spa": 105, "spd": 107, "spe": 86}, "stats": {"hp": 219, "atk": 112, "def": 225, "spa": 222, "spd": 225, "spe": 190}, "types": ["Electric", "Fire"]}, "Misdreavus": {"name": "Misdreavus", "species": "Misdreavus", "speciesId": "misdreavus", "gender": "M", "shiny": false, "level": 90, "moves": ["shadowball", "calmmind", "willowisp", "drainingkiss"], "ability": "Levitate", "evs": {"hp": 85, "atk": 0, "def": 85, "spa": 85, "spd": 85, "spe": 85}, "ivs": {"hp": 31, "atk": 0, "def": 31, "spa": 31, "spd": 31, "spe": 31}, "item": "Eviolite", "teraType": "Fairy", "role": "Bulky Setup", "bvs": {"hp": 60, "atk": 60, "def": 60, "spa": 85, "spd": 85, "spe": 85}, "stats": {"hp": 254, "atk": 113, "def": 159, "spa": 204, "spd": 204, "spe": 204}, "types": ["Ghost"]}, "Dachsbun": {"name": "Dachsbun", "species": "Dachsbun", "speciesId": "dachsbun", "gender": "F", "shiny": false, "level": 92, "moves": ["bodypress", "protect", "playrough", "wish"], "ability": "Well-Baked Body", "evs": {"hp": 85, "atk": 85, "def": 85, "spa": 85, "spd": 85, "spe": 85}, "ivs": {"hp": 31, "atk": 31, "def": 31, "spa": 31, "spd": 31, "spe": 31}, "item": "Leftovers", "teraType": "Steel", "role": "Bulky Support", "bvs": {"hp": 57, "atk": 80, "def": 115, "spa": 50, "spd": 80, "spe": 95}, "stats": {"hp": 254, "atk": 200, "def": 264, "spa": 144, "spd": 200, "spe": 227}, "types": ["Fairy"]}}, {"Ditto": {"name": "Ditto", "species": "Ditto", "speciesId": "ditto", "gender": "N", "shiny": false, "level": 87, "moves": ["transform"], "ability": "Imposter", "evs": {"hp": 85, "atk": 85, "def": 85, "spa": 85, "spd": 85, "spe": 85}, "ivs": {"hp": 31, "atk": 31, "def": 31, "spa": 31, "spd": 31, "spe": 31}, "item": "Choice Scarf", "teraType": "Steel", "role": "Fast Support", "bvs": {"hp": 48, "atk": 48, "def": 48, "spa": 48, "spd": 48, "spe": 48}, "stats": {"hp": 225, "atk": 133, "def": 133, "spa": 133, "spd": 133, "spe": 133}, "types": ["Normal"]}, "Basculegion": {"name": "Basculegion", "species": "Basculegion-F", "speciesId": "basculegionf", "gender": "F", "shiny": false, "level": 83, "moves": ["hydropump", "wavecrash", "flipturn", "shadowball"], "ability": "Adaptability", "evs": {"hp": 85, "atk": 85, "def": 85, "spa": 85, "spd": 85, "spe": 85}, "ivs": {"hp": 31, "atk": 31, "def": 31, "spa": 31, "spd": 31, "spe": 31}, "item": "Assault Vest", "teraType": "Water", "role": "AV Pivot", "bvs": {"hp": 120, "atk": 92, "def": 65, "spa": 100, "spd": 75, "spe": 78}, "stats": {"hp": 335, "atk": 200, "def": 156, "spa": 214, "spd": 172, "spe": 177}, "types": ["Water", "Ghost"]}, "Vikavolt": {"name": "Vikavolt", "species": "Vikavolt", "speciesId": "vikavolt", "gender": "M", "shiny": false, "level": 83, "moves": ["stickyweb", "energyball", "bugbuzz", "discharge"], "ability": "Levitate", "evs": {"hp": 85, "atk": 0, "def": 85, "spa": 85, "spd": 85, "spe": 85}, "ivs": {"hp": 31, "atk": 0, "def": 31, "spa": 31, "spd": 31, "spe": 31}, "item": "Heavy-Duty Boots", "teraType": "Electric", "role": "Bulky Support", "bvs": {"hp": 77, "atk": 70, "def": 90, "spa": 145, "spd": 75, "spe": 43}, "stats": {"hp": 263, "atk": 121, "def": 197, "spa": 288, "spd": 172, "spe": 119}, "types": ["Bug", "Electric"]}, "Zapdos": {"name": "Zapdos", "species": "Zapdos-Galar", "speciesId": "zapdosgalar", "gender": "N", "shiny": false, "level": 77, "moves": ["knockoff", "bravebird", "bulkup", "closecombat"], "ability": "Defiant", "evs": {"hp": 85, "atk": 85, "def": 85, "spa": 85, "spd": 85, "spe": 85}, "ivs": {"hp": 31, "atk": 31, "def": 31, "spa": 31, "spd": 31, "spe": 31}, "item": "Life Orb", "teraType": "Steel", "role": "Fast Attacker", "bvs": {"hp": 90, "atk": 125, "def": 90, "spa": 85, "spd": 90, "spe": 100}, "stats": {"hp": 265, "atk": 237, "def": 183, "spa": 175, "spd": 183, "spe": 199}, "types": ["Fighting", "Flying"]}, "Oranguru": {"name": "Oranguru", "species": "Oranguru", "speciesId": "oranguru", "gender": "M", "shiny": false, "level": 92, "moves": ["psyshock", "focusblast", "hypervoice", "trick"], "ability": "Inner Focus", "evs": {"hp": 85, "atk": 0, "def": 85, "spa": 85, "spd": 85, "spe": 85}, "ivs": {"hp": 31, "atk": 0, "def": 31, "spa": 31, "spd": 31, "spe": 31}, "item": "Choice Specs", "teraType": "Psychic", "role": "Wallbreaker", "bvs": {"hp": 90, "atk": 60, "def": 80, "spa": 90, "spd": 110, "spe": 60}, "stats": {"hp": 315, "atk": 115, "def": 200, "spa": 218, "spd": 255, "spe": 163}, "types": ["Normal", "Psychic"]}, "Gengar": {"name": "Gengar", "species": "Gengar", "speciesId": "gengar", "gender": "M", "shiny": false, "level": 81, "moves": ["sludgewave", "focusblast", "shadowball", "nastyplot"], "ability": "Cursed Body", "evs": {"hp": 85, "atk": 0, "def": 85, "spa": 85, "spd": 85, "spe": 85}, "ivs": {"hp": 31, "atk": 0, "def": 31, "spa": 31, "spd": 31, "spe": 31}, "item": "Life Orb", "teraType": "Fighting", "role": "Wallbreaker", "bvs": {"hp": 60, "atk": 65, "def": 60, "spa": 130, "spd": 75, "spe": 110}, "stats": {"hp": 230, "atk": 110, "def": 144, "spa": 257, "spd": 168, "spe": 225}, "types": ["Ghost", "Poison"]}}]}