{"id": "gen9randombattle-2641359564", "format": "[Gen 9] Random Battle", "players": ["flufluxlo", "APin23"], "log": "|j|\u203dflufluxlo\n|j|\u2606APin23\n|t:|1782772718\n|gametype|singles\n|player|p1|flufluxlo|265|1202\n|player|p2|APin23|dawn-gen4pt|1149\n|gen|9\n|tier|[Gen 9] Random Battle\n|rated|\n|rule|Species Clause: Limit one of each Pok\u00e9mon\n|rule|HP Percentage Mod: HP is shown in percentages\n|rule|Sleep Clause Mod: Limit one foe put to sleep\n|rule|Illusion Level Mod: Illusion disguises the Pok\u00e9mon's true level\n|\n|t:|1782772718\n|teamsize|p1|6\n|teamsize|p2|6\n|start\n|switch|p1a: Gliscor|Gliscor, L76, F|239/239\n|switch|p2a: Misdreavus|Misdreavus, L90, F|254/254\n|turn|1\n|\n|t:|1782772732\n|switch|p1a: Entei|Entei, L78|307/307\n|move|p2a: Misdreavus|Will-O-Wisp|p1a: Entei\n|-immune|p1a: Entei\n|\n|upkeep\n|turn|2\n|\n|t:|1782772742\n|switch|p2a: Donphan|Donphan, L84, F|288/288\n|move|p1a: Entei|Sacred Fire|p2a: Donphan\n|-damage|p2a: Donphan|168/288\n|\n|-heal|p2a: Donphan|186/288|[from] item: Leftovers\n|upkeep\n|turn|3\n|\n|t:|1782772749\n|move|p1a: Entei|Sacred Fire|p2a: Donphan\n|-damage|p2a: Donphan|57/288\n|move|p2a: Donphan|Earthquake|p1a: Entei\n|-supereffective|p1a: Entei\n|-damage|p1a: Entei|19/307\n|\n|-heal|p2a: Donphan|75/288|[from] item: Leftovers\n|upkeep\n|turn|4\n|inactive|Battle timer is ON: inactive players will automatically lose when time's up. (requested by flufluxlo)\n|\n|t:|1782772773\n|move|p1a: Entei|Sacred Fire|p2a: Donphan\n|-damage|p2a: Donphan|0 fnt\n|faint|p2a: Donphan\n|\n|upkeep\n|\n|t:|1782772776\n|switch|p2a: Misdreavus|Misdreavus, L90, F|254/254\n|turn|5\n|\n|t:|1782772780\n|move|p2a: Misdreavus|Shadow Ball|p1a: Entei\n|-damage|p1a: Entei|0 fnt\n|faint|p1a: Entei\n|\n|upkeep\n|\n|t:|1782772791\n|switch|p1a: Medicham|Medicham, L86, F|243/243\n|turn|6\n|\n|t:|1782772803\n|move|p1a: Medicham|Trick|p2a: Misdreavus\n|-activate|p1a: Medicham|move: Trick|[of] p2a: Misdreavus\n|-item|p2a: Misdreavus|Choice Scarf|[from] move: Trick\n|-item|p1a: Medicham|Eviolite|[from] move: Trick\n|move|p2a: Misdreavus|Will-O-Wisp|p1a: Medicham\n|-status|p1a: Medicham|brn\n|\n|-damage|p1a: Medicham|228/243 brn|[from] brn\n|upkeep\n|turn|7\n|\n|t:|1782772817\n|switch|p2a: Exeggutor|Exeggutor, L89, M|314/314\n|switch|p1a: Gliscor|Gliscor, L76, F|239/239\n|\n|-status|p1a: Gliscor|tox|[from] item: Toxic Orb\n|upkeep\n|turn|8\n|\n|t:|1782772826\n|move|p1a: Gliscor|Toxic Spikes|p2a: Exeggutor\n|-sidestart|p2: APin23|move: Toxic Spikes\n|move|p2a: Exeggutor|Psyshock|p1a: Gliscor\n|-damage|p1a: Gliscor|145/239 tox\n|\n|-heal|p1a: Gliscor|174/239 tox|[from] ability: Poison Heal\n|upkeep\n|turn|9\n|\n|t:|1782772834\n|move|p1a: Gliscor|Toxic Spikes|p2a: Exeggutor\n|-sidestart|p2: APin23|move: Toxic Spikes\n|move|p2a: Exeggutor|Calm Mind|p2a: Exeggutor\n|-boost|p2a: Exeggutor|spa|1\n|-boost|p2a: Exeggutor|spd|1\n|\n|-heal|p1a: Gliscor|203/239 tox|[from] ability: Poison Heal\n|upkeep\n|turn|10\n|\n|t:|1782772843\n|switch|p1a: Staraptor|Staraptor, L79, F|263/263\n|move|p2a: Exeggutor|Calm Mind|p2a: Exeggutor\n|-boost|p2a: Exeggutor|spa|1\n|-boost|p2a: Exeggutor|spd|1\n|\n|upkeep\n|turn|11\n|\n|t:|1782772854\n|switch|p1a: Medicham|Medicham, L86, F|228/243 brn\n|-terastallize|p2a: Exeggutor|Steel\n|move|p2a: Exeggutor|Sleep Powder||[still]\n|-fail|p2a: Exeggutor\n|\n|-damage|p1a: Medicham|213/243 brn|[from] brn\n|upkeep\n|turn|12\n|\n|t:|1782772865\n|move|p1a: Medicham|Trick|p2a: Exeggutor\n|-activate|p1a: Medicham|move: Trick|[of] p2a: Exeggutor\n|-item|p2a: Exeggutor|Eviolite|[from] move: Trick\n|-item|p1a: Medicham|Sitrus Berry|[from] move: Trick\n|move|p2a: Exeggutor|Psyshock|p1a: Medicham\n|-damage|p1a: Medicham|0 fnt\n|faint|p1a: Medicham\n|\n|upkeep\n|\n|t:|1782772875\n|switch|p1a: Ceruledge|Ceruledge, L78, F|245/245\n|turn|13\n|\n|t:|1782772883\n|switch|p1a: Staraptor|Staraptor, L79, F|263/263\n|move|p2a: Exeggutor|Sleep Powder|p1a: Staraptor\n|-status|p1a: Staraptor|slp|[from] move: Sleep Powder\n|\n|upkeep\n|turn|14\n|\n|t:|1782772888\n|switch|p1a: Gliscor|Gliscor, L76, F|203/239 tox\n|move|p2a: Exeggutor|Psyshock|p1a: Gliscor\n|-damage|p1a: Gliscor|2/239 tox\n|\n|-heal|p1a: Gliscor|31/239 tox|[from] ability: Poison Heal\n|upkeep\n|turn|15\n|\n|t:|1782772897\n|move|p1a: Gliscor|Protect|p1a: Gliscor\n|-singleturn|p1a: Gliscor|Protect\n|move|p2a: Exeggutor|Psyshock|p1a: Gliscor\n|-activate|p1a: Gliscor|move: Protect\n|\n|-heal|p1a: Gliscor|60/239 tox|[from] ability: Poison Heal\n|upkeep\n|turn|16\n|\n|t:|1782772902\n|move|p1a: Gliscor|Earthquake|p2a: Exeggutor\n|-supereffective|p2a: Exeggutor\n|-damage|p2a: Exeggutor|138/314\n|move|p2a: Exeggutor|Psyshock|p1a: Gliscor\n|-damage|p1a: Gliscor|0 fnt\n|faint|p1a: Gliscor\n|\n|upkeep\n|\n|t:|1782772906\n|switch|p1a: Ceruledge|Ceruledge, L78, F|245/245\n|turn|17\n|\n|t:|1782772910\n|move|p1a: Ceruledge|Bitter Blade|p2a: Exeggutor\n|-supereffective|p2a: Exeggutor\n|-damage|p2a: Exeggutor|0 fnt\n|faint|p2a: Exeggutor\n|\n|upkeep\n|\n|t:|1782772920\n|switch|p2a: Swalot|Swalot, L90, M|326/326\n|-sideend|p2: APin23|move: Toxic Spikes|[of] p2a: Swalot\n|turn|18\n|\n|t:|1782772927\n|switch|p1a: Staraptor|Staraptor, L79, F|263/263 slp\n|move|p2a: Swalot|Knock Off|p1a: Staraptor\n|-damage|p1a: Staraptor|189/263 slp\n|-enditem|p1a: Staraptor|Choice Band|[from] move: Knock Off|[of] p2a: Swalot\n|\n|upkeep\n|turn|19\n|\n|t:|1782772934\n|cant|p1a: Staraptor|slp\n|move|p2a: Swalot|Swords Dance|p2a: Swalot\n|-boost|p2a: Swalot|atk|2\n|\n|upkeep\n|turn|20\n|\n|t:|1782772939\n|cant|p1a: Staraptor|slp\n|move|p2a: Swalot|Gunk Shot|p1a: Staraptor|[miss]\n|-miss|p2a: Swalot|p1a: Staraptor\n|\n|upkeep\n|turn|21\n|\n|t:|1782772942\n|cant|p1a: Staraptor|slp\n|move|p2a: Swalot|Gunk Shot|p1a: Staraptor\n|-damage|p1a: Staraptor|0 fnt\n|faint|p1a: Staraptor\n|\n|upkeep\n|\n|t:|1782772947\n|switch|p1a: Regieleki|Regieleki, L79|256/256\n|turn|22\n|\n|t:|1782772950\n|move|p1a: Regieleki|Thunderbolt|p2a: Swalot\n|-damage|p2a: Swalot|187/326\n|move|p2a: Swalot|Earthquake|p1a: Regieleki\n|-supereffective|p1a: Regieleki\n|-damage|p1a: Regieleki|0 fnt\n|faint|p1a: Regieleki\n|\n|-heal|p2a: Swalot|207/326|[from] item: Leftovers\n|upkeep\n|\n|t:|1782772953\n|switch|p1a: Ceruledge|Ceruledge, L78, F|245/245\n|turn|23\n|\n|t:|1782772960\n|-terastallize|p1a: Ceruledge|Ghost\n|move|p1a: Ceruledge|Swords Dance|p1a: Ceruledge\n|-boost|p1a: Ceruledge|atk|2\n|move|p2a: Swalot|Earthquake|p1a: Ceruledge\n|-damage|p1a: Ceruledge|80/245\n|-ability|p1a: Ceruledge|Weak Armor|boost\n|-unboost|p1a: Ceruledge|def|1\n|-boost|p1a: Ceruledge|spe|2\n|\n|-heal|p2a: Swalot|227/326|[from] item: Leftovers\n|upkeep\n|turn|24\n|\n|t:|1782772965\n|move|p1a: Ceruledge|Bitter Blade|p2a: Swalot\n|-damage|p2a: Swalot|20/326\n|-damage|p1a: Ceruledge|0 fnt|[from] ability: Liquid Ooze|[of] p2a: Swalot\n|faint|p1a: Ceruledge\n|\n|win|APin23\n|raw|flufluxlo's rating: 1202 &rarr; <strong>1173</strong><br />(-29 for losing)\n|raw|APin23's rating: 1149 &rarr; <strong>1178</strong><br />(+29 for winning)\n|l|\u203dflufluxlo\n|player|p1|\n", "inputlog": ">version f8ac14003a5f27e1bdc8d8c59608a773c1cb96e5\n>start {\"formatid\":\"gen9randombattle\",\"seed\":\"sodium,0fc66cad346ed5a6b459fb4b453a7950\",\"rated\":\"Rated battle\"}\n>player p1 {\"name\":\"flufluxlo\",\"avatar\":\"265\",\"rating\":1202,\"seed\":\"sodium,375835ea2f571a54a31404b223c1a5c0\"}\n>player p2 {\"name\":\"APin23\",\"avatar\":\"dawn-gen4pt\",\"rating\":1149,\"seed\":\"sodium,6d4a4c15df8e1b8d01ff8a8792a16768\"}\n>p1 switch 2\n>p2 move willowisp\n>p1 move sacredfire\n>p2 switch 5\n>p1 move sacredfire\n>p2 move earthquake\n>p1 move sacredfire\n>p2 move earthquake\n>p2 switch 5\n>p1 move sacredfire\n>p2 move shadowball\n>p1 switch 6\n>p1 move trick\n>p2 move willowisp\n>p1 switch 2\n>p2 switch 6\n>p1 move toxicspikes\n>p2 move psyshock\n>p1 move toxicspikes\n>p2 move calmmind\n>p1 switch 3\n>p2 move calmmind\n>p1 switch 2\n>p2 move sleeppowder terastallize\n>p1 move trick\n>p2 move psyshock\n>p1 switch 4\n>p1 switch 2\n>p2 move sleeppowder\n>p1 switch 3\n>p2 move psyshock\n>p1 move protect\n>p2 move psyshock\n>p1 move earthquake\n>p2 move psyshock\n>p1 switch 2\n>p1 move bitterblade\n>p2 move psyshock\n>p2 switch 4\n>p1 switch 3\n>p2 move knockoff\n>p1 move bravebird\n>p2 move swordsdance\n>p1 move bravebird\n>p2 move gunkshot\n>p1 move bravebird\n>p2 move gunkshot\n>p1 switch 5\n>p1 move thunderbolt\n>p2 move earthquake\n>p1 switch 3\n>p1 move swordsdance terastallize\n>p2 move earthquake\n>p1 move bitterblade\n>p2 move knockoff", "uploadtime": 1782772969, "views": 2, "formatid": "gen9randombattle", "rating": 1173, "private": 0, "password": null, "player_dets": [{"name": "flufluxlo", "avatar": "265", "rating": 1202, "seed": "sodium,375835ea2f571a54a31404b223c1a5c0"}, {"name": "APin23", "avatar": "dawn-gen4pt", "rating": 1149, "seed": "sodium,6d4a4c15df8e1b8d01ff8a8792a16768"}], "teams_full": [{"Gliscor": {"name": "Gliscor", "species": "Gliscor", "speciesId": "gliscor", "gender": "F", "shiny": false, "level": 76, "moves": ["toxicspikes", "knockoff", "earthquake", "protect"], "ability": "Poison Heal", "evs": {"hp": 85, "atk": 85, "def": 85, "spa": 85, "spd": 85, "spe": 85}, "ivs": {"hp": 31, "atk": 31, "def": 31, "spa": 31, "spd": 31, "spe": 31}, "item": "Toxic Orb", "teraType": "Water", "role": "Bulky Support", "bvs": {"hp": 75, "atk": 95, "def": 125, "spa": 45, "spd": 75, "spe": 95}, "stats": {"hp": 239, "atk": 188, "def": 234, "spa": 112, "spd": 158, "spe": 188}, "types": ["Ground", "Flying"]}, "Entei": {"name": "Entei", "species": "Entei", "speciesId": "entei", "gender": "N", "shiny": false, "level": 78, "moves": ["sacredfire", "extremespeed", "flareblitz", "stoneedge"], "ability": "Inner Focus", "evs": {"hp": 85, "atk": 85, "def": 85, "spa": 85, "spd": 85, "spe": 85}, "ivs": {"hp": 31, "atk": 31, "def": 31, "spa": 31, "spd": 31, "spe": 31}, "item": "Choice Band", "teraType": "Normal", "role": "Fast Attacker", "bvs": {"hp": 115, "atk": 115, "def": 85, "spa": 90, "spd": 75, "spe": 100}, "stats": {"hp": 307, "atk": 224, "def": 178, "spa": 185, "spd": 162, "spe": 201}, "types": ["Fire"]}, "Staraptor": {"name": "Staraptor", "species": "Staraptor", "speciesId": "staraptor", "gender": "F", "shiny": false, "level": 79, "moves": ["bravebird", "doubleedge", "quickattack", "closecombat"], "ability": "Reckless", "evs": {"hp": 81, "atk": 85, "def": 85, "spa": 85, "spd": 85, "spe": 85}, "ivs": {"hp": 31, "atk": 31, "def": 31, "spa": 31, "spd": 31, "spe": 31}, "item": "Choice Band", "teraType": "Flying", "role": "Fast Attacker", "bvs": {"hp": 85, "atk": 120, "def": 70, "spa": 50, "spd": 60, "spe": 100}, "stats": {"hp": 263, "atk": 235, "def": 156, "spa": 125, "spd": 140, "spe": 204}, "types": ["Normal", "Flying"]}, "Ceruledge": {"name": "Ceruledge", "species": "Ceruledge", "speciesId": "ceruledge", "gender": "F", "shiny": false, "level": 78, "moves": ["swordsdance", "closecombat", "poltergeist", "bitterblade"], "ability": "Weak Armor", "evs": {"hp": 85, "atk": 85, "def": 85, "spa": 85, "spd": 85, "spe": 85}, "ivs": {"hp": 31, "atk": 31, "def": 31, "spa": 31, "spd": 31, "spe": 31}, "item": "Heavy-Duty Boots", "teraType": "Ghost", "role": "Setup Sweeper", "bvs": {"hp": 75, "atk": 125, "def": 80, "spa": 60, "spd": 100, "spe": 85}, "stats": {"hp": 245, "atk": 240, "def": 170, "spa": 139, "spd": 201, "spe": 178}, "types": ["Fire", "Ghost"]}, "Regieleki": {"name": "Regieleki", "species": "Regieleki", "speciesId": "regieleki", "gender": "N", "shiny": false, "level": 79, "moves": ["rapidspin", "terablast", "thunderbolt", "voltswitch"], "ability": "Transistor", "evs": {"hp": 85, "atk": 85, "def": 85, "spa": 85, "spd": 85, "spe": 85}, "ivs": {"hp": 31, "atk": 31, "def": 31, "spa": 31, "spd": 31, "spe": 31}, "item": "Magnet", "teraType": "Ice", "role": "Tera Blast user", "bvs": {"hp": 80, "atk": 100, "def": 50, "spa": 100, "spd": 50, "spe": 200}, "stats": {"hp": 256, "atk": 204, "def": 125, "spa": 204, "spd": 125, "spe": 362}, "types": ["Electric"]}, "Medicham": {"name": "Medicham", "species": "Medicham", "speciesId": "medicham", "gender": "F", "shiny": false, "level": 86, "moves": ["zenheadbutt", "icepunch", "trick", "closecombat"], "ability": "Pure Power", "evs": {"hp": 85, "atk": 85, "def": 85, "spa": 85, "spd": 85, "spe": 85}, "ivs": {"hp": 31, "atk": 31, "def": 31, "spa": 31, "spd": 31, "spe": 31}, "item": "Choice Scarf", "teraType": "Fighting", "role": "Fast Attacker", "bvs": {"hp": 60, "atk": 60, "def": 75, "spa": 60, "spd": 75, "spe": 80}, "stats": {"hp": 243, "atk": 152, "def": 178, "spa": 152, "spd": 178, "spe": 187}, "types": ["Fighting", "Psychic"]}}, {"Misdreavus": {"name": "Misdreavus", "species": "Misdreavus", "speciesId": "misdreavus", "gender": "F", "shiny": false, "level": 90, "moves": ["drainingkiss", "calmmind", "shadowball", "willowisp"], "ability": "Levitate", "evs": {"hp": 85, "atk": 0, "def": 85, "spa": 85, "spd": 85, "spe": 85}, "ivs": {"hp": 31, "atk": 0, "def": 31, "spa": 31, "spd": 31, "spe": 31}, "item": "Eviolite", "teraType": "Fairy", "role": "Bulky Setup", "bvs": {"hp": 60, "atk": 60, "def": 60, "spa": 85, "spd": 85, "spe": 85}, "stats": {"hp": 254, "atk": 113, "def": 159, "spa": 204, "spd": 204, "spe": 204}, "types": ["Ghost"]}, "Ceruledge": {"name": "Ceruledge", "species": "Ceruledge", "speciesId": "ceruledge", "gender": "F", "shiny": false, "level": 78, "moves": ["poltergeist", "closecombat", "bitterblade", "swordsdance"], "ability": "Weak Armor", "evs": {"hp": 85, "atk": 85, "def": 85, "spa": 85, "spd": 85, "spe": 85}, "ivs": {"hp": 31, "atk": 31, "def": 31, "spa": 31, "spd": 31, "spe": 31}, "item": "Heavy-Duty Boots", "teraType": "Fire", "role": "Setup Sweeper", "bvs": {"hp": 75, "atk": 125, "def": 80, "spa": 60, "spd": 100, "spe": 85}, "stats": {"hp": 245, "atk": 240, "def": 170, "spa": 139, "spd": 201, "spe": 178}, "types": ["Fire", "Ghost"]}, "Reshiram": {"name": "Reshiram", "species": "Reshiram", "speciesId": "reshiram", "gender": "N", "shiny": false, "level": 76, "moves": ["dracometeor", "earthpower", "blueflare", "willowisp"], "ability": "Turboblaze", "evs": {"hp": 85, "atk": 0, "def": 85, "spa": 85, "spd": 85, "spe": 85}, "ivs": {"hp": 31, "atk": 0, "def": 31, "spa": 31, "spd": 31, "spe": 31}, "item": "Heavy-Duty Boots", "teraType": "Ground", "role": "Fast Attacker", "bvs": {"hp": 100, "atk": 120, "def": 100, "spa": 150, "spd": 120, "spe": 90}, "stats": {"hp": 277, "atk": 187, "def": 196, "spa": 272, "spd": 226, "spe": 181}, "types": ["Dragon", "Fire"]}, "Swalot": {"name": "Swalot", "species": "Swalot", "speciesId": "swalot", "gender": "M", "shiny": false, "level": 90, "moves": ["knockoff", "gunkshot", "earthquake", "swordsdance"], "ability": "Liquid Ooze", "evs": {"hp": 85, "atk": 85, "def": 85, "spa": 85, "spd": 85, "spe": 85}, "ivs": {"hp": 31, "atk": 31, "def": 31, "spa": 31, "spd": 31, "spe": 31}, "item": "Leftovers", "teraType": "Dark", "role": "Bulky Setup", "bvs": {"hp": 100, "atk": 73, "def": 83, "spa": 73, "spd": 83, "spe": 55}, "stats": {"hp": 326, "atk": 183, "def": 201, "spa": 183, "spd": 201, "spe": 150}, "types": ["Poison"]}, "Donphan": {"name": "Donphan", "species": "Donphan", "speciesId": "donphan", "gender": "F", "shiny": false, "level": 84, "moves": ["stealthrock", "icespinner", "rapidspin", "earthquake"], "ability": "Sturdy", "evs": {"hp": 85, "atk": 85, "def": 85, "spa": 85, "spd": 85, "spe": 85}, "ivs": {"hp": 31, "atk": 31, "def": 31, "spa": 31, "spd": 31, "spe": 31}, "item": "Leftovers", "teraType": "Dragon", "role": "Bulky Support", "bvs": {"hp": 90, "atk": 120, "def": 120, "spa": 60, "spd": 60, "spe": 50}, "stats": {"hp": 288, "atk": 250, "def": 250, "spa": 149, "spd": 149, "spe": 132}, "types": ["Ground"]}, "Exeggutor": {"name": "Exeggutor", "species": "Exeggutor", "speciesId": "exeggutor", "gender": "M", "shiny": false, "level": 89, "moves": ["sleeppowder", "gigadrain", "calmmind", "psyshock"], "ability": "Harvest", "evs": {"hp": 85, "atk": 0, "def": 85, "spa": 85, "spd": 85, "spe": 85}, "ivs": {"hp": 31, "atk": 0, "def": 31, "spa": 31, "spd": 31, "spe": 31}, "item": "Sitrus Berry", "teraType": "Steel", "role": "Bulky Setup", "bvs": {"hp": 95, "atk": 95, "def": 85, "spa": 125, "spd": 75, "spe": 55}, "stats": {"hp": 314, "atk": 174, "def": 202, "spa": 273, "spd": 184, "spe": 149}, "types": ["Grass", "Psychic"]}}]}