{"id": "gen9randombattle-2641513418", "format": "[Gen 9] Random Battle", "players": ["BlahajEnbyUwU666", "sunsa"], "log": "|j|\u2606BlahajEnbyUwU666\n|j|\u2606sunsa\n|t:|1782798106\n|gametype|singles\n|player|p1|BlahajEnbyUwU666|1|1960\n|player|p2|sunsa|fisherman-gen4|1982\n|gen|9\n|tier|[Gen 9] Random Battle\n|rated|\n|rule|Species Clause: Limit one of each Pok\u00e9mon\n|rule|HP Percentage Mod: HP is shown in percentages\n|rule|Sleep Clause Mod: Limit one foe put to sleep\n|rule|Illusion Level Mod: Illusion disguises the Pok\u00e9mon's true level\n|\n|t:|1782798106\n|teamsize|p1|6\n|teamsize|p2|6\n|start\n|switch|p1a: Alcremie|Alcremie-Rainbow-Swirl, L90, F|263/263\n|switch|p2a: Cryogonal|Cryogonal, L89|287/287\n|turn|1\n|inactive|Battle timer is ON: inactive players will automatically lose when time's up. (requested by sunsa)\n|\n|t:|1782798134\n|switch|p2a: Spidops|Spidops, L96, M|271/271\n|switch|p1a: Wyrdeer|Wyrdeer, L87, M|321/321\n|-ability|p1a: Wyrdeer|Intimidate|boost\n|-unboost|p2a: Spidops|atk|1\n|\n|upkeep\n|turn|2\n|\n|t:|1782798144\n|switch|p1a: Terrakion|Terrakion, L79|273/273\n|move|p2a: Spidops|Sticky Web|p1a: Terrakion\n|-sidestart|p1: BlahajEnbyUwU666|move: Sticky Web\n|\n|upkeep\n|turn|3\n|\n|t:|1782798153\n|switch|p2a: Iron Valiant|Iron Valiant, L78|244/244\n|move|p1a: Terrakion|Stone Edge|p2a: Iron Valiant|[miss]\n|-miss|p1a: Terrakion|p2a: Iron Valiant\n|\n|upkeep\n|turn|4\n|\n|t:|1782798160\n|switch|p1a: Wyrdeer|Wyrdeer, L87, M|321/321\n|-activate|p1a: Wyrdeer|move: Sticky Web\n|-unboost|p1a: Wyrdeer|spe|1\n|-ability|p1a: Wyrdeer|Intimidate|boost\n|-unboost|p2a: Iron Valiant|atk|1\n|move|p2a: Iron Valiant|Close Combat|p1a: Wyrdeer\n|-damage|p1a: Wyrdeer|183/321\n|-unboost|p2a: Iron Valiant|def|1\n|-unboost|p2a: Iron Valiant|spd|1\n|-damage|p2a: Iron Valiant|220/244|[from] item: Life Orb\n|\n|-heal|p1a: Wyrdeer|203/321|[from] item: Leftovers\n|upkeep\n|turn|5\n|\n|t:|1782798170\n|-end|p2a: Iron Valiant|Quark Drive|[silent]\n|switch|p2a: Spidops|Spidops, L96, M|271/271\n|move|p1a: Wyrdeer|Psychic Noise|p2a: Spidops\n|-damage|p2a: Spidops|189/271\n|-start|p2a: Spidops|move: Heal Block\n|\n|-heal|p1a: Wyrdeer|223/321|[from] item: Leftovers\n|upkeep\n|turn|6\n|\n|t:|1782798175\n|move|p2a: Spidops|U-turn|p1a: Wyrdeer\n|-supereffective|p1a: Wyrdeer\n|-damage|p1a: Wyrdeer|23/321\n|\n|t:|1782798178\n|switch|p2a: Cryogonal|Cryogonal, L89|287/287|[from] U-turn\n|move|p1a: Wyrdeer|Body Slam|p2a: Cryogonal\n|-damage|p2a: Cryogonal|140/287\n|-status|p2a: Cryogonal|par\n|\n|-heal|p1a: Wyrdeer|43/321|[from] item: Leftovers\n|upkeep\n|turn|7\n|\n|t:|1782798186\n|cant|p2a: Cryogonal|par\n|move|p1a: Wyrdeer|Psychic Noise|p2a: Cryogonal\n|-damage|p2a: Cryogonal|74/287 par\n|-start|p2a: Cryogonal|move: Heal Block\n|\n|-heal|p1a: Wyrdeer|63/321|[from] item: Leftovers\n|upkeep\n|turn|8\n|\n|t:|1782798192\n|cant|p2a: Cryogonal|par\n|move|p1a: Wyrdeer|Body Slam|p2a: Cryogonal\n|-damage|p2a: Cryogonal|0 fnt\n|faint|p2a: Cryogonal\n|\n|-heal|p1a: Wyrdeer|83/321|[from] item: Leftovers\n|upkeep\n|\n|t:|1782798195\n|switch|p2a: Iron Valiant|Iron Valiant, L78|220/244\n|turn|9\n|\n|t:|1782798204\n|move|p2a: Iron Valiant|Moonblast|p1a: Wyrdeer\n|-damage|p1a: Wyrdeer|0 fnt\n|faint|p1a: Wyrdeer\n|-damage|p2a: Iron Valiant|196/244|[from] item: Life Orb\n|\n|upkeep\n|\n|t:|1782798213\n|switch|p1a: Lugia|Lugia, L73|275/275\n|turn|10\n|\n|t:|1782798224\n|-end|p2a: Iron Valiant|Quark Drive|[silent]\n|switch|p2a: Pikachu|Pikachu-Sinnoh, L93, M|216/216\n|move|p1a: Lugia|Aeroblast|p2a: Pikachu\n|-resisted|p2a: Pikachu\n|-damage|p2a: Pikachu|162/216\n|\n|upkeep\n|turn|11\n|\n|t:|1782798230\n|switch|p1a: Sandaconda|Sandaconda, L84, F|258/258\n|-activate|p1a: Sandaconda|move: Sticky Web\n|-unboost|p1a: Sandaconda|spe|1\n|move|p2a: Pikachu|Fake Out|p1a: Sandaconda\n|-damage|p1a: Sandaconda|223/258\n|\n|upkeep\n|turn|12\n|\n|t:|1782798243\n|switch|p2a: Spidops|Spidops, L96, M|189/271\n|move|p1a: Sandaconda|Scale Shot|p2a: Spidops\n|-damage|p2a: Spidops|171/271\n|-damage|p2a: Spidops|153/271\n|-damage|p2a: Spidops|137/271\n|-damage|p2a: Spidops|121/271\n|-hitcount|p2a: Spidops|4\n|-unboost|p1a: Sandaconda|def|1\n|-boost|p1a: Sandaconda|spe|1\n|\n|upkeep\n|turn|13\n|\n|t:|1782798253\n|move|p1a: Sandaconda|Rock Blast|p2a: Spidops\n|-supereffective|p2a: Spidops\n|-damage|p2a: Spidops|87/271\n|-supereffective|p2a: Spidops\n|-damage|p2a: Spidops|49/271\n|-supereffective|p2a: Spidops\n|-damage|p2a: Spidops|17/271\n|-supereffective|p2a: Spidops\n|-damage|p2a: Spidops|0 fnt\n|faint|p2a: Spidops\n|-hitcount|p2: Spidops|4\n|\n|upkeep\n|\n|t:|1782798263\n|switch|p2a: Persian|Persian, L92, M|269/269\n|turn|14\n|\n|t:|1782798268\n|switch|p1a: Terrakion|Terrakion, L79|273/273\n|-activate|p1a: Terrakion|move: Sticky Web\n|-unboost|p1a: Terrakion|spe|1\n|move|p2a: Persian|Double-Edge|p1a: Terrakion\n|-resisted|p1a: Terrakion\n|-damage|p1a: Terrakion|195/273\n|-damage|p2a: Persian|243/269|[from] Recoil\n|\n|upkeep\n|turn|15\n|\n|t:|1782798274\n|move|p2a: Persian|U-turn|p1a: Terrakion\n|-resisted|p1a: Terrakion\n|-damage|p1a: Terrakion|172/273\n|\n|t:|1782798277\n|switch|p2a: Iron Valiant|Iron Valiant, L78|196/244|[from] U-turn\n|move|p1a: Terrakion|Close Combat|p2a: Iron Valiant\n|-resisted|p2a: Iron Valiant\n|-damage|p2a: Iron Valiant|93/244\n|-unboost|p1a: Terrakion|def|1\n|-unboost|p1a: Terrakion|spd|1\n|\n|upkeep\n|turn|16\n|\n|t:|1782798285\n|switch|p1a: Alcremie|Alcremie-Rainbow-Swirl, L90, F|263/263\n|-activate|p1a: Alcremie|move: Sticky Web\n|-unboost|p1a: Alcremie|spe|1\n|move|p2a: Iron Valiant|Moonblast|p1a: Alcremie\n|-damage|p1a: Alcremie|164/263\n|-unboost|p1a: Alcremie|spa|1\n|-damage|p2a: Iron Valiant|69/244|[from] item: Life Orb\n|\n|-heal|p1a: Alcremie|180/263|[from] item: Leftovers\n|upkeep\n|turn|17\n|\n|t:|1782798293\n|-end|p2a: Iron Valiant|Quark Drive|[silent]\n|switch|p2a: Pikachu|Pikachu-Sinnoh, L93, M|162/216\n|move|p1a: Alcremie|Alluring Voice|p2a: Pikachu\n|-damage|p2a: Pikachu|71/216\n|\n|-heal|p1a: Alcremie|196/263|[from] item: Leftovers\n|upkeep\n|turn|18\n|\n|t:|1782798306\n|move|p2a: Pikachu|Surf|p1a: Alcremie\n|-damage|p1a: Alcremie|129/263\n|move|p1a: Alcremie|Alluring Voice|p2a: Pikachu\n|-damage|p2a: Pikachu|0 fnt\n|faint|p2a: Pikachu\n|\n|-heal|p1a: Alcremie|145/263|[from] item: Leftovers\n|upkeep\n|\n|t:|1782798309\n|switch|p2a: Persian|Persian, L92, M|243/269\n|turn|19\n|\n|t:|1782798317\n|switch|p1a: Sandaconda|Sandaconda, L84, F|223/258\n|-activate|p1a: Sandaconda|move: Sticky Web\n|-unboost|p1a: Sandaconda|spe|1\n|move|p2a: Persian|Double-Edge|p1a: Sandaconda\n|-damage|p1a: Sandaconda|111/258\n|-damage|p2a: Persian|206/269|[from] Recoil\n|\n|upkeep\n|turn|20\n|\n|t:|1782798321\n|move|p2a: Persian|Double-Edge|p1a: Sandaconda\n|-damage|p1a: Sandaconda|0 fnt\n|faint|p1a: Sandaconda\n|-damage|p2a: Persian|169/269|[from] Recoil\n|\n|upkeep\n|\n|t:|1782798325\n|switch|p1a: Terrakion|Terrakion, L79|172/273\n|-activate|p1a: Terrakion|move: Sticky Web\n|-unboost|p1a: Terrakion|spe|1\n|turn|21\n|\n|t:|1782798329\n|move|p2a: Persian|Double-Edge|p1a: Terrakion\n|-resisted|p1a: Terrakion\n|-damage|p1a: Terrakion|101/273\n|-damage|p2a: Persian|146/269|[from] Recoil\n|move|p1a: Terrakion|Close Combat|p2a: Persian\n|-supereffective|p2a: Persian\n|-damage|p2a: Persian|0 fnt\n|-unboost|p1a: Terrakion|def|1\n|-unboost|p1a: Terrakion|spd|1\n|faint|p2a: Persian\n|\n|upkeep\n|\n|t:|1782798332\n|switch|p2a: Spectrier|Spectrier, L75|274/274\n|turn|22\n|\n|t:|1782798341\n|switch|p1a: Alcremie|Alcremie-Rainbow-Swirl, L90, F|145/263\n|-activate|p1a: Alcremie|move: Sticky Web\n|-unboost|p1a: Alcremie|spe|1\n|move|p2a: Spectrier|Shadow Ball|p1a: Alcremie\n|-damage|p1a: Alcremie|50/263\n|-damage|p2a: Spectrier|247/274|[from] item: Life Orb\n|\n|-heal|p1a: Alcremie|66/263|[from] item: Leftovers\n|upkeep\n|turn|23\n|\n|t:|1782798346\n|move|p2a: Spectrier|Shadow Ball|p1a: Alcremie\n|-damage|p1a: Alcremie|0 fnt\n|faint|p1a: Alcremie\n|-ability|p2a: Spectrier|Grim Neigh|boost\n|-boost|p2a: Spectrier|spa|1\n|-damage|p2a: Spectrier|220/274|[from] item: Life Orb\n|\n|upkeep\n|\n|t:|1782798350\n|switch|p1a: Blastoise|Blastoise, L80, F|258/258\n|-activate|p1a: Blastoise|move: Sticky Web\n|-unboost|p1a: Blastoise|spe|1\n|-enditem|p1a: Blastoise|White Herb\n|-clearnegativeboost|p1a: Blastoise|[silent]\n|turn|24\n|\n|t:|1782798355\n|move|p2a: Spectrier|Shadow Ball|p1a: Blastoise\n|-damage|p1a: Blastoise|102/258\n|-damage|p2a: Spectrier|193/274|[from] item: Life Orb\n|move|p1a: Blastoise|Shell Smash|p1a: Blastoise\n|-unboost|p1a: Blastoise|def|1\n|-unboost|p1a: Blastoise|spd|1\n|-boost|p1a: Blastoise|atk|2\n|-boost|p1a: Blastoise|spa|2\n|-boost|p1a: Blastoise|spe|2\n|\n|upkeep\n|turn|25\n|\n|t:|1782798362\n|move|p1a: Blastoise|Hydro Pump|p2a: Spectrier\n|-damage|p2a: Spectrier|0 fnt\n|faint|p2a: Spectrier\n|\n|upkeep\n|-message|sunsa forfeited.\n|\n|win|BlahajEnbyUwU666\n", "inputlog": ">version f8ac14003a5f27e1bdc8d8c59608a773c1cb96e5\n>start {\"formatid\":\"gen9randombattle\",\"seed\":\"sodium,f459ed6a8427ac4a5a8070bb24591aa6\",\"rated\":\"Rated battle\"}\n>player p1 {\"name\":\"BlahajEnbyUwU666\",\"avatar\":\"1\",\"rating\":1960,\"seed\":\"sodium,9832a16525335ace721822a9b31ad5ca\"}\n>player p2 {\"name\":\"sunsa\",\"avatar\":\"fisherman-gen4\",\"rating\":1982,\"seed\":\"sodium,d472aedfa29d832acc328f702c7bb641\"}\n>p1 switch 3\n>p2 switch 6\n>p1 switch 5\n>p2 move stickyweb\n>p1 move stoneedge\n>p2 switch 3\n>p1 switch 5\n>p2 move closecombat\n>p1 move psychicnoise\n>p2 switch 3\n>p1 move bodyslam\n>p2 move uturn\n>p2 switch 6\n>p1 move psychicnoise\n>p2 move rapidspin\n>p1 move bodyslam\n>p2 move freezedry\n>p2 switch 3\n>p1 move psychicnoise\n>p2 move moonblast\n>p1 switch 6\n>p1 move aeroblast\n>p2 switch 2\n>p1 switch 4\n>p2 move fakeout\n>p1 move scaleshot\n>p2 switch 6\n>p1 move rockblast\n>p2 move knockoff\n>p2 switch 5\n>p1 switch 5\n>p2 move doubleedge\n>p1 move closecombat\n>p2 move uturn\n>p2 switch 2\n>p1 switch 3\n>p2 move moonblast\n>p1 move alluringvoice\n>p2 switch 6\n>p1 move alluringvoice\n>p2 move surf\n>p2 switch 2\n>p1 switch 5\n>p2 move doubleedge\n>p1 move earthquake\n>p2 move doubleedge\n>p1 switch 3\n>p1 move closecombat\n>p2 move doubleedge\n>p2 switch 4\n>p1 switch 5\n>p2 move shadowball\n>p1 move recover\n>p2 move shadowball\n>p1 switch 2\n>p1 move shellsmash\n>p2 move shadowball\n>p1 move hydropump\n>p2 move shadowball\n>forcelose p2", "uploadtime": 1782798108, "views": 3, "formatid": "gen9randombattle", "rating": null, "private": 0, "password": null, "player_dets": [{"name": "BlahajEnbyUwU666", "avatar": "1", "rating": 1960, "seed": "sodium,9832a16525335ace721822a9b31ad5ca"}, {"name": "sunsa", "avatar": "fisherman-gen4", "rating": 1982, "seed": "sodium,d472aedfa29d832acc328f702c7bb641"}], "teams_full": [{"Alcremie": {"name": "Alcremie", "species": "Alcremie-Rainbow-Swirl", "speciesId": "alcremie", "gender": "F", "shiny": false, "level": 90, "moves": ["alluringvoice", "calmmind", "psyshock", "recover"], "ability": "Aroma Veil", "evs": {"hp": 85, "atk": 0, "def": 85, "spa": 85, "spd": 85, "spe": 85}, "ivs": {"hp": 31, "atk": 0, "def": 31, "spa": 31, "spd": 31, "spe": 31}, "item": "Leftovers", "teraType": "Steel", "role": "Bulky Setup", "bvs": {"hp": 65, "atk": 60, "def": 75, "spa": 110, "spd": 121, "spe": 64}, "stats": {"hp": 263, "atk": 113, "def": 186, "spa": 249, "spd": 269, "spe": 167}, "types": ["Fairy"]}, "Blastoise": {"name": "Blastoise", "species": "Blastoise", "speciesId": "blastoise", "gender": "F", "shiny": false, "level": 80, "moves": ["icebeam", "hydropump", "shellsmash", "earthquake"], "ability": "Torrent", "evs": {"hp": 85, "atk": 85, "def": 85, "spa": 85, "spd": 85, "spe": 85}, "ivs": {"hp": 31, "atk": 31, "def": 31, "spa": 31, "spd": 31, "spe": 31}, "item": "White Herb", "teraType": "Water", "role": "Setup Sweeper", "bvs": {"hp": 79, "atk": 83, "def": 100, "spa": 85, "spd": 105, "spe": 78}, "stats": {"hp": 258, "atk": 179, "def": 206, "spa": 182, "spd": 214, "spe": 171}, "types": ["Water"]}, "Wyrdeer": {"name": "Wyrdeer", "species": "Wyrdeer", "speciesId": "wyrdeer", "gender": "M", "shiny": false, "level": 87, "moves": ["bodyslam", "earthquake", "thunderwave", "psychicnoise"], "ability": "Intimidate", "evs": {"hp": 85, "atk": 85, "def": 85, "spa": 85, "spd": 85, "spe": 85}, "ivs": {"hp": 31, "atk": 31, "def": 31, "spa": 31, "spd": 31, "spe": 31}, "item": "Leftovers", "teraType": "Ground", "role": "Bulky Attacker", "bvs": {"hp": 103, "atk": 105, "def": 72, "spa": 105, "spd": 75, "spe": 65}, "stats": {"hp": 321, "atk": 232, "def": 175, "spa": 232, "spd": 180, "spe": 163}, "types": ["Normal", "Psychic"]}, "Sandaconda": {"name": "Sandaconda", "species": "Sandaconda", "speciesId": "sandaconda", "gender": "F", "shiny": false, "level": 84, "moves": ["coil", "earthquake", "scaleshot", "rockblast"], "ability": "Shed Skin", "evs": {"hp": 85, "atk": 85, "def": 85, "spa": 85, "spd": 85, "spe": 85}, "ivs": {"hp": 31, "atk": 31, "def": 31, "spa": 31, "spd": 31, "spe": 31}, "item": "Loaded Dice", "teraType": "Dragon", "role": "Fast Bulky Setup", "bvs": {"hp": 72, "atk": 107, "def": 125, "spa": 65, "spd": 70, "spe": 71}, "stats": {"hp": 258, "atk": 228, "def": 258, "spa": 157, "spd": 166, "spe": 167}, "types": ["Ground"]}, "Terrakion": {"name": "Terrakion", "species": "Terrakion", "speciesId": "terrakion", "gender": "N", "shiny": false, "level": 79, "moves": ["quickattack", "closecombat", "earthquake", "stoneedge"], "ability": "Justified", "evs": {"hp": 85, "atk": 85, "def": 85, "spa": 85, "spd": 85, "spe": 85}, "ivs": {"hp": 31, "atk": 31, "def": 31, "spa": 31, "spd": 31, "spe": 31}, "item": "Choice Band", "teraType": "Fighting", "role": "Wallbreaker", "bvs": {"hp": 91, "atk": 129, "def": 90, "spa": 72, "spd": 90, "spe": 108}, "stats": {"hp": 273, "atk": 249, "def": 188, "spa": 159, "spd": 188, "spe": 216}, "types": ["Rock", "Fighting"]}, "Lugia": {"name": "Lugia", "species": "Lugia", "speciesId": "lugia", "gender": "N", "shiny": false, "level": 73, "moves": ["aeroblast", "earthpower", "calmmind", "recover"], "ability": "Multiscale", "evs": {"hp": 85, "atk": 0, "def": 85, "spa": 85, "spd": 85, "spe": 85}, "ivs": {"hp": 31, "atk": 0, "def": 31, "spa": 31, "spd": 31, "spe": 31}, "item": "Heavy-Duty Boots", "teraType": "Ground", "role": "Bulky Setup", "bvs": {"hp": 106, "atk": 90, "def": 130, "spa": 90, "spd": 154, "spe": 110}, "stats": {"hp": 275, "atk": 136, "def": 232, "spa": 174, "spd": 267, "spe": 203}, "types": ["Psychic", "Flying"]}}, {"Cryogonal": {"name": "Cryogonal", "species": "Cryogonal", "speciesId": "cryogonal", "gender": "N", "shiny": false, "level": 89, "moves": ["rapidspin", "recover", "freezedry", "flashcannon"], "ability": "Levitate", "evs": {"hp": 85, "atk": 85, "def": 85, "spa": 85, "spd": 85, "spe": 85}, "ivs": {"hp": 31, "atk": 31, "def": 31, "spa": 31, "spd": 31, "spe": 31}, "item": "Heavy-Duty Boots", "teraType": "Poison", "role": "Bulky Support", "bvs": {"hp": 80, "atk": 50, "def": 50, "spa": 95, "spd": 135, "spe": 105}, "stats": {"hp": 287, "atk": 140, "def": 140, "spa": 220, "spd": 291, "spe": 238}, "types": ["Ice"]}, "Pikachu": {"name": "Pikachu", "species": "Pikachu-Sinnoh", "speciesId": "pikachu", "gender": "M", "shiny": false, "level": 93, "moves": ["playrough", "fakeout", "surf", "volttackle"], "ability": "Lightning Rod", "evs": {"hp": 85, "atk": 85, "def": 85, "spa": 85, "spd": 85, "spe": 85}, "ivs": {"hp": 31, "atk": 31, "def": 31, "spa": 31, "spd": 31, "spe": 31}, "item": "Light Ball", "teraType": "Water", "role": "Fast Attacker", "bvs": {"hp": 35, "atk": 55, "def": 40, "spa": 50, "spd": 50, "spe": 90}, "stats": {"hp": 216, "atk": 155, "def": 127, "spa": 146, "spd": 146, "spe": 220}, "types": ["Electric"]}, "Iron Valiant": {"name": "Iron Valiant", "species": "Iron Valiant", "speciesId": "ironvaliant", "gender": "N", "shiny": false, "level": 78, "moves": ["moonblast", "closecombat", "psychic", "calmmind"], "ability": "Quark Drive", "evs": {"hp": 85, "atk": 85, "def": 85, "spa": 85, "spd": 85, "spe": 85}, "ivs": {"hp": 31, "atk": 31, "def": 31, "spa": 31, "spd": 31, "spe": 31}, "item": "Life Orb", "teraType": "Fairy", "role": "Fast Attacker", "bvs": {"hp": 74, "atk": 130, "def": 90, "spa": 120, "spd": 60, "spe": 116}, "stats": {"hp": 244, "atk": 248, "def": 185, "spa": 232, "spd": 139, "spe": 226}, "types": ["Fairy", "Fighting"]}, "Spectrier": {"name": "Spectrier", "species": "Spectrier", "speciesId": "spectrier", "gender": "N", "shiny": false, "level": 75, "moves": ["darkpulse", "shadowball", "nastyplot", "willowisp"], "ability": "Grim Neigh", "evs": {"hp": 85, "atk": 0, "def": 85, "spa": 85, "spd": 85, "spe": 85}, "ivs": {"hp": 31, "atk": 0, "def": 31, "spa": 31, "spd": 31, "spe": 31}, "item": "Life Orb", "teraType": "Dark", "role": "Setup Sweeper", "bvs": {"hp": 100, "atk": 65, "def": 60, "spa": 145, "spd": 80, "spe": 130}, "stats": {"hp": 274, "atk": 102, "def": 134, "spa": 261, "spd": 164, "spe": 239}, "types": ["Ghost"]}, "Persian": {"name": "Persian", "species": "Persian", "speciesId": "persian", "gender": "M", "shiny": false, "level": 92, "moves": ["doubleedge", "fakeout", "uturn", "knockoff"], "ability": "Technician", "evs": {"hp": 85, "atk": 85, "def": 85, "spa": 85, "spd": 85, "spe": 85}, "ivs": {"hp": 31, "atk": 31, "def": 31, "spa": 31, "spd": 31, "spe": 31}, "item": "Silk Scarf", "teraType": "Normal", "role": "Fast Attacker", "bvs": {"hp": 65, "atk": 70, "def": 60, "spa": 65, "spd": 65, "spe": 115}, "stats": {"hp": 269, "atk": 181, "def": 163, "spa": 172, "spd": 172, "spe": 264}, "types": ["Normal"]}, "Spidops": {"name": "Spidops", "species": "Spidops", "speciesId": "spidops", "gender": "M", "shiny": false, "level": 96, "moves": ["knockoff", "circlethrow", "uturn", "stickyweb"], "ability": "Stakeout", "evs": {"hp": 85, "atk": 85, "def": 85, "spa": 85, "spd": 85, "spe": 85}, "ivs": {"hp": 31, "atk": 31, "def": 31, "spa": 31, "spd": 31, "spe": 31}, "item": "Heavy-Duty Boots", "teraType": "Ghost", "role": "Bulky Support", "bvs": {"hp": 60, "atk": 79, "def": 92, "spa": 52, "spd": 86, "spe": 35}, "stats": {"hp": 271, "atk": 206, "def": 231, "spa": 154, "spd": 220, "spe": 122}, "types": ["Bug"]}}]}