{"id": "gen9randombattle-2641465752", "format": "[Gen 9] Random Battle", "players": ["RedDudeN64", "igiveuponaname"], "log": "|j|\u2606RedDudeN64\n|j|\u2606igiveuponaname\n|t:|1782789067\n|gametype|singles\n|player|p1|RedDudeN64|red|2084\n|player|p2|igiveuponaname|miku-fire|2134\n|gen|9\n|tier|[Gen 9] Random Battle\n|rated|\n|rule|Species Clause: Limit one of each Pok\u00e9mon\n|rule|HP Percentage Mod: HP is shown in percentages\n|rule|Sleep Clause Mod: Limit one foe put to sleep\n|rule|Illusion Level Mod: Illusion disguises the Pok\u00e9mon's true level\n|\n|t:|1782789067\n|teamsize|p1|6\n|teamsize|p2|6\n|start\n|switch|p1a: Basculin|Basculin, L86, F|261/261\n|switch|p2a: Tauros|Tauros-Paldea-Combat, L82, M|257/257\n|-ability|p2a: Tauros|Intimidate|boost\n|-unboost|p1a: Basculin|atk|1\n|turn|1\n|inactive|Battle timer is ON: inactive players will automatically lose when time's up. (requested by igiveuponaname)\n|\n|t:|1782789074\n|move|p1a: Basculin|Flip Turn|p2a: Tauros\n|-damage|p2a: Tauros|183/257\n|\n|t:|1782789086\n|switch|p1a: Skarmory|Skarmory, L80, M|235/235|[from] Flip Turn\n|move|p2a: Tauros|Close Combat|p1a: Skarmory\n|-damage|p1a: Skarmory|85/235\n|-unboost|p2a: Tauros|def|1\n|-unboost|p2a: Tauros|spd|1\n|\n|-heal|p1a: Skarmory|99/235|[from] item: Leftovers\n|upkeep\n|turn|2\n|\n|t:|1782789103\n|move|p2a: Tauros|Close Combat|p1a: Skarmory\n|-damage|p1a: Skarmory|0 fnt\n|-unboost|p2a: Tauros|def|1\n|-unboost|p2a: Tauros|spd|1\n|faint|p1a: Skarmory\n|\n|upkeep\n|\n|t:|1782789105\n|switch|p1a: Basculin|Basculin, L86, F|261/261\n|turn|3\n|\n|t:|1782789111\n|switch|p2a: Lurantis|Lurantis, L87, M|264/264\n|move|p1a: Basculin|Wave Crash|p2a: Lurantis\n|-resisted|p2a: Lurantis\n|-damage|p2a: Lurantis|132/264\n|-damage|p1a: Basculin|217/261|[from] Recoil\n|\n|upkeep\n|turn|4\n|\n|t:|1782789114\n|move|p1a: Basculin|Wave Crash|p2a: Lurantis\n|-resisted|p2a: Lurantis\n|-damage|p2a: Lurantis|19/264\n|-damage|p1a: Basculin|180/261|[from] Recoil\n|move|p2a: Lurantis|Leaf Storm|p1a: Basculin\n|-supereffective|p1a: Basculin\n|-damage|p1a: Basculin|0 fnt\n|-boost|p2a: Lurantis|spa|2\n|faint|p1a: Basculin\n|\n|upkeep\n|\n|t:|1782789120\n|switch|p1a: Cinderace|Cinderace, L77, M|249/249\n|turn|5\n|\n|t:|1782789124\n|move|p1a: Cinderace|U-turn|p2a: Lurantis\n|-start|p1a: Cinderace|typechange|Bug|[from] ability: Libero\n|-supereffective|p2a: Lurantis\n|-damage|p2a: Lurantis|0 fnt\n|faint|p2a: Lurantis\n|\n|t:|1782789128\n|switch|p1a: Tyranitar|Tyranitar, L78, F|284/284|[from] U-turn\n|-weather|Sandstorm|[from] ability: Sand Stream|[of] p1a: Tyranitar\n|\n|-weather|Sandstorm|[upkeep]\n|upkeep\n|\n|t:|1782789136\n|switch|p2a: Tauros|Tauros-Paldea-Combat, L82, M|183/257\n|-ability|p2a: Tauros|Intimidate|boost\n|-unboost|p1a: Tyranitar|atk|1\n|turn|6\n|\n|t:|1782789139\n|switch|p2a: Bellibolt|Bellibolt, L84, M|320/320\n|move|p1a: Tyranitar|Thunder Wave|p2a: Bellibolt\n|-immune|p2a: Bellibolt\n|\n|-weather|Sandstorm|[upkeep]\n|-damage|p2a: Bellibolt|300/320|[from] Sandstorm\n|-heal|p2a: Bellibolt|320/320|[from] item: Leftovers\n|upkeep\n|turn|7\n|\n|t:|1782789142\n|move|p1a: Tyranitar|Knock Off|p2a: Bellibolt\n|-damage|p2a: Bellibolt|244/320\n|-start|p2a: Bellibolt|Charge|Knock Off|[from] ability: Electromorphosis\n|-enditem|p2a: Bellibolt|Leftovers|[from] move: Knock Off|[of] p1a: Tyranitar\n|move|p2a: Bellibolt|Toxic|p1a: Tyranitar|[miss]\n|-miss|p2a: Bellibolt|p1a: Tyranitar\n|\n|-weather|Sandstorm|[upkeep]\n|-damage|p2a: Bellibolt|224/320|[from] Sandstorm\n|upkeep\n|turn|8\n|\n|t:|1782789146\n|switch|p1a: Umbreon|Umbreon, L84, F|297/297\n|move|p2a: Bellibolt|Toxic|p1a: Umbreon\n|-status|p1a: Umbreon|tox\n|-activate|p1a: Umbreon|ability: Synchronize\n|-status|p2a: Bellibolt|tox\n|\n|-weather|Sandstorm|[upkeep]\n|-damage|p1a: Umbreon|279/297 tox|[from] Sandstorm\n|-damage|p2a: Bellibolt|204/320 tox|[from] Sandstorm\n|-heal|p1a: Umbreon|297/297 tox|[from] item: Leftovers\n|-damage|p1a: Umbreon|279/297 tox|[from] psn\n|-damage|p2a: Bellibolt|184/320 tox|[from] psn\n|upkeep\n|turn|9\n|\n|t:|1782789150\n|move|p1a: Umbreon|Foul Play|p2a: Bellibolt\n|-damage|p2a: Bellibolt|129/320 tox\n|-start|p2a: Bellibolt|Charge|Foul Play|[from] ability: Electromorphosis\n|move|p2a: Bellibolt|Slack Off|p2a: Bellibolt\n|-heal|p2a: Bellibolt|289/320 tox\n|\n|-weather|none\n|-heal|p1a: Umbreon|297/297 tox|[from] item: Leftovers\n|-damage|p1a: Umbreon|261/297 tox|[from] psn\n|-damage|p2a: Bellibolt|249/320 tox|[from] psn\n|upkeep\n|turn|10\n|\n|t:|1782789153\n|move|p1a: Umbreon|Wish|p1a: Umbreon\n|move|p2a: Bellibolt|Thunderbolt|p1a: Umbreon\n|-crit|p1a: Umbreon\n|-damage|p1a: Umbreon|42/297 tox\n|-end|p2a: Bellibolt|Charge|[silent]\n|\n|-heal|p1a: Umbreon|60/297 tox|[from] item: Leftovers\n|-damage|p1a: Umbreon|6/297 tox|[from] psn\n|-damage|p2a: Bellibolt|189/320 tox|[from] psn\n|upkeep\n|turn|11\n|\n|t:|1782789157\n|move|p1a: Umbreon|Protect|p1a: Umbreon\n|-singleturn|p1a: Umbreon|Protect\n|move|p2a: Bellibolt|Slack Off|p2a: Bellibolt\n|-heal|p2a: Bellibolt|320/320 tox\n|\n|-heal|p1a: Umbreon|154/297 tox|[from] move: Wish|[wisher] Umbreon\n|-heal|p1a: Umbreon|172/297 tox|[from] item: Leftovers\n|-damage|p1a: Umbreon|100/297 tox|[from] psn\n|-damage|p2a: Bellibolt|240/320 tox|[from] psn\n|upkeep\n|turn|12\n|\n|t:|1782789161\n|move|p1a: Umbreon|Wish|p1a: Umbreon\n|move|p2a: Bellibolt|Thunderbolt|p1a: Umbreon\n|-damage|p1a: Umbreon|28/297 tox\n|\n|-heal|p1a: Umbreon|46/297 tox|[from] item: Leftovers\n|-damage|p1a: Umbreon|0 fnt|[from] psn\n|faint|p1a: Umbreon\n|-damage|p2a: Bellibolt|140/320 tox|[from] psn\n|upkeep\n|\n|t:|1782789165\n|switch|p1a: Blastoise|Blastoise, L80, M|258/258\n|turn|13\n|\n|t:|1782789168\n|-terastallize|p1a: Blastoise|Steel\n|move|p1a: Blastoise|Shell Smash|p1a: Blastoise\n|-unboost|p1a: Blastoise|def|1\n|-unboost|p1a: Blastoise|spd|1\n|-boost|p1a: Blastoise|atk|2\n|-boost|p1a: Blastoise|spa|2\n|-boost|p1a: Blastoise|spe|2\n|-enditem|p1a: Blastoise|White Herb\n|-clearnegativeboost|p1a: Blastoise|[silent]\n|move|p2a: Bellibolt|Toxic|p1a: Blastoise\n|-immune|p1a: Blastoise\n|\n|-damage|p2a: Bellibolt|20/320 tox|[from] psn\n|upkeep\n|turn|14\n|\n|t:|1782789173\n|move|p1a: Blastoise|Shell Smash|p1a: Blastoise\n|-unboost|p1a: Blastoise|def|1\n|-unboost|p1a: Blastoise|spd|1\n|-boost|p1a: Blastoise|atk|2\n|-boost|p1a: Blastoise|spa|2\n|-boost|p1a: Blastoise|spe|2\n|move|p2a: Bellibolt|Thunderbolt|p1a: Blastoise\n|-damage|p1a: Blastoise|126/258\n|\n|-damage|p2a: Bellibolt|0 fnt|[from] psn\n|faint|p2a: Bellibolt\n|upkeep\n|\n|t:|1782789180\n|switch|p2a: Arceus|Arceus-Dark, L71|288/288\n|turn|15\n|\n|t:|1782789185\n|move|p1a: Blastoise|Hydro Pump|p2a: Arceus\n|-damage|p2a: Arceus|15/288\n|move|p2a: Arceus|Judgment|p1a: Blastoise\n|-damage|p1a: Blastoise|0 fnt\n|faint|p1a: Blastoise\n|\n|upkeep\n|-message|RedDudeN64 forfeited.\n|\n|win|igiveuponaname\n", "inputlog": ">version f8ac14003a5f27e1bdc8d8c59608a773c1cb96e5\n>start {\"formatid\":\"gen9randombattle\",\"seed\":\"sodium,8c86d522782430f9d3a57e413998f8cd\",\"rated\":\"Rated battle\"}\n>player p1 {\"name\":\"RedDudeN64\",\"avatar\":\"red\",\"rating\":2084,\"seed\":\"sodium,4b7f9347a11d236c289d23aa0919175b\"}\n>player p2 {\"name\":\"igiveuponaname\",\"avatar\":\"miku-fire\",\"rating\":2134,\"seed\":\"sodium,ca0fb000e646aa7ca994e57ed560c512\"}\n>p1 move flipturn\n>p2 move closecombat\n>p1 switch 4\n>p1 move spikes\n>p2 move closecombat\n>p1 switch 4\n>p1 move wavecrash\n>p2 switch 4\n>p1 move wavecrash\n>p2 move leafstorm\n>p1 switch 2\n>p1 move uturn\n>p2 move superpower\n>p1 switch 5\n>p2 switch 4\n>p1 move thunderwave\n>p2 switch 5\n>p1 move knockoff\n>p2 move toxic\n>p1 switch 6\n>p2 move toxic\n>p1 move foulplay\n>p2 move slackoff\n>p1 move wish\n>p2 move thunderbolt\n>p1 move protect\n>p2 move slackoff\n>p1 move wish\n>p2 move thunderbolt\n>p1 switch 3\n>p1 move shellsmash terastallize\n>p2 move toxic\n>p1 move shellsmash\n>p2 move thunderbolt\n>p2 switch 3\n>p1 move hydropump\n>p2 move judgment\n>forcelose p1", "uploadtime": 1782789069, "views": 8, "formatid": "gen9randombattle", "rating": null, "private": 0, "password": null, "player_dets": [{"name": "RedDudeN64", "avatar": "red", "rating": 2084, "seed": "sodium,4b7f9347a11d236c289d23aa0919175b"}, {"name": "igiveuponaname", "avatar": "miku-fire", "rating": 2134, "seed": "sodium,ca0fb000e646aa7ca994e57ed560c512"}], "teams_full": [{"Basculin": {"name": "Basculin", "species": "Basculin", "speciesId": "basculin", "gender": "F", "shiny": false, "level": 86, "moves": ["flipturn", "aquajet", "wavecrash", "doubleedge"], "ability": "Adaptability", "evs": {"hp": 85, "atk": 85, "def": 85, "spa": 85, "spd": 85, "spe": 85}, "ivs": {"hp": 31, "atk": 31, "def": 31, "spa": 31, "spd": 31, "spe": 31}, "item": "Choice Band", "teraType": "Water", "role": "Wallbreaker", "bvs": {"hp": 70, "atk": 92, "def": 65, "spa": 80, "spd": 55, "spe": 98}, "stats": {"hp": 261, "atk": 207, "def": 161, "spa": 187, "spd": 144, "spe": 218}, "types": ["Water"]}, "Cinderace": {"name": "Cinderace", "species": "Cinderace", "speciesId": "cinderace", "gender": "M", "shiny": false, "level": 77, "moves": ["gunkshot", "pyroball", "uturn", "highjumpkick"], "ability": "Libero", "evs": {"hp": 81, "atk": 85, "def": 85, "spa": 85, "spd": 85, "spe": 85}, "ivs": {"hp": 31, "atk": 31, "def": 31, "spa": 31, "spd": 31, "spe": 31}, "item": "Choice Band", "teraType": "Fire", "role": "Wallbreaker", "bvs": {"hp": 80, "atk": 116, "def": 75, "spa": 65, "spd": 75, "spe": 119}, "stats": {"hp": 249, "atk": 223, "def": 160, "spa": 145, "spd": 160, "spe": 228}, "types": ["Fire"]}, "Blastoise": {"name": "Blastoise", "species": "Blastoise", "speciesId": "blastoise", "gender": "M", "shiny": false, "level": 80, "moves": ["earthquake", "shellsmash", "icebeam", "hydropump"], "ability": "Torrent", "evs": {"hp": 85, "atk": 85, "def": 85, "spa": 85, "spd": 85, "spe": 85}, "ivs": {"hp": 31, "atk": 31, "def": 31, "spa": 31, "spd": 31, "spe": 31}, "item": "White Herb", "teraType": "Steel", "role": "Setup Sweeper", "bvs": {"hp": 79, "atk": 83, "def": 100, "spa": 85, "spd": 105, "spe": 78}, "stats": {"hp": 258, "atk": 179, "def": 206, "spa": 182, "spd": 214, "spe": 171}, "types": ["Water"]}, "Skarmory": {"name": "Skarmory", "species": "Skarmory", "speciesId": "skarmory", "gender": "M", "shiny": false, "level": 80, "moves": ["bodypress", "roost", "spikes", "bravebird"], "ability": "Sturdy", "evs": {"hp": 85, "atk": 85, "def": 85, "spa": 85, "spd": 85, "spe": 85}, "ivs": {"hp": 31, "atk": 31, "def": 31, "spa": 31, "spd": 31, "spe": 31}, "item": "Leftovers", "teraType": "Dragon", "role": "Bulky Attacker", "bvs": {"hp": 65, "atk": 80, "def": 140, "spa": 40, "spd": 70, "spe": 70}, "stats": {"hp": 235, "atk": 174, "def": 270, "spa": 110, "spd": 158, "spe": 158}, "types": ["Steel", "Flying"]}, "Tyranitar": {"name": "Tyranitar", "species": "Tyranitar", "speciesId": "tyranitar", "gender": "F", "shiny": false, "level": 78, "moves": ["earthquake", "knockoff", "thunderwave", "stoneedge"], "ability": "Sand Stream", "evs": {"hp": 85, "atk": 85, "def": 85, "spa": 85, "spd": 85, "spe": 85}, "ivs": {"hp": 31, "atk": 31, "def": 31, "spa": 31, "spd": 31, "spe": 31}, "item": "Leftovers", "teraType": "Ghost", "role": "Bulky Support", "bvs": {"hp": 100, "atk": 134, "def": 110, "spa": 95, "spd": 100, "spe": 61}, "stats": {"hp": 284, "atk": 254, "def": 217, "spa": 193, "spd": 201, "spe": 140}, "types": ["Rock", "Dark"]}, "Umbreon": {"name": "Umbreon", "species": "Umbreon", "speciesId": "umbreon", "gender": "F", "shiny": false, "level": 84, "moves": ["protect", "toxic", "foulplay", "wish"], "ability": "Synchronize", "evs": {"hp": 85, "atk": 0, "def": 85, "spa": 85, "spd": 85, "spe": 85}, "ivs": {"hp": 31, "atk": 0, "def": 31, "spa": 31, "spd": 31, "spe": 31}, "item": "Leftovers", "teraType": "Poison", "role": "Bulky Support", "bvs": {"hp": 95, "atk": 65, "def": 110, "spa": 60, "spd": 130, "spe": 65}, "stats": {"hp": 297, "atk": 114, "def": 233, "spa": 149, "spd": 267, "spe": 157}, "types": ["Dark"]}}, {"Tauros": {"name": "Tauros", "species": "Tauros-Paldea-Combat", "speciesId": "taurospaldeacombat", "gender": "M", "shiny": false, "level": 82, "moves": ["throatchop", "ironhead", "earthquake", "closecombat"], "ability": "Intimidate", "evs": {"hp": 85, "atk": 85, "def": 85, "spa": 85, "spd": 85, "spe": 85}, "ivs": {"hp": 31, "atk": 31, "def": 31, "spa": 31, "spd": 31, "spe": 31}, "item": "Choice Band", "teraType": "Dark", "role": "Wallbreaker", "bvs": {"hp": 75, "atk": 110, "def": 105, "spa": 30, "spd": 70, "spe": 100}, "stats": {"hp": 257, "atk": 228, "def": 219, "spa": 96, "spd": 162, "spe": 211}, "types": ["Fighting"]}, "Sawsbuck": {"name": "Sawsbuck", "species": "Sawsbuck-Winter", "speciesId": "sawsbuck", "gender": "F", "shiny": false, "level": 88, "moves": ["headbutt", "swordsdance", "hornleech", "highhorsepower"], "ability": "Serene Grace", "evs": {"hp": 85, "atk": 85, "def": 85, "spa": 85, "spd": 85, "spe": 85}, "ivs": {"hp": 31, "atk": 31, "def": 31, "spa": 31, "spd": 31, "spe": 31}, "item": "Life Orb", "teraType": "Normal", "role": "Fast Attacker", "bvs": {"hp": 80, "atk": 100, "def": 70, "spa": 60, "spd": 70, "spe": 95}, "stats": {"hp": 284, "atk": 226, "def": 173, "spa": 156, "spd": 173, "spe": 217}, "types": ["Normal", "Grass"]}, "Arceus": {"name": "Arceus", "species": "Arceus-Dark", "speciesId": "arceusdark", "gender": "N", "shiny": false, "level": 71, "moves": ["dazzlinggleam", "recover", "calmmind", "judgment"], "ability": "Multitype", "evs": {"hp": 85, "atk": 0, "def": 85, "spa": 85, "spd": 85, "spe": 85}, "ivs": {"hp": 31, "atk": 0, "def": 31, "spa": 31, "spd": 31, "spe": 31}, "item": "Dread Plate", "teraType": "Fairy", "role": "Bulky Setup", "bvs": {"hp": 120, "atk": 120, "def": 120, "spa": 120, "spd": 120, "spe": 120}, "stats": {"hp": 288, "atk": 175, "def": 212, "spa": 212, "spd": 212, "spe": 212}, "types": ["Dark"]}, "Lurantis": {"name": "Lurantis", "species": "Lurantis", "speciesId": "lurantis", "gender": "M", "shiny": false, "level": 87, "moves": ["leafstorm", "superpower", "leechlife", "knockoff"], "ability": "Contrary", "evs": {"hp": 85, "atk": 85, "def": 85, "spa": 85, "spd": 85, "spe": 85}, "ivs": {"hp": 31, "atk": 31, "def": 31, "spa": 31, "spd": 31, "spe": 31}, "item": "Assault Vest", "teraType": "Fighting", "role": "AV Pivot", "bvs": {"hp": 70, "atk": 105, "def": 90, "spa": 80, "spd": 90, "spe": 45}, "stats": {"hp": 264, "atk": 232, "def": 206, "spa": 189, "spd": 206, "spe": 128}, "types": ["Grass"]}, "Bellibolt": {"name": "Bellibolt", "species": "Bellibolt", "speciesId": "bellibolt", "gender": "M", "shiny": false, "level": 84, "moves": ["toxic", "slackoff", "thunderbolt", "muddywater"], "ability": "Electromorphosis", "evs": {"hp": 85, "atk": 0, "def": 85, "spa": 85, "spd": 85, "spe": 85}, "ivs": {"hp": 31, "atk": 0, "def": 31, "spa": 31, "spd": 31, "spe": 31}, "item": "Leftovers", "teraType": "Water", "role": "Bulky Attacker", "bvs": {"hp": 109, "atk": 64, "def": 91, "spa": 103, "spd": 83, "spe": 45}, "stats": {"hp": 320, "atk": 112, "def": 201, "spa": 221, "spd": 188, "spe": 124}, "types": ["Electric"]}, "Polteageist": {"name": "Polteageist", "species": "Polteageist-Antique", "speciesId": "polteageist", "gender": "N", "shiny": false, "level": 78, "moves": ["shellsmash", "terablast", "shadowball", "storedpower"], "ability": "Cursed Body", "evs": {"hp": 85, "atk": 0, "def": 85, "spa": 85, "spd": 85, "spe": 85}, "ivs": {"hp": 31, "atk": 0, "def": 31, "spa": 31, "spd": 31, "spe": 31}, "item": "White Herb", "teraType": "Fighting", "role": "Tera Blast user", "bvs": {"hp": 60, "atk": 65, "def": 65, "spa": 134, "spd": 114, "spe": 70}, "stats": {"hp": 222, "atk": 106, "def": 146, "spa": 254, "spd": 223, "spe": 154}, "types": ["Ghost"]}}]}