{"id": "gen9randombattle-2641508270", "format": "[Gen 9] Random Battle", "players": ["nicklasastra", "cosmicsid"], "log": "|j|\u2606nicklasastra\n|j|\u2606cosmicsid\n|t:|1782797023\n|gametype|singles\n|player|p1|nicklasastra|cynthia-gen4|\n|player|p2|cosmicsid|2|\n|gen|9\n|tier|[Gen 9] Random Battle\n|rule|Species Clause: Limit one of each Pok\u00e9mon\n|rule|HP Percentage Mod: HP is shown in percentages\n|rule|Sleep Clause Mod: Limit one foe put to sleep\n|rule|Illusion Level Mod: Illusion disguises the Pok\u00e9mon's true level\n|\n|t:|1782797023\n|teamsize|p1|6\n|teamsize|p2|6\n|start\n|switch|p1a: Arbok|Arbok, L87, F|246/246\n|switch|p2a: Palossand|Palossand, L89, M|296/296\n|-ability|p1a: Arbok|Intimidate|boost\n|-unboost|p2a: Palossand|atk|1\n|turn|1\n|\n|t:|1782797037\n|-terastallize|p1a: Arbok|Ground\n|move|p1a: Arbok|Coil|p1a: Arbok\n|-boost|p1a: Arbok|atk|1\n|-boost|p1a: Arbok|def|1\n|-boost|p1a: Arbok|accuracy|1\n|move|p2a: Palossand|Shadow Ball|p1a: Arbok\n|-damage|p1a: Arbok|147/246\n|\n|-heal|p1a: Arbok|162/246|[from] item: Leftovers\n|upkeep\n|turn|2\n|\n|t:|1782797060\n|move|p1a: Arbok|Coil|p1a: Arbok\n|-boost|p1a: Arbok|atk|1\n|-boost|p1a: Arbok|def|1\n|-boost|p1a: Arbok|accuracy|1\n|move|p2a: Palossand|Earth Power|p1a: Arbok\n|-damage|p1a: Arbok|54/246\n|\n|-heal|p1a: Arbok|69/246|[from] item: Leftovers\n|upkeep\n|turn|3\n|\n|t:|1782797069\n|move|p1a: Arbok|Sucker Punch|p2a: Palossand\n|-supereffective|p2a: Palossand\n|-damage|p2a: Palossand|146/296\n|move|p2a: Palossand|Earth Power|p1a: Arbok\n|-damage|p1a: Arbok|0 fnt\n|faint|p1a: Arbok\n|\n|-heal|p2a: Palossand|164/296|[from] item: Leftovers\n|upkeep\n|\n|t:|1782797075\n|switch|p1a: Darkrai|Darkrai, L77|234/234\n|turn|4\n|inactive|Battle timer is ON: inactive players will automatically lose when time's up. (requested by nicklasastra)\n|\n|t:|1782797091\n|-terastallize|p2a: Palossand|Poison\n|move|p1a: Darkrai|Dark Pulse|p2a: Palossand\n|-damage|p2a: Palossand|43/296\n|-damage|p1a: Darkrai|211/234|[from] item: Life Orb\n|move|p2a: Palossand|Sludge Bomb|p1a: Darkrai\n|-damage|p1a: Darkrai|93/234\n|\n|-heal|p2a: Palossand|61/296|[from] item: Leftovers\n|upkeep\n|turn|5\n|\n|t:|1782797102\n|move|p1a: Darkrai|Dark Pulse|p2a: Palossand\n|-damage|p2a: Palossand|0 fnt\n|faint|p2a: Palossand\n|-damage|p1a: Darkrai|70/234|[from] item: Life Orb\n|\n|upkeep\n|\n|t:|1782797112\n|switch|p2a: Vigoroth|Vigoroth, L85, M|275/275\n|turn|6\n|\n|t:|1782797125\n|move|p1a: Darkrai|Focus Blast|p2a: Vigoroth|[miss]\n|-miss|p1a: Darkrai|p2a: Vigoroth\n|move|p2a: Vigoroth|Body Slam|p1a: Darkrai\n|-damage|p1a: Darkrai|0 fnt\n|faint|p1a: Darkrai\n|\n|upkeep\n|\n|t:|1782797141\n|switch|p1a: Granbull|Granbull, L88, M|302/302\n|-ability|p1a: Granbull|Intimidate|boost\n|-unboost|p2a: Vigoroth|atk|1\n|turn|7\n|\n|t:|1782797161\n|move|p2a: Vigoroth|Bulk Up|p2a: Vigoroth\n|-boost|p2a: Vigoroth|atk|1\n|-boost|p2a: Vigoroth|def|1\n|move|p1a: Granbull|Thunder Wave|p2a: Vigoroth\n|-status|p2a: Vigoroth|par\n|\n|upkeep\n|turn|8\n|\n|t:|1782797172\n|move|p1a: Granbull|Encore|p2a: Vigoroth\n|-start|p2a: Vigoroth|Encore\n|move|p2a: Vigoroth|Bulk Up|p2a: Vigoroth\n|-boost|p2a: Vigoroth|atk|1\n|-boost|p2a: Vigoroth|def|1\n|\n|upkeep\n|turn|9\n|\n|t:|1782797184\n|switch|p1a: Falinks|Falinks, L84|246/246\n|move|p2a: Vigoroth|Bulk Up|p2a: Vigoroth\n|-boost|p2a: Vigoroth|atk|1\n|-boost|p2a: Vigoroth|def|1\n|\n|upkeep\n|turn|10\n|\n|t:|1782797199\n|switch|p2a: Grumpig|Grumpig, L92, F|297/297\n|move|p1a: Falinks|No Retreat|p1a: Falinks\n|-boost|p1a: Falinks|atk|1\n|-boost|p1a: Falinks|def|1\n|-boost|p1a: Falinks|spa|1\n|-boost|p1a: Falinks|spd|1\n|-boost|p1a: Falinks|spe|1\n|-start|p1a: Falinks|move: No Retreat\n|\n|upkeep\n|turn|11\n|\n|t:|1782797217\n|move|p1a: Falinks|Knock Off|p2a: Grumpig\n|-supereffective|p2a: Grumpig\n|-damage|p2a: Grumpig|0 fnt\n|-enditem|p2a: Grumpig|Leftovers|[from] move: Knock Off|[of] p1a: Falinks\n|faint|p2a: Grumpig\n|-damage|p1a: Falinks|222/246|[from] item: Life Orb\n|\n|upkeep\n|\n|t:|1782797226\n|switch|p2a: Great Tusk|Great Tusk, L77|304/304\n|turn|12\n|\n|t:|1782797240\n|move|p1a: Falinks|Close Combat|p2a: Great Tusk\n|-damage|p2a: Great Tusk|101/304\n|-unboost|p1a: Falinks|def|1\n|-unboost|p1a: Falinks|spd|1\n|-damage|p1a: Falinks|198/246|[from] item: Life Orb\n|move|p2a: Great Tusk|Headlong Rush|p1a: Falinks\n|-damage|p1a: Falinks|75/246\n|-unboost|p2a: Great Tusk|def|1\n|-unboost|p2a: Great Tusk|spd|1\n|\n|upkeep\n|turn|13\n|\n|t:|1782797251\n|move|p1a: Falinks|Close Combat|p2a: Great Tusk\n|-damage|p2a: Great Tusk|0 fnt\n|-unboost|p1a: Falinks|def|1\n|-unboost|p1a: Falinks|spd|1\n|faint|p2a: Great Tusk\n|-end|p2a: Great Tusk|Protosynthesis|[silent]\n|-damage|p1a: Falinks|51/246|[from] item: Life Orb\n|\n|upkeep\n|\n|t:|1782797261\n|switch|p2a: Minun|Minun, L95, M|268/268\n|turn|14\n|\n|t:|1782797270\n|move|p1a: Falinks|Knock Off|p2a: Minun\n|-damage|p2a: Minun|94/268\n|-enditem|p2a: Minun|Life Orb|[from] move: Knock Off|[of] p1a: Falinks\n|-damage|p1a: Falinks|27/246|[from] item: Life Orb\n|move|p2a: Minun|Thunderbolt|p1a: Falinks\n|-damage|p1a: Falinks|0 fnt\n|faint|p1a: Falinks\n|\n|upkeep\n|\n|t:|1782797277\n|switch|p1a: Lilligant|Lilligant, L86, F|261/261\n|turn|15\n|\n|t:|1782797292\n|move|p2a: Minun|Encore||[still]\n|-fail|p2a: Minun\n|move|p1a: Lilligant|Sleep Powder|p2a: Minun\n|-status|p2a: Minun|slp|[from] move: Sleep Powder\n|\n|upkeep\n|turn|16\n|\n|t:|1782797300\n|cant|p2a: Minun|slp\n|move|p1a: Lilligant|Quiver Dance|p1a: Lilligant\n|-boost|p1a: Lilligant|spa|1\n|-boost|p1a: Lilligant|spd|1\n|-boost|p1a: Lilligant|spe|1\n|\n|upkeep\n|turn|17\n|\n|t:|1782797309\n|move|p1a: Lilligant|Quiver Dance|p1a: Lilligant\n|-boost|p1a: Lilligant|spa|1\n|-boost|p1a: Lilligant|spd|1\n|-boost|p1a: Lilligant|spe|1\n|-curestatus|p2a: Minun|slp|[msg]\n|move|p2a: Minun|Nasty Plot|p2a: Minun\n|-boost|p2a: Minun|spa|2\n|\n|upkeep\n|turn|18\n|\n|t:|1782797324\n|move|p1a: Lilligant|Tera Blast|p2a: Minun\n|-damage|p2a: Minun|0 fnt\n|faint|p2a: Minun\n|-damage|p1a: Lilligant|235/261|[from] item: Life Orb\n|\n|upkeep\n|\n|t:|1782797331\n|switch|p2a: Sneasler|Sneasler, L74, M|240/240\n|turn|19\n|\n|t:|1782797338\n|move|p1a: Lilligant|Sleep Powder|p2a: Sneasler\n|-status|p2a: Sneasler|slp|[from] move: Sleep Powder\n|cant|p2a: Sneasler|slp\n|\n|upkeep\n|turn|20\n|\n|t:|1782797350\n|move|p1a: Lilligant|Tera Blast|p2a: Sneasler\n|-damage|p2a: Sneasler|44/240 slp\n|-damage|p1a: Lilligant|209/261|[from] item: Life Orb\n|-curestatus|p2a: Sneasler|slp|[msg]\n|move|p2a: Sneasler|Gunk Shot|p1a: Lilligant|[miss]\n|-miss|p2a: Sneasler|p1a: Lilligant\n|\n|upkeep\n|turn|21\n|\n|t:|1782797361\n|move|p1a: Lilligant|Tera Blast|p2a: Sneasler\n|-damage|p2a: Sneasler|0 fnt\n|faint|p2a: Sneasler\n|-damage|p1a: Lilligant|183/261|[from] item: Life Orb\n|\n|upkeep\n|\n|t:|1782797367\n|switch|p2a: Vigoroth|Vigoroth, L85, M|275/275 par\n|turn|22\n|\n|t:|1782797376\n|move|p1a: Lilligant|Giga Drain|p2a: Vigoroth\n|-damage|p2a: Vigoroth|45/275 par\n|-heal|p1a: Lilligant|261/261|[from] drain|[of] p2a: Vigoroth\n|-damage|p1a: Lilligant|235/261|[from] item: Life Orb\n|move|p2a: Vigoroth|Body Slam|p1a: Lilligant\n|-damage|p1a: Lilligant|147/261\n|\n|upkeep\n|turn|23\n|\n|t:|1782797385\n|move|p1a: Lilligant|Giga Drain|p2a: Vigoroth\n|-damage|p2a: Vigoroth|0 fnt\n|-heal|p1a: Lilligant|170/261|[from] drain|[of] p2a: Vigoroth\n|faint|p2a: Vigoroth\n|-damage|p1a: Lilligant|144/261|[from] item: Life Orb\n|\n|win|nicklasastra\n", "inputlog": ">version f8ac14003a5f27e1bdc8d8c59608a773c1cb96e5\n>start {\"formatid\":\"gen9randombattle\",\"seed\":\"sodium,e5fe08b0b312aa0e4a88839f28585eb0\"}\n>player p1 {\"name\":\"nicklasastra\",\"avatar\":\"cynthia-gen4\",\"rating\":0,\"seed\":\"sodium,d911558dbe029245879104459f1623db\"}\n>player p2 {\"name\":\"cosmicsid\",\"avatar\":\"2\",\"rating\":0,\"seed\":\"sodium,b3dbf1be0a26a1998a51c009d1d77af5\"}\n>p1 move coil terastallize\n>p2 move shadowball\n>p1 move coil\n>p2 move earthpower\n>p1 move suckerpunch\n>p2 move earthpower\n>p1 switch 5\n>p1 move darkpulse\n>p2 move sludgebomb terastallize\n>p1 move darkpulse\n>p2 move sludgebomb\n>p2 switch 4\n>p1 move focusblast\n>p2 move bodyslam\n>p1 switch 3\n>p1 move thunderwave\n>p2 move bulkup\n>p1 move encore\n>p2 move bodyslam\n>p1 switch 6\n>p2 move bulkup\n>p1 move noretreat\n>p2 switch 2\n>p1 move knockoff\n>p2 move psychic\n>p2 switch 6\n>p1 move closecombat\n>p2 move headlongrush\n>p1 move closecombat\n>p2 move closecombat\n>p2 switch 5\n>p1 move knockoff\n>p2 move thunderbolt\n>p1 switch 4\n>p1 move sleeppowder\n>p2 move encore\n>p1 move quiverdance\n>p2 move grassknot\n>p1 move quiverdance\n>p2 move nastyplot\n>p1 move terablast\n>p2 move grassknot\n>p2 switch 3\n>p1 move sleeppowder\n>p2 move gunkshot\n>p1 move terablast\n>p2 move gunkshot\n>p1 move terablast\n>p2 move acrobatics\n>p2 switch 2\n>p1 move gigadrain\n>p2 move bodyslam\n>p1 move gigadrain\n>p2 move bodyslam", "uploadtime": 1782797387, "views": 4, "formatid": "gen9randombattle", "rating": null, "private": 0, "password": null, "player_dets": [{"name": "nicklasastra", "avatar": "cynthia-gen4", "rating": 0, "seed": "sodium,d911558dbe029245879104459f1623db"}, {"name": "cosmicsid", "avatar": "2", "rating": 0, "seed": "sodium,b3dbf1be0a26a1998a51c009d1d77af5"}], "teams_full": [{"Arbok": {"name": "Arbok", "species": "Arbok", "speciesId": "arbok", "gender": "F", "shiny": false, "level": 87, "moves": ["coil", "gunkshot", "earthquake", "suckerpunch"], "ability": "Intimidate", "evs": {"hp": 85, "atk": 85, "def": 85, "spa": 85, "spd": 85, "spe": 85}, "ivs": {"hp": 31, "atk": 31, "def": 31, "spa": 31, "spd": 31, "spe": 31}, "item": "Leftovers", "teraType": "Ground", "role": "Bulky Attacker", "bvs": {"hp": 60, "atk": 95, "def": 69, "spa": 65, "spd": 79, "spe": 80}, "stats": {"hp": 246, "atk": 215, "def": 170, "spa": 163, "spd": 187, "spe": 189}, "types": ["Poison"]}, "Gastrodon": {"name": "Gastrodon", "species": "Gastrodon", "speciesId": "gastrodon", "gender": "M", "shiny": false, "level": 86, "moves": ["clearsmog", "surf", "recover", "earthquake"], "ability": "Storm Drain", "evs": {"hp": 85, "atk": 85, "def": 85, "spa": 85, "spd": 85, "spe": 85}, "ivs": {"hp": 31, "atk": 31, "def": 31, "spa": 31, "spd": 31, "spe": 31}, "item": "Leftovers", "teraType": "Steel", "role": "Bulky Attacker", "bvs": {"hp": 111, "atk": 83, "def": 68, "spa": 92, "spd": 82, "spe": 39}, "stats": {"hp": 331, "atk": 192, "def": 166, "spa": 207, "spd": 190, "spe": 116}, "types": ["Water", "Ground"]}, "Granbull": {"name": "Granbull", "species": "Granbull", "speciesId": "granbull", "gender": "M", "shiny": false, "level": 88, "moves": ["encore", "playrough", "earthquake", "thunderwave"], "ability": "Intimidate", "evs": {"hp": 85, "atk": 85, "def": 85, "spa": 85, "spd": 85, "spe": 85}, "ivs": {"hp": 31, "atk": 31, "def": 31, "spa": 31, "spd": 31, "spe": 31}, "item": "Leftovers", "teraType": "Ground", "role": "Bulky Attacker", "bvs": {"hp": 90, "atk": 120, "def": 75, "spa": 60, "spd": 60, "spe": 45}, "stats": {"hp": 302, "atk": 261, "def": 182, "spa": 156, "spd": 156, "spe": 129}, "types": ["Fairy"]}, "Lilligant": {"name": "Lilligant", "species": "Lilligant", "speciesId": "lilligant", "gender": "F", "shiny": false, "level": 86, "moves": ["sleeppowder", "terablast", "gigadrain", "quiverdance"], "ability": "Chlorophyll", "evs": {"hp": 85, "atk": 0, "def": 85, "spa": 85, "spd": 85, "spe": 85}, "ivs": {"hp": 31, "atk": 0, "def": 31, "spa": 31, "spd": 31, "spe": 31}, "item": "Life Orb", "teraType": "Rock", "role": "Tera Blast user", "bvs": {"hp": 70, "atk": 60, "def": 75, "spa": 110, "spd": 75, "spe": 90}, "stats": {"hp": 261, "atk": 108, "def": 178, "spa": 238, "spd": 178, "spe": 204}, "types": ["Grass"]}, "Darkrai": {"name": "Darkrai", "species": "Darkrai", "speciesId": "darkrai", "gender": "N", "shiny": false, "level": 77, "moves": ["darkpulse", "focusblast", "nastyplot", "sludgebomb"], "ability": "Bad Dreams", "evs": {"hp": 85, "atk": 0, "def": 85, "spa": 85, "spd": 85, "spe": 85}, "ivs": {"hp": 31, "atk": 0, "def": 31, "spa": 31, "spd": 31, "spe": 31}, "item": "Life Orb", "teraType": "Poison", "role": "Setup Sweeper", "bvs": {"hp": 70, "atk": 90, "def": 90, "spa": 135, "spd": 90, "spe": 125}, "stats": {"hp": 234, "atk": 143, "def": 183, "spa": 252, "spd": 183, "spe": 237}, "types": ["Dark"]}, "Falinks": {"name": "Falinks", "species": "Falinks", "speciesId": "falinks", "gender": "N", "shiny": false, "level": 84, "moves": ["noretreat", "ironhead", "closecombat", "knockoff"], "ability": "Defiant", "evs": {"hp": 85, "atk": 85, "def": 85, "spa": 85, "spd": 85, "spe": 85}, "ivs": {"hp": 31, "atk": 31, "def": 31, "spa": 31, "spd": 31, "spe": 31}, "item": "Life Orb", "teraType": "Steel", "role": "Setup Sweeper", "bvs": {"hp": 65, "atk": 100, "def": 100, "spa": 70, "spd": 60, "spe": 75}, "stats": {"hp": 246, "atk": 216, "def": 216, "spa": 166, "spd": 149, "spe": 174}, "types": ["Fighting"]}}, {"Palossand": {"name": "Palossand", "species": "Palossand", "speciesId": "palossand", "gender": "M", "shiny": false, "level": 89, "moves": ["shoreup", "earthpower", "sludgebomb", "shadowball"], "ability": "Water Compaction", "evs": {"hp": 85, "atk": 0, "def": 85, "spa": 85, "spd": 85, "spe": 85}, "ivs": {"hp": 31, "atk": 0, "def": 31, "spa": 31, "spd": 31, "spe": 31}, "item": "Leftovers", "teraType": "Poison", "role": "Bulky Support", "bvs": {"hp": 85, "atk": 75, "def": 110, "spa": 100, "spd": 75, "spe": 35}, "stats": {"hp": 296, "atk": 138, "def": 247, "spa": 229, "spd": 184, "spe": 113}, "types": ["Ghost", "Ground"]}, "Grumpig": {"name": "Grumpig", "species": "Grumpig", "speciesId": "grumpig", "gender": "F", "shiny": false, "level": 92, "moves": ["nastyplot", "psychic", "shadowball", "dazzlinggleam"], "ability": "Thick Fat", "evs": {"hp": 85, "atk": 0, "def": 85, "spa": 85, "spd": 85, "spe": 85}, "ivs": {"hp": 31, "atk": 0, "def": 31, "spa": 31, "spd": 31, "spe": 31}, "item": "Leftovers", "teraType": "Fairy", "role": "Bulky Setup", "bvs": {"hp": 80, "atk": 45, "def": 65, "spa": 90, "spd": 110, "spe": 80}, "stats": {"hp": 297, "atk": 87, "def": 172, "spa": 218, "spd": 255, "spe": 200}, "types": ["Psychic"]}, "Sneasler": {"name": "Sneasler", "species": "Sneasler", "speciesId": "sneasler", "gender": "M", "shiny": false, "level": 74, "moves": ["acrobatics", "swordsdance", "gunkshot", "closecombat"], "ability": "Unburden", "evs": {"hp": 85, "atk": 85, "def": 85, "spa": 85, "spd": 85, "spe": 85}, "ivs": {"hp": 31, "atk": 31, "def": 31, "spa": 31, "spd": 31, "spe": 31}, "item": "White Herb", "teraType": "Flying", "role": "Setup Sweeper", "bvs": {"hp": 80, "atk": 130, "def": 60, "spa": 40, "spd": 80, "spe": 120}, "stats": {"hp": 240, "atk": 235, "def": 132, "spa": 102, "spd": 161, "spe": 221}, "types": ["Fighting", "Poison"]}, "Vigoroth": {"name": "Vigoroth", "species": "Vigoroth", "speciesId": "vigoroth", "gender": "M", "shiny": false, "level": 85, "moves": ["knockoff", "bodyslam", "slackoff", "bulkup"], "ability": "Vital Spirit", "evs": {"hp": 85, "atk": 85, "def": 85, "spa": 85, "spd": 85, "spe": 85}, "ivs": {"hp": 31, "atk": 31, "def": 31, "spa": 31, "spd": 31, "spe": 31}, "item": "Eviolite", "teraType": "Ghost", "role": "Bulky Setup", "bvs": {"hp": 80, "atk": 80, "def": 80, "spa": 55, "spd": 55, "spe": 90}, "stats": {"hp": 275, "atk": 185, "def": 185, "spa": 142, "spd": 142, "spe": 202}, "types": ["Normal"]}, "Minun": {"name": "Minun", "species": "Minun", "speciesId": "minun", "gender": "M", "shiny": false, "level": 95, "moves": ["grassknot", "nastyplot", "thunderbolt", "encore"], "ability": "Volt Absorb", "evs": {"hp": 85, "atk": 0, "def": 85, "spa": 85, "spd": 85, "spe": 85}, "ivs": {"hp": 31, "atk": 0, "def": 31, "spa": 31, "spd": 31, "spe": 31}, "item": "Life Orb", "teraType": "Grass", "role": "Setup Sweeper", "bvs": {"hp": 60, "atk": 40, "def": 50, "spa": 75, "spd": 85, "spe": 95}, "stats": {"hp": 268, "atk": 81, "def": 149, "spa": 196, "spd": 215, "spe": 234}, "types": ["Electric"]}, "Great Tusk": {"name": "Great Tusk", "species": "Great Tusk", "speciesId": "greattusk", "gender": "N", "shiny": false, "level": 77, "moves": ["closecombat", "headlongrush", "icespinner", "rapidspin"], "ability": "Protosynthesis", "evs": {"hp": 85, "atk": 85, "def": 85, "spa": 85, "spd": 85, "spe": 85}, "ivs": {"hp": 31, "atk": 31, "def": 31, "spa": 31, "spd": 31, "spe": 31}, "item": "Assault Vest", "teraType": "Ground", "role": "Bulky Support", "bvs": {"hp": 115, "atk": 131, "def": 131, "spa": 53, "spd": 53, "spe": 87}, "stats": {"hp": 304, "atk": 246, "def": 246, "spa": 126, "spd": 126, "spe": 179}, "types": ["Ground", "Fighting"]}}]}