{"id": "gen9randombattle-2641626746", "format": "[Gen 9] Random Battle", "players": ["testbotcif", "manmademilkers"], "log": "|j|\u2606testbotcif\n|j|\u2606manmademilkers\n|t:|1782821199\n|gametype|singles\n|player|p1|testbotcif|266|1318\n|player|p2|manmademilkers|lusamine-nihilego|1362\n|gen|9\n|tier|[Gen 9] Random Battle\n|rated|\n|rule|Species Clause: Limit one of each Pok\u00e9mon\n|rule|HP Percentage Mod: HP is shown in percentages\n|rule|Sleep Clause Mod: Limit one foe put to sleep\n|rule|Illusion Level Mod: Illusion disguises the Pok\u00e9mon's true level\n|\n|t:|1782821199\n|teamsize|p1|6\n|teamsize|p2|6\n|start\n|switch|p1a: Ampharos|Ampharos, L88, F|302/302\n|switch|p2a: Salamence|Salamence, L77, M|273/273\n|turn|1\n|inactive|Battle timer is ON: inactive players will automatically lose when time's up. (requested by testbotcif)\n|c|\u2606testbotcif|rlhf\n|c|\u2606manmademilkers|glhf\n|\n|t:|1782821228\n|move|p2a: Salamence|Earthquake|p1a: Ampharos\n|-supereffective|p1a: Ampharos\n|-damage|p1a: Ampharos|152/302\n|move|p1a: Ampharos|Dazzling Gleam|p2a: Salamence\n|-supereffective|p2a: Salamence\n|-damage|p2a: Salamence|21/273\n|\n|upkeep\n|turn|2\n|\n|t:|1782821236\n|move|p2a: Salamence|Earthquake|p1a: Ampharos\n|-supereffective|p1a: Ampharos\n|-damage|p1a: Ampharos|10/302\n|move|p1a: Ampharos|Dazzling Gleam|p2a: Salamence\n|-supereffective|p2a: Salamence\n|-damage|p2a: Salamence|0 fnt\n|faint|p2a: Salamence\n|\n|upkeep\n|\n|t:|1782821251\n|switch|p2a: Politoed|Politoed, L88, F|302/302\n|-weather|RainDance|[from] ability: Drizzle|[of] p2a: Politoed\n|turn|3\n|\n|t:|1782821254\n|move|p2a: Politoed|Ice Beam|p1a: Ampharos\n|-damage|p1a: Ampharos|0 fnt\n|faint|p1a: Ampharos\n|\n|-weather|RainDance|[upkeep]\n|upkeep\n|\n|t:|1782821254\n|switch|p1a: Lumineon|Lumineon, L93, M|279/279\n|turn|4\n|\n|t:|1782821277\n|move|p1a: Lumineon|Alluring Voice|p2a: Politoed\n|-damage|p2a: Politoed|236/302\n|-damage|p1a: Lumineon|252/279|[from] item: Life Orb\n|move|p2a: Politoed|Hypnosis|p1a: Lumineon|[miss]\n|-miss|p2a: Politoed|p1a: Lumineon\n|\n|-weather|RainDance|[upkeep]\n|-heal|p2a: Politoed|254/302|[from] item: Leftovers\n|upkeep\n|turn|5\n|\n|t:|1782821282\n|move|p1a: Lumineon|Alluring Voice|p2a: Politoed\n|-damage|p2a: Politoed|198/302\n|-damage|p1a: Lumineon|225/279|[from] item: Life Orb\n|move|p2a: Politoed|Hypnosis|p1a: Lumineon\n|-status|p1a: Lumineon|slp|[from] move: Hypnosis\n|\n|-weather|RainDance|[upkeep]\n|-heal|p2a: Politoed|216/302|[from] item: Leftovers\n|upkeep\n|turn|6\n|\n|t:|1782821289\n|switch|p1a: Malamar|Malamar, L82, F|275/275\n|move|p2a: Politoed|Ice Beam|p1a: Malamar\n|-damage|p1a: Malamar|199/275\n|\n|-weather|RainDance|[upkeep]\n|-heal|p2a: Politoed|234/302|[from] item: Leftovers\n|-heal|p1a: Malamar|216/275|[from] item: Leftovers\n|upkeep\n|turn|7\n|\n|t:|1782821294\n|move|p2a: Politoed|Surf|p1a: Malamar\n|-damage|p1a: Malamar|33/275\n|move|p1a: Malamar|Knock Off|p2a: Politoed\n|-damage|p2a: Politoed|134/302\n|-enditem|p2a: Politoed|Leftovers|[from] move: Knock Off|[of] p1a: Malamar\n|\n|-weather|none\n|-heal|p1a: Malamar|50/275|[from] item: Leftovers\n|upkeep\n|turn|8\n|\n|t:|1782821297\n|move|p2a: Politoed|Surf|p1a: Malamar\n|-crit|p1a: Malamar\n|-damage|p1a: Malamar|0 fnt\n|faint|p1a: Malamar\n|\n|upkeep\n|\n|t:|1782821297\n|switch|p1a: Luvdisc|Luvdisc, M|247/247\n|turn|9\n|\n|t:|1782821313\n|switch|p2a: Tauros|Tauros-Paldea-Combat, L82, M|257/257\n|-ability|p2a: Tauros|Intimidate|boost\n|-unboost|p1a: Luvdisc|atk|1\n|move|p1a: Luvdisc|Surf|p2a: Tauros\n|-damage|p2a: Tauros|170/257\n|\n|upkeep\n|turn|10\n|\n|t:|1782821325\n|move|p1a: Luvdisc|Surf|p2a: Tauros\n|-damage|p2a: Tauros|82/257\n|move|p2a: Tauros|Bulk Up|p2a: Tauros\n|-boost|p2a: Tauros|atk|1\n|-boost|p2a: Tauros|def|1\n|\n|upkeep\n|turn|11\n|\n|t:|1782821331\n|move|p1a: Luvdisc|Surf|p2a: Tauros\n|-damage|p2a: Tauros|0 fnt\n|faint|p2a: Tauros\n|\n|upkeep\n|inactive|manmademilkers has 120 seconds left.\n|\n|t:|1782821360\n|switch|p2a: Gengar|Gengar, L81, M|230/230\n|turn|12\n|\n|t:|1782821365\n|move|p1a: Luvdisc|Surf|p2a: Gengar\n|-damage|p2a: Gengar|143/230\n|move|p2a: Gengar|Sludge Wave|p1a: Luvdisc\n|-damage|p1a: Luvdisc|78/247\n|-damage|p2a: Gengar|120/230|[from] item: Life Orb\n|\n|upkeep\n|turn|13\n|\n|t:|1782821367\n|move|p1a: Luvdisc|Surf|p2a: Gengar\n|-damage|p2a: Gengar|39/230\n|-start|p1a: Luvdisc|Disable|Surf|[from] ability: Cursed Body|[of] p2a: Gengar\n|move|p2a: Gengar|Sludge Wave|p1a: Luvdisc\n|-damage|p1a: Luvdisc|0 fnt\n|faint|p1a: Luvdisc\n|-damage|p2a: Gengar|16/230|[from] item: Life Orb\n|\n|upkeep\n|\n|t:|1782821367\n|switch|p1a: Great Tusk|Great Tusk, L77|304/304\n|turn|14\n|\n|t:|1782821380\n|-terastallize|p1a: Great Tusk|Steel\n|move|p2a: Gengar|Focus Blast|p1a: Great Tusk\n|-supereffective|p1a: Great Tusk\n|-damage|p1a: Great Tusk|0 fnt\n|faint|p1a: Great Tusk\n|-end|p1a: Great Tusk|Protosynthesis|[silent]\n|-damage|p2a: Gengar|0 fnt|[from] item: Life Orb\n|faint|p2a: Gengar\n|\n|upkeep\n|\n|t:|1782821395\n|switch|p2a: Politoed|Politoed, L88, F|134/302\n|switch|p1a: Lumineon|Lumineon, L93, M|225/279 slp\n|-weather|RainDance|[from] ability: Drizzle|[of] p2a: Politoed\n|turn|15\n|\n|t:|1782821398\n|switch|p2a: Keldeo|Keldeo-Resolute, L79|273/273\n|cant|p1a: Lumineon|slp\n|\n|-weather|RainDance|[upkeep]\n|upkeep\n|turn|16\n|\n|t:|1782821402\n|-curestatus|p1a: Lumineon|slp|[msg]\n|move|p1a: Lumineon|Alluring Voice|p2a: Keldeo\n|-supereffective|p2a: Keldeo\n|-damage|p2a: Keldeo|117/273\n|-damage|p1a: Lumineon|198/279|[from] item: Life Orb\n|move|p2a: Keldeo|Calm Mind|p2a: Keldeo\n|-boost|p2a: Keldeo|spa|1\n|-boost|p2a: Keldeo|spd|1\n|\n|-weather|RainDance|[upkeep]\n|-heal|p2a: Keldeo|134/273|[from] item: Leftovers\n|upkeep\n|turn|17\n|\n|t:|1782821422\n|-terastallize|p2a: Keldeo|Steel\n|move|p1a: Lumineon|Alluring Voice|p2a: Keldeo\n|-resisted|p2a: Keldeo\n|-damage|p2a: Keldeo|109/273\n|-damage|p1a: Lumineon|171/279|[from] item: Life Orb\n|move|p2a: Keldeo|Calm Mind|p2a: Keldeo\n|-boost|p2a: Keldeo|spa|1\n|-boost|p2a: Keldeo|spd|1\n|\n|-weather|RainDance|[upkeep]\n|-heal|p2a: Keldeo|126/273|[from] item: Leftovers\n|upkeep\n|turn|18\n|\n|t:|1782821429\n|move|p1a: Lumineon|Ice Beam|p2a: Keldeo\n|-resisted|p2a: Keldeo\n|-damage|p2a: Keldeo|105/273\n|-damage|p1a: Lumineon|144/279|[from] item: Life Orb\n|move|p2a: Keldeo|Secret Sword|p1a: Lumineon\n|-damage|p1a: Lumineon|0 fnt\n|faint|p1a: Lumineon\n|\n|-weather|RainDance|[upkeep]\n|-heal|p2a: Keldeo|122/273|[from] item: Leftovers\n|upkeep\n|\n|t:|1782821429\n|switch|p1a: Kleavor|Kleavor, L78, M|237/237\n|turn|19\n|\n|t:|1782821433\n|move|p1a: Kleavor|X-Scissor|p2a: Keldeo\n|-resisted|p2a: Keldeo\n|-damage|p2a: Keldeo|44/273\n|move|p2a: Keldeo|Surf|p1a: Kleavor\n|-supereffective|p1a: Kleavor\n|-damage|p1a: Kleavor|0 fnt\n|faint|p1a: Kleavor\n|\n|win|manmademilkers\n|raw|testbotcif's rating: 1318 &rarr; <strong>1301</strong><br />(-17 for losing)\n|raw|manmademilkers's rating: 1362 &rarr; <strong>1379</strong><br />(+17 for winning)\n", "inputlog": ">version f8ac14003a5f27e1bdc8d8c59608a773c1cb96e5\n>start {\"formatid\":\"gen9randombattle\",\"seed\":\"sodium,c73c2efd29c010571d930a350906d3e0\",\"rated\":\"Rated battle\"}\n>player p1 {\"name\":\"testbotcif\",\"avatar\":\"266\",\"rating\":1318,\"seed\":\"sodium,6a038f9e388e83cc96e16c7b5f78b318\"}\n>player p2 {\"name\":\"manmademilkers\",\"avatar\":\"lusamine-nihilego\",\"rating\":1362,\"seed\":\"sodium,b094cca77c64ca547f6fb7327708252d\"}\n>chat \u2606testbotcif|rlhf\n>chat \u2606manmademilkers|glhf\n>p1 move dazzlinggleam\n>p2 move earthquake\n>p1 move dazzlinggleam\n>p2 move earthquake\n>p2 switch 3\n>p1 move dazzlinggleam\n>p2 move icebeam\n>p1 switch 3\n>p1 move alluringvoice\n>p2 move hypnosis\n>p1 move alluringvoice\n>p2 move hypnosis\n>p1 switch 5\n>p2 move icebeam\n>p1 move knockoff\n>p2 move surf\n>p1 move knockoff\n>p2 move surf\n>p1 switch 2\n>p1 move surf\n>p2 switch 6\n>p1 move surf\n>p2 move bulkup\n>p1 move surf\n>p2 move closecombat\n>p2 switch 4\n>p1 move surf\n>p2 move sludgewave\n>p1 move surf\n>p2 move sludgewave\n>p1 switch 4\n>p1 move earthquake terastallize\n>p2 move focusblast\n>p1 switch 5\n>p2 switch 6\n>p1 move alluringvoice\n>p2 switch 2\n>p1 move alluringvoice\n>p2 move calmmind\n>p1 move alluringvoice\n>p2 move calmmind terastallize\n>p1 move icebeam\n>p2 move secretsword\n>p1 switch 6\n>p1 move xscissor\n>p2 move surf", "uploadtime": 1782821433, "views": 3, "formatid": "gen9randombattle", "rating": 1301, "private": 0, "password": null, "player_dets": [{"name": "testbotcif", "avatar": "266", "rating": 1318, "seed": "sodium,6a038f9e388e83cc96e16c7b5f78b318"}, {"name": "manmademilkers", "avatar": "lusamine-nihilego", "rating": 1362, "seed": "sodium,b094cca77c64ca547f6fb7327708252d"}], "teams_full": [{"Ampharos": {"name": "Ampharos", "species": "Ampharos", "speciesId": "ampharos", "gender": "F", "shiny": false, "level": 88, "moves": ["focusblast", "thunderbolt", "voltswitch", "dazzlinggleam"], "ability": "Static", "evs": {"hp": 85, "atk": 0, "def": 85, "spa": 85, "spd": 85, "spe": 85}, "ivs": {"hp": 31, "atk": 0, "def": 31, "spa": 31, "spd": 31, "spe": 31}, "item": "Choice Specs", "teraType": "Fairy", "role": "Wallbreaker", "bvs": {"hp": 90, "atk": 75, "def": 85, "spa": 115, "spd": 90, "spe": 55}, "stats": {"hp": 302, "atk": 137, "def": 200, "spa": 253, "spd": 209, "spe": 147}, "types": ["Electric"]}, "Luvdisc": {"name": "Luvdisc", "species": "Luvdisc", "speciesId": "luvdisc", "gender": "M", "shiny": false, "level": 100, "moves": ["whirlpool", "endeavor", "substitute", "surf"], "ability": "Swift Swim", "evs": {"hp": 81, "atk": 0, "def": 85, "spa": 85, "spd": 85, "spe": 85}, "ivs": {"hp": 31, "atk": 0, "def": 31, "spa": 31, "spd": 31, "spe": 31}, "item": "Heavy-Duty Boots", "teraType": "Ground", "role": "Fast Support", "bvs": {"hp": 43, "atk": 30, "def": 55, "spa": 40, "spd": 65, "spe": 97}, "stats": {"hp": 247, "atk": 65, "def": 167, "spa": 137, "spd": 187, "spe": 251}, "types": ["Water"]}, "Lumineon": {"name": "Lumineon", "species": "Lumineon", "speciesId": "lumineon", "gender": "M", "shiny": false, "level": 93, "moves": ["icebeam", "encore", "alluringvoice", "hydropump"], "ability": "Storm Drain", "evs": {"hp": 85, "atk": 0, "def": 85, "spa": 85, "spd": 85, "spe": 85}, "ivs": {"hp": 31, "atk": 0, "def": 31, "spa": 31, "spd": 31, "spe": 31}, "item": "Life Orb", "teraType": "Water", "role": "Fast Attacker", "bvs": {"hp": 69, "atk": 69, "def": 76, "spa": 69, "spd": 86, "spe": 91}, "stats": {"hp": 279, "atk": 133, "def": 194, "spa": 181, "spd": 213, "spe": 222}, "types": ["Water"]}, "Great Tusk": {"name": "Great Tusk", "species": "Great Tusk", "speciesId": "greattusk", "gender": "N", "shiny": false, "level": 77, "moves": ["rapidspin", "bulkup", "earthquake", "closecombat"], "ability": "Protosynthesis", "evs": {"hp": 85, "atk": 85, "def": 85, "spa": 85, "spd": 85, "spe": 85}, "ivs": {"hp": 31, "atk": 31, "def": 31, "spa": 31, "spd": 31, "spe": 31}, "item": "Leftovers", "teraType": "Steel", "role": "Bulky Setup", "bvs": {"hp": 115, "atk": 131, "def": 131, "spa": 53, "spd": 53, "spe": 87}, "stats": {"hp": 304, "atk": 246, "def": 246, "spa": 126, "spd": 126, "spe": 179}, "types": ["Ground", "Fighting"]}, "Malamar": {"name": "Malamar", "species": "Malamar", "speciesId": "malamar", "gender": "F", "shiny": false, "level": 82, "moves": ["knockoff", "sleeptalk", "superpower", "rest"], "ability": "Contrary", "evs": {"hp": 85, "atk": 85, "def": 85, "spa": 85, "spd": 85, "spe": 85}, "ivs": {"hp": 31, "atk": 31, "def": 31, "spa": 31, "spd": 31, "spe": 31}, "item": "Leftovers", "teraType": "Steel", "role": "Bulky Setup", "bvs": {"hp": 86, "atk": 92, "def": 88, "spa": 68, "spd": 75, "spe": 73}, "stats": {"hp": 275, "atk": 198, "def": 191, "spa": 159, "spd": 170, "spe": 167}, "types": ["Dark", "Psychic"]}, "Kleavor": {"name": "Kleavor", "species": "Kleavor", "speciesId": "kleavor", "gender": "M", "shiny": false, "level": 78, "moves": ["stoneaxe", "uturn", "xscissor", "closecombat"], "ability": "Sharpness", "evs": {"hp": 85, "atk": 85, "def": 85, "spa": 85, "spd": 85, "spe": 85}, "ivs": {"hp": 31, "atk": 31, "def": 31, "spa": 31, "spd": 31, "spe": 31}, "item": "Choice Scarf", "teraType": "Fighting", "role": "Bulky Attacker", "bvs": {"hp": 70, "atk": 135, "def": 95, "spa": 45, "spd": 70, "spe": 85}, "stats": {"hp": 237, "atk": 256, "def": 193, "spa": 115, "spd": 154, "spe": 178}, "types": ["Bug", "Rock"]}}, {"Salamence": {"name": "Salamence", "species": "Salamence", "speciesId": "salamence", "gender": "M", "shiny": false, "level": 77, "moves": ["earthquake", "outrage", "dualwingbeat", "dragondance"], "ability": "Moxie", "evs": {"hp": 85, "atk": 85, "def": 85, "spa": 85, "spd": 85, "spe": 85}, "ivs": {"hp": 31, "atk": 31, "def": 31, "spa": 31, "spd": 31, "spe": 31}, "item": "Heavy-Duty Boots", "teraType": "Steel", "role": "Setup Sweeper", "bvs": {"hp": 95, "atk": 135, "def": 80, "spa": 110, "spd": 80, "spe": 100}, "stats": {"hp": 273, "atk": 252, "def": 168, "spa": 214, "spd": 168, "spe": 199}, "types": ["Dragon", "Flying"]}, "Keldeo": {"name": "Keldeo", "species": "Keldeo-Resolute", "speciesId": "keldeoresolute", "gender": "N", "shiny": false, "level": 79, "moves": ["secretsword", "surf", "calmmind", "substitute"], "ability": "Justified", "evs": {"hp": 85, "atk": 0, "def": 85, "spa": 85, "spd": 85, "spe": 85}, "ivs": {"hp": 31, "atk": 0, "def": 31, "spa": 31, "spd": 31, "spe": 31}, "item": "Leftovers", "teraType": "Steel", "role": "Bulky Setup", "bvs": {"hp": 91, "atk": 72, "def": 90, "spa": 129, "spd": 90, "spe": 108}, "stats": {"hp": 273, "atk": 118, "def": 188, "spa": 249, "spd": 188, "spe": 216}, "types": ["Water", "Fighting"]}, "Politoed": {"name": "Politoed", "species": "Politoed", "speciesId": "politoed", "gender": "F", "shiny": false, "level": 88, "moves": ["surf", "hypnosis", "icebeam", "haze"], "ability": "Drizzle", "evs": {"hp": 85, "atk": 0, "def": 85, "spa": 85, "spd": 85, "spe": 85}, "ivs": {"hp": 31, "atk": 0, "def": 31, "spa": 31, "spd": 31, "spe": 31}, "item": "Leftovers", "teraType": "Water", "role": "Bulky Attacker", "bvs": {"hp": 90, "atk": 75, "def": 75, "spa": 90, "spd": 100, "spe": 70}, "stats": {"hp": 302, "atk": 137, "def": 182, "spa": 209, "spd": 226, "spe": 173}, "types": ["Water"]}, "Gengar": {"name": "Gengar", "species": "Gengar", "speciesId": "gengar", "gender": "M", "shiny": false, "level": 81, "moves": ["encore", "focusblast", "sludgewave", "shadowball"], "ability": "Cursed Body", "evs": {"hp": 85, "atk": 0, "def": 85, "spa": 85, "spd": 85, "spe": 85}, "ivs": {"hp": 31, "atk": 0, "def": 31, "spa": 31, "spd": 31, "spe": 31}, "item": "Life Orb", "teraType": "Fighting", "role": "Fast Attacker", "bvs": {"hp": 60, "atk": 65, "def": 60, "spa": 130, "spd": 75, "spe": 110}, "stats": {"hp": 230, "atk": 110, "def": 144, "spa": 257, "spd": 168, "spe": 225}, "types": ["Ghost", "Poison"]}, "Gouging Fire": {"name": "Gouging Fire", "species": "Gouging Fire", "speciesId": "gougingfire", "gender": "N", "shiny": false, "level": 74, "moves": ["heatcrash", "outrage", "earthquake", "dragondance"], "ability": "Protosynthesis", "evs": {"hp": 85, "atk": 85, "def": 85, "spa": 85, "spd": 85, "spe": 85}, "ivs": {"hp": 31, "atk": 31, "def": 31, "spa": 31, "spd": 31, "spe": 31}, "item": "Heavy-Duty Boots", "teraType": "Ground", "role": "Setup Sweeper", "bvs": {"hp": 105, "atk": 115, "def": 121, "spa": 65, "spd": 93, "spe": 91}, "stats": {"hp": 277, "atk": 213, "def": 222, "spa": 139, "spd": 181, "spe": 178}, "types": ["Fire", "Dragon"]}, "Tauros": {"name": "Tauros", "species": "Tauros-Paldea-Combat", "speciesId": "taurospaldeacombat", "gender": "M", "shiny": false, "level": 82, "moves": ["closecombat", "bulkup", "throatchop", "ironhead"], "ability": "Intimidate", "evs": {"hp": 85, "atk": 85, "def": 85, "spa": 85, "spd": 85, "spe": 85}, "ivs": {"hp": 31, "atk": 31, "def": 31, "spa": 31, "spd": 31, "spe": 31}, "item": "Life Orb", "teraType": "Dark", "role": "Wallbreaker", "bvs": {"hp": 75, "atk": 110, "def": 105, "spa": 30, "spd": 70, "spe": 100}, "stats": {"hp": 257, "atk": 228, "def": 219, "spa": 96, "spd": 162, "spe": 211}, "types": ["Fighting"]}}]}