{"id": "gen9randombattle-2641430575", "format": "[Gen 9] Random Battle", "players": ["claydolconnoisseur", "hoopaboy200"], "log": "|j|\u2606claydolconnoisseur\n|j|\u2606hoopaboy200\n|t:|1782783650\n|gametype|singles\n|player|p1|claydolconnoisseur|burglar-gen1|1237\n|player|p2|hoopaboy200|cynthia-gen4|1256\n|gen|9\n|tier|[Gen 9] Random Battle\n|rated|\n|rule|Species Clause: Limit one of each Pok\u00e9mon\n|rule|HP Percentage Mod: HP is shown in percentages\n|rule|Sleep Clause Mod: Limit one foe put to sleep\n|rule|Illusion Level Mod: Illusion disguises the Pok\u00e9mon's true level\n|\n|t:|1782783650\n|teamsize|p1|6\n|teamsize|p2|6\n|start\n|switch|p1a: Tropius|Tropius, L91, M|328/328\n|switch|p2a: Carbink|Carbink, L90|236/236\n|turn|1\n|inactive|Battle timer is ON: inactive players will automatically lose when time's up. (requested by claydolconnoisseur)\n|\n|t:|1782783671\n|move|p1a: Tropius|Dragon Dance|p1a: Tropius\n|-boost|p1a: Tropius|atk|1\n|-boost|p1a: Tropius|spe|1\n|move|p2a: Carbink|Iron Defense|p2a: Carbink\n|-boost|p2a: Carbink|def|2\n|\n|upkeep\n|turn|2\n|\n|t:|1782783678\n|move|p1a: Tropius|Dragon Dance|p1a: Tropius\n|-boost|p1a: Tropius|atk|1\n|-boost|p1a: Tropius|spe|1\n|move|p2a: Carbink|Iron Defense|p2a: Carbink\n|-boost|p2a: Carbink|def|2\n|\n|upkeep\n|turn|3\n|\n|t:|1782783686\n|move|p1a: Tropius|Leaf Blade|p2a: Carbink\n|-supereffective|p2a: Carbink\n|-damage|p2a: Carbink|168/236\n|move|p2a: Carbink|Moonblast|p1a: Tropius\n|-damage|p1a: Tropius|261/328\n|\n|-heal|p2a: Carbink|182/236|[from] item: Leftovers\n|upkeep\n|turn|4\n|\n|t:|1782783694\n|move|p1a: Tropius|Leaf Blade|p2a: Carbink\n|-supereffective|p2a: Carbink\n|-damage|p2a: Carbink|108/236\n|move|p2a: Carbink|Iron Defense|p2a: Carbink\n|-boost|p2a: Carbink|def|2\n|\n|-heal|p2a: Carbink|122/236|[from] item: Leftovers\n|upkeep\n|turn|5\n|\n|t:|1782783701\n|move|p1a: Tropius|Leaf Blade|p2a: Carbink\n|-supereffective|p2a: Carbink\n|-crit|p2a: Carbink\n|-damage|p2a: Carbink|0 fnt\n|faint|p2a: Carbink\n|\n|upkeep\n|\n|t:|1782783713\n|switch|p2a: Volcanion|Volcanion, L79|255/255\n|turn|6\n|\n|t:|1782783730\n|-terastallize|p1a: Tropius|Ground\n|-terastallize|p2a: Volcanion|Fire\n|move|p1a: Tropius|Earthquake|p2a: Volcanion\n|-supereffective|p2a: Volcanion\n|-damage|p2a: Volcanion|0 fnt\n|faint|p2a: Volcanion\n|\n|upkeep\n|\n|t:|1782783743\n|switch|p2a: Lurantis|Lurantis, L87, M|264/264\n|turn|7\n|\n|t:|1782783747\n|move|p1a: Tropius|Dual Wingbeat|p2a: Lurantis|[miss]\n|-miss|p1a: Tropius|p2a: Lurantis\n|move|p2a: Lurantis|Leaf Storm|p1a: Tropius\n|-supereffective|p1a: Tropius\n|-damage|p1a: Tropius|31/328\n|-boost|p2a: Lurantis|spa|2\n|-enditem|p1a: Tropius|Sitrus Berry|[eat]\n|-heal|p1a: Tropius|113/328|[from] item: Sitrus Berry\n|\n|upkeep\n|turn|8\n|\n|t:|1782783756\n|move|p1a: Tropius|Dual Wingbeat|p2a: Lurantis\n|-supereffective|p2a: Lurantis\n|-damage|p2a: Lurantis|114/264\n|-supereffective|p2a: Lurantis\n|-damage|p2a: Lurantis|0 fnt\n|faint|p2a: Lurantis\n|-hitcount|p2: Lurantis|2\n|\n|upkeep\n|\n|t:|1782783767\n|switch|p2a: Dipplin|Dipplin, L88, M|284/284\n|turn|9\n|\n|t:|1782783773\n|move|p1a: Tropius|Dual Wingbeat|p2a: Dipplin\n|-supereffective|p2a: Dipplin\n|-damage|p2a: Dipplin|198/284\n|-supereffective|p2a: Dipplin\n|-damage|p2a: Dipplin|112/284\n|-hitcount|p2a: Dipplin|2\n|move|p2a: Dipplin|Giga Drain|p1a: Tropius\n|-supereffective|p1a: Tropius\n|-damage|p1a: Tropius|0 fnt\n|-heal|p2a: Dipplin|169/284|[from] drain|[of] p1a: Tropius\n|faint|p1a: Tropius\n|\n|upkeep\n|\n|t:|1782783785\n|switch|p1a: Heatran|Heatran, L79, F|273/273\n|-item|p1a: Heatran|Air Balloon\n|turn|10\n|inactive|hoopaboy200 has 120 seconds left.\n|\n|t:|1782783818\n|move|p1a: Heatran|Stealth Rock|p2a: Dipplin\n|-sidestart|p2: hoopaboy200|move: Stealth Rock\n|move|p2a: Dipplin|Dragon Pulse|p1a: Heatran\n|-resisted|p1a: Heatran\n|-damage|p1a: Heatran|225/273\n|-enditem|p1a: Heatran|Air Balloon\n|\n|upkeep\n|turn|11\n|\n|t:|1782783823\n|switch|p2a: Illumise|Illumise, L91, F|266/266\n|move|p1a: Heatran|Lava Plume|p2a: Illumise\n|-supereffective|p2a: Illumise\n|-damage|p2a: Illumise|98/266\n|\n|upkeep\n|turn|12\n|\n|t:|1782783832\n|move|p2a: Illumise|Thunder Wave|p1a: Heatran\n|-status|p1a: Heatran|par\n|cant|p1a: Heatran|par\n|\n|upkeep\n|turn|13\n|\n|t:|1782783839\n|switch|p2a: Cresselia|Cresselia, L80, F|323/323\n|-damage|p2a: Cresselia|283/323|[from] Stealth Rock\n|cant|p1a: Heatran|par\n|\n|-heal|p2a: Cresselia|303/323|[from] item: Leftovers\n|upkeep\n|turn|14\n|\n|t:|1782783846\n|switch|p1a: Trevenant|Trevenant, L89, M|296/296\n|move|p2a: Cresselia|Calm Mind|p2a: Cresselia\n|-boost|p2a: Cresselia|spa|1\n|-boost|p2a: Cresselia|spd|1\n|\n|-heal|p2a: Cresselia|323/323|[from] item: Leftovers\n|upkeep\n|turn|15\n|\n|t:|1782783854\n|move|p2a: Cresselia|Moonlight|p2a: Cresselia\n|-fail|p2a: Cresselia|heal\n|move|p1a: Trevenant|Toxic|p2a: Cresselia\n|-status|p2a: Cresselia|tox\n|\n|-damage|p2a: Cresselia|303/323 tox|[from] psn\n|upkeep\n|turn|16\n|\n|t:|1782783859\n|move|p2a: Cresselia|Psyshock|p1a: Trevenant\n|-damage|p1a: Trevenant|194/296\n|move|p1a: Trevenant|Poltergeist|p2a: Cresselia\n|-activate|p2a: Cresselia|move: Poltergeist|Leftovers\n|-supereffective|p2a: Cresselia\n|-damage|p2a: Cresselia|43/323 tox\n|\n|-heal|p2a: Cresselia|63/323 tox|[from] item: Leftovers\n|-damage|p2a: Cresselia|23/323 tox|[from] psn\n|upkeep\n|turn|17\n|\n|t:|1782783873\n|move|p2a: Cresselia|Moonlight|p2a: Cresselia\n|-heal|p2a: Cresselia|184/323 tox\n|move|p1a: Trevenant|Poltergeist|p2a: Cresselia\n|-activate|p2a: Cresselia|move: Poltergeist|Leftovers\n|-supereffective|p2a: Cresselia\n|-damage|p2a: Cresselia|0 fnt\n|faint|p2a: Cresselia\n|\n|upkeep\n|-message|hoopaboy200 forfeited.\n|\n|win|claydolconnoisseur\n|raw|claydolconnoisseur's rating: 1237 &rarr; <strong>1263</strong><br />(+26 for winning)\n|raw|hoopaboy200's rating: 1256 &rarr; <strong>1230</strong><br />(-26 for losing)\n|l|\u2606hoopaboy200\n|player|p2|\n", "inputlog": ">version f8ac14003a5f27e1bdc8d8c59608a773c1cb96e5\n>start {\"formatid\":\"gen9randombattle\",\"seed\":\"sodium,a127e558e9b0a0ce60899a3d8e4c2877\",\"rated\":\"Rated battle\"}\n>player p1 {\"name\":\"claydolconnoisseur\",\"avatar\":\"burglar-gen1\",\"rating\":1237,\"seed\":\"sodium,12b8995c3c120ae4d5f2de5e625001e8\"}\n>player p2 {\"name\":\"hoopaboy200\",\"avatar\":\"cynthia-gen4\",\"rating\":1256,\"seed\":\"sodium,fe6fc5545178cf3a7de118388fd30d0a\"}\n>p1 move dragondance\n>p2 move irondefense\n>p1 move dragondance\n>p2 move irondefense\n>p1 move leafblade\n>p2 move moonblast\n>p1 move leafblade\n>p2 move irondefense\n>p1 move leafblade\n>p2 move bodypress\n>p2 switch 6\n>p1 move earthquake terastallize\n>p2 move flamethrower terastallize\n>p2 switch 4\n>p1 move dualwingbeat\n>p2 move leafstorm\n>p1 move dualwingbeat\n>p2 move leafstorm\n>p2 switch 5\n>p1 move dualwingbeat\n>p2 move gigadrain\n>p1 switch 6\n>p1 move stealthrock\n>p2 move dragonpulse\n>p1 move lavaplume\n>p2 switch 2\n>p1 move lavaplume\n>p2 move thunderwave\n>p1 move lavaplume\n>p2 switch 3\n>p1 switch 2\n>p2 move calmmind\n>p1 move toxic\n>p2 move moonlight\n>p1 move poltergeist\n>p2 move psyshock\n>p1 move poltergeist\n>p2 move moonlight\n>forcelose p2", "uploadtime": 1782783886, "views": 2, "formatid": "gen9randombattle", "rating": 1230, "private": 0, "password": null, "player_dets": [{"name": "claydolconnoisseur", "avatar": "burglar-gen1", "rating": 1237, "seed": "sodium,12b8995c3c120ae4d5f2de5e625001e8"}, {"name": "hoopaboy200", "avatar": "cynthia-gen4", "rating": 1256, "seed": "sodium,fe6fc5545178cf3a7de118388fd30d0a"}], "teams_full": [{"Tropius": {"name": "Tropius", "species": "Tropius", "speciesId": "tropius", "gender": "M", "shiny": false, "level": 91, "moves": ["dragondance", "dualwingbeat", "earthquake", "leafblade"], "ability": "Harvest", "evs": {"hp": 85, "atk": 85, "def": 85, "spa": 85, "spd": 85, "spe": 85}, "ivs": {"hp": 31, "atk": 31, "def": 31, "spa": 31, "spd": 31, "spe": 31}, "item": "Sitrus Berry", "teraType": "Ground", "role": "Setup Sweeper", "bvs": {"hp": 99, "atk": 68, "def": 83, "spa": 72, "spd": 87, "spe": 51}, "stats": {"hp": 328, "atk": 176, "def": 203, "spa": 183, "spd": 210, "spe": 145}, "types": ["Grass", "Flying"]}, "Trevenant": {"name": "Trevenant", "species": "Trevenant", "speciesId": "trevenant", "gender": "M", "shiny": false, "level": 89, "moves": ["poltergeist", "drainpunch", "protect", "toxic"], "ability": "Harvest", "evs": {"hp": 85, "atk": 85, "def": 85, "spa": 85, "spd": 85, "spe": 85}, "ivs": {"hp": 31, "atk": 31, "def": 31, "spa": 31, "spd": 31, "spe": 31}, "item": "Sitrus Berry", "teraType": "Fairy", "role": "Bulky Support", "bvs": {"hp": 85, "atk": 110, "def": 76, "spa": 65, "spd": 82, "spe": 56}, "stats": {"hp": 296, "atk": 247, "def": 186, "spa": 166, "spd": 197, "spe": 150}, "types": ["Ghost", "Grass"]}, "Lucario": {"name": "Lucario", "species": "Lucario", "speciesId": "lucario", "gender": "F", "shiny": false, "level": 84, "moves": ["focusblast", "flashcannon", "nastyplot", "vacuumwave"], "ability": "Inner Focus", "evs": {"hp": 85, "atk": 0, "def": 85, "spa": 85, "spd": 85, "spe": 85}, "ivs": {"hp": 31, "atk": 0, "def": 31, "spa": 31, "spd": 31, "spe": 31}, "item": "Life Orb", "teraType": "Fighting", "role": "Setup Sweeper", "bvs": {"hp": 70, "atk": 110, "def": 70, "spa": 115, "spd": 70, "spe": 90}, "stats": {"hp": 255, "atk": 189, "def": 166, "spa": 241, "spd": 166, "spe": 199}, "types": ["Fighting", "Steel"]}, "Milotic": {"name": "Milotic", "species": "Milotic", "speciesId": "milotic", "gender": "F", "shiny": false, "level": 83, "moves": ["recover", "dragontail", "scald", "icebeam"], "ability": "Competitive", "evs": {"hp": 85, "atk": 85, "def": 85, "spa": 85, "spd": 85, "spe": 85}, "ivs": {"hp": 31, "atk": 31, "def": 31, "spa": 31, "spd": 31, "spe": 31}, "item": "Leftovers", "teraType": "Steel", "role": "Bulky Attacker", "bvs": {"hp": 95, "atk": 60, "def": 79, "spa": 100, "spd": 125, "spe": 81}, "stats": {"hp": 293, "atk": 147, "def": 179, "spa": 214, "spd": 255, "spe": 182}, "types": ["Water"]}, "Sneasler": {"name": "Sneasler", "species": "Sneasler", "speciesId": "sneasler", "gender": "F", "shiny": false, "level": 74, "moves": ["throatchop", "direclaw", "uturn", "closecombat"], "ability": "Poison Touch", "evs": {"hp": 85, "atk": 85, "def": 85, "spa": 85, "spd": 85, "spe": 85}, "ivs": {"hp": 31, "atk": 31, "def": 31, "spa": 31, "spd": 31, "spe": 31}, "item": "Choice Band", "teraType": "Fighting", "role": "Fast Attacker", "bvs": {"hp": 80, "atk": 130, "def": 60, "spa": 40, "spd": 80, "spe": 120}, "stats": {"hp": 240, "atk": 235, "def": 132, "spa": 102, "spd": 161, "spe": 221}, "types": ["Fighting", "Poison"]}, "Heatran": {"name": "Heatran", "species": "Heatran", "speciesId": "heatran", "gender": "F", "shiny": false, "level": 79, "moves": ["lavaplume", "stealthrock", "earthpower", "heavyslam"], "ability": "Flash Fire", "evs": {"hp": 85, "atk": 85, "def": 85, "spa": 85, "spd": 85, "spe": 85}, "ivs": {"hp": 31, "atk": 31, "def": 31, "spa": 31, "spd": 31, "spe": 31}, "item": "Air Balloon", "teraType": "Flying", "role": "Bulky Support", "bvs": {"hp": 91, "atk": 90, "def": 106, "spa": 130, "spd": 106, "spe": 77}, "stats": {"hp": 273, "atk": 188, "def": 213, "spa": 251, "spd": 213, "spe": 167}, "types": ["Fire", "Steel"]}}, {"Carbink": {"name": "Carbink", "species": "Carbink", "speciesId": "carbink", "gender": "N", "shiny": false, "level": 90, "moves": ["bodypress", "rockpolish", "moonblast", "irondefense"], "ability": "Sturdy", "evs": {"hp": 85, "atk": 0, "def": 85, "spa": 85, "spd": 85, "spe": 85}, "ivs": {"hp": 31, "atk": 0, "def": 31, "spa": 31, "spd": 31, "spe": 31}, "item": "Leftovers", "teraType": "Fighting", "role": "Fast Bulky Setup", "bvs": {"hp": 50, "atk": 50, "def": 150, "spa": 50, "spd": 150, "spe": 50}, "stats": {"hp": 236, "atk": 95, "def": 321, "spa": 141, "spd": 321, "spe": 141}, "types": ["Rock", "Fairy"]}, "Illumise": {"name": "Illumise", "species": "Illumise", "speciesId": "illumise", "gender": "F", "shiny": false, "level": 91, "moves": ["bugbuzz", "roost", "thunderwave", "encore"], "ability": "Prankster", "evs": {"hp": 85, "atk": 0, "def": 85, "spa": 85, "spd": 85, "spe": 85}, "ivs": {"hp": 31, "atk": 0, "def": 31, "spa": 31, "spd": 31, "spe": 31}, "item": "Heavy-Duty Boots", "teraType": "Steel", "role": "Bulky Support", "bvs": {"hp": 65, "atk": 47, "def": 75, "spa": 73, "spd": 85, "spe": 85}, "stats": {"hp": 266, "atk": 90, "def": 188, "spa": 185, "spd": 207, "spe": 207}, "types": ["Bug"]}, "Cresselia": {"name": "Cresselia", "species": "Cresselia", "speciesId": "cresselia", "gender": "F", "shiny": false, "level": 80, "moves": ["moonblast", "calmmind", "psyshock", "moonlight"], "ability": "Levitate", "evs": {"hp": 85, "atk": 0, "def": 85, "spa": 85, "spd": 85, "spe": 85}, "ivs": {"hp": 31, "atk": 0, "def": 31, "spa": 31, "spd": 31, "spe": 31}, "item": "Leftovers", "teraType": "Steel", "role": "Bulky Setup", "bvs": {"hp": 120, "atk": 70, "def": 110, "spa": 75, "spd": 120, "spe": 85}, "stats": {"hp": 323, "atk": 117, "def": 222, "spa": 166, "spd": 238, "spe": 182}, "types": ["Psychic"]}, "Lurantis": {"name": "Lurantis", "species": "Lurantis", "speciesId": "lurantis", "gender": "M", "shiny": false, "level": 87, "moves": ["defog", "leafstorm", "superpower", "synthesis"], "ability": "Contrary", "evs": {"hp": 85, "atk": 85, "def": 85, "spa": 85, "spd": 85, "spe": 85}, "ivs": {"hp": 31, "atk": 31, "def": 31, "spa": 31, "spd": 31, "spe": 31}, "item": "Leftovers", "teraType": "Fighting", "role": "Bulky Attacker", "bvs": {"hp": 70, "atk": 105, "def": 90, "spa": 80, "spd": 90, "spe": 45}, "stats": {"hp": 264, "atk": 232, "def": 206, "spa": 189, "spd": 206, "spe": 128}, "types": ["Grass"]}, "Dipplin": {"name": "Dipplin", "species": "Dipplin", "speciesId": "dipplin", "gender": "M", "shiny": false, "level": 88, "moves": ["recover", "dragonpulse", "gigadrain", "dragontail"], "ability": "Sticky Hold", "evs": {"hp": 85, "atk": 85, "def": 85, "spa": 85, "spd": 85, "spe": 85}, "ivs": {"hp": 31, "atk": 31, "def": 31, "spa": 31, "spd": 31, "spe": 31}, "item": "Eviolite", "teraType": "Steel", "role": "Bulky Attacker", "bvs": {"hp": 80, "atk": 80, "def": 110, "spa": 95, "spd": 80, "spe": 40}, "stats": {"hp": 284, "atk": 191, "def": 244, "spa": 217, "spd": 191, "spe": 121}, "types": ["Grass", "Dragon"]}, "Volcanion": {"name": "Volcanion", "species": "Volcanion", "speciesId": "volcanion", "gender": "N", "shiny": false, "level": 79, "moves": ["earthpower", "steameruption", "flamethrower", "flamecharge"], "ability": "Water Absorb", "evs": {"hp": 81, "atk": 85, "def": 85, "spa": 85, "spd": 85, "spe": 85}, "ivs": {"hp": 31, "atk": 31, "def": 31, "spa": 31, "spd": 31, "spe": 31}, "item": "Assault Vest", "teraType": "Fire", "role": "Bulky Attacker", "bvs": {"hp": 80, "atk": 110, "def": 120, "spa": 130, "spd": 90, "spe": 70}, "stats": {"hp": 255, "atk": 219, "def": 235, "spa": 251, "spd": 188, "spe": 156}, "types": ["Fire", "Water"]}}]}