{"id": "gen9randombattle-2641265529", "format": "[Gen 9] Random Battle", "players": ["jasonwhen", "testbotcif"], "log": "|j|\u2606jasonwhen\n|j|\u2606testbotcif\n|t:|1782760974\n|gametype|singles\n|player|p1|jasonwhen|169|1329\n|player|p2|testbotcif|266|1297\n|gen|9\n|tier|[Gen 9] Random Battle\n|rated|\n|rule|Species Clause: Limit one of each Pok\u00e9mon\n|rule|HP Percentage Mod: HP is shown in percentages\n|rule|Sleep Clause Mod: Limit one foe put to sleep\n|rule|Illusion Level Mod: Illusion disguises the Pok\u00e9mon's true level\n|\n|t:|1782760974\n|teamsize|p1|6\n|teamsize|p2|6\n|start\n|switch|p1a: Iron Crown|Iron Crown, L78|268/268\n|switch|p2a: Bruxish|Bruxish, L85, M|254/254\n|turn|1\n|c|\u2606testbotcif|rlhf\n|inactive|Battle timer is ON: inactive players will automatically lose when time's up. (requested by jasonwhen)\n|inactive|testbotcif also wants the timer to be on.\n|\n|t:|1782760978\n|move|p2a: Bruxish|Swords Dance|p2a: Bruxish\n|-boost|p2a: Bruxish|atk|2\n|move|p1a: Iron Crown|Volt Switch|p2a: Bruxish\n|-supereffective|p2a: Bruxish\n|-damage|p2a: Bruxish|70/254\n|\n|t:|1782760985\n|-end|p1a: Iron Crown|Quark Drive|[silent]\n|switch|p1a: Muk|Muk, L86, F|321/321|[from] Volt Switch\n|\n|upkeep\n|turn|2\n|\n|t:|1782760987\n|move|p1a: Muk|Shadow Sneak|p2a: Bruxish\n|-supereffective|p2a: Bruxish\n|-damage|p2a: Bruxish|0 fnt\n|faint|p2a: Bruxish\n|\n|upkeep\n|\n|t:|1782760987\n|switch|p2a: Basculegion|Basculegion, L80, M|323/323\n|turn|3\n|\n|t:|1782760992\n|move|p2a: Basculegion|Wave Crash|p1a: Muk\n|-damage|p1a: Muk|135/321\n|-damage|p2a: Basculegion|262/323|[from] Recoil\n|move|p1a: Muk|Knock Off|p2a: Basculegion\n|-supereffective|p2a: Basculegion\n|-damage|p2a: Basculegion|52/323\n|-enditem|p2a: Basculegion|Assault Vest|[from] move: Knock Off|[of] p1a: Muk\n|\n|upkeep\n|turn|4\n|\n|t:|1782760995\n|move|p1a: Muk|Shadow Sneak|p2a: Basculegion\n|-supereffective|p2a: Basculegion\n|-damage|p2a: Basculegion|0 fnt\n|faint|p2a: Basculegion\n|\n|upkeep\n|\n|t:|1782760995\n|switch|p2a: Honchkrow|Honchkrow, L86, M|312/312\n|turn|5\n|\n|t:|1782761000\n|move|p2a: Honchkrow|Brave Bird|p1a: Muk\n|-damage|p1a: Muk|0 fnt\n|faint|p1a: Muk\n|-ability|p2a: Honchkrow|Moxie|boost\n|-boost|p2a: Honchkrow|atk|1\n|-damage|p2a: Honchkrow|267/312|[from] Recoil\n|\n|upkeep\n|\n|t:|1782761024\n|switch|p1a: Haxorus|Haxorus, L77, F|244/244\n|-ability|p1a: Haxorus|Mold Breaker\n|turn|6\n|\n|t:|1782761027\n|move|p2a: Honchkrow|Sucker Punch|p1a: Haxorus\n|-damage|p1a: Haxorus|99/244\n|move|p1a: Haxorus|Scale Shot|p2a: Honchkrow\n|-damage|p2a: Honchkrow|219/312\n|-crit|p2a: Honchkrow\n|-damage|p2a: Honchkrow|156/312\n|-damage|p2a: Honchkrow|110/312\n|-damage|p2a: Honchkrow|62/312\n|-crit|p2a: Honchkrow\n|-damage|p2a: Honchkrow|0 fnt\n|faint|p2a: Honchkrow\n|-hitcount|p2: Honchkrow|5\n|-unboost|p1a: Haxorus|def|1\n|-boost|p1a: Haxorus|spe|1\n|\n|upkeep\n|\n|t:|1782761027\n|switch|p2a: Abomasnow|Abomasnow, L84, M|287/287\n|-weather|Snowscape|[from] ability: Snow Warning|[of] p2a: Abomasnow\n|turn|7\n|\n|t:|1782761036\n|move|p1a: Haxorus|Iron Head|p2a: Abomasnow\n|-supereffective|p2a: Abomasnow\n|-damage|p2a: Abomasnow|181/287\n|move|p2a: Abomasnow|Blizzard|p1a: Haxorus\n|-supereffective|p1a: Haxorus\n|-damage|p1a: Haxorus|0 fnt\n|faint|p1a: Haxorus\n|\n|-weather|Snowscape|[upkeep]\n|upkeep\n|\n|t:|1782761044\n|switch|p1a: Skarmory|Skarmory, L80, F|235/235\n|turn|8\n|\n|t:|1782761049\n|-terastallize|p2a: Abomasnow|Ghost\n|move|p1a: Skarmory|Brave Bird|p2a: Abomasnow\n|-damage|p2a: Abomasnow|72/287\n|-damage|p1a: Skarmory|199/235|[from] Recoil\n|move|p2a: Abomasnow|Blizzard|p1a: Skarmory\n|-damage|p1a: Skarmory|51/235\n|\n|-weather|Snowscape|[upkeep]\n|-heal|p1a: Skarmory|65/235|[from] item: Leftovers\n|upkeep\n|turn|9\n|\n|t:|1782761051\n|move|p1a: Skarmory|Brave Bird|p2a: Abomasnow\n|-damage|p2a: Abomasnow|0 fnt\n|faint|p2a: Abomasnow\n|-damage|p1a: Skarmory|41/235|[from] Recoil\n|\n|-weather|Snowscape|[upkeep]\n|-heal|p1a: Skarmory|55/235|[from] item: Leftovers\n|upkeep\n|\n|t:|1782761051\n|switch|p2a: Hydreigon|Hydreigon, L79, M|275/275\n|turn|10\n|\n|t:|1782761054\n|move|p2a: Hydreigon|Nasty Plot|p2a: Hydreigon\n|-boost|p2a: Hydreigon|spa|2\n|move|p1a: Skarmory|Body Press|p2a: Hydreigon\n|-supereffective|p2a: Hydreigon\n|-damage|p2a: Hydreigon|135/275\n|\n|-weather|Snowscape|[upkeep]\n|-heal|p1a: Skarmory|69/235|[from] item: Leftovers\n|upkeep\n|turn|11\n|\n|t:|1782761055\n|move|p2a: Hydreigon|Dark Pulse|p1a: Skarmory\n|-damage|p1a: Skarmory|0 fnt\n|faint|p1a: Skarmory\n|-damage|p2a: Hydreigon|108/275|[from] item: Life Orb\n|\n|-weather|none\n|upkeep\n|\n|t:|1782761072\n|switch|p1a: Venusaur|Venusaur, L84, M|272/272\n|turn|12\n|\n|t:|1782761077\n|move|p2a: Hydreigon|Draco Meteor|p1a: Venusaur\n|-damage|p1a: Venusaur|0 fnt\n|-unboost|p2a: Hydreigon|spa|2\n|faint|p1a: Venusaur\n|-damage|p2a: Hydreigon|81/275|[from] item: Life Orb\n|\n|upkeep\n|\n|t:|1782761083\n|switch|p1a: Dudunsparce|Dudunsparce, L83, M|343/343\n|turn|13\n|\n|t:|1782761086\n|move|p2a: Hydreigon|Draco Meteor|p1a: Dudunsparce\n|-damage|p1a: Dudunsparce|139/343\n|-unboost|p2a: Hydreigon|spa|2\n|-damage|p2a: Hydreigon|54/275|[from] item: Life Orb\n|move|p1a: Dudunsparce|Boomburst|p2a: Hydreigon\n|-damage|p2a: Hydreigon|0 fnt\n|faint|p2a: Hydreigon\n|\n|-heal|p1a: Dudunsparce|160/343|[from] item: Leftovers\n|upkeep\n|\n|t:|1782761087\n|switch|p2a: Blaziken|Blaziken, L76, M|247/247\n|turn|14\n|\n|t:|1782761098\n|move|p2a: Blaziken|Swords Dance|p2a: Blaziken\n|-boost|p2a: Blaziken|atk|2\n|move|p1a: Dudunsparce|Earthquake|p2a: Blaziken\n|-supereffective|p2a: Blaziken\n|-damage|p2a: Blaziken|73/247\n|\n|-heal|p1a: Dudunsparce|181/343|[from] item: Leftovers\n|-ability|p2a: Blaziken|Speed Boost|boost\n|-boost|p2a: Blaziken|spe|1\n|upkeep\n|turn|15\n|\n|t:|1782761101\n|move|p2a: Blaziken|Close Combat|p1a: Dudunsparce\n|-supereffective|p1a: Dudunsparce\n|-damage|p1a: Dudunsparce|0 fnt\n|-unboost|p2a: Blaziken|def|1\n|-unboost|p2a: Blaziken|spd|1\n|faint|p1a: Dudunsparce\n|-damage|p2a: Blaziken|49/247|[from] item: Life Orb\n|\n|-ability|p2a: Blaziken|Speed Boost|boost\n|-boost|p2a: Blaziken|spe|1\n|upkeep\n|\n|t:|1782761104\n|switch|p1a: Iron Crown|Iron Crown, L78|268/268\n|turn|16\n|\n|t:|1782761108\n|-terastallize|p1a: Iron Crown|Fighting\n|move|p2a: Blaziken|Flare Blitz|p1a: Iron Crown\n|-damage|p1a: Iron Crown|0 fnt\n|faint|p1a: Iron Crown\n|-end|p1a: Iron Crown|Quark Drive|[silent]\n|-damage|p2a: Blaziken|0 fnt|[from] Recoil\n|faint|p2a: Blaziken\n|\n|win|testbotcif\n|raw|jasonwhen's rating: 1329 &rarr; <strong>1307</strong><br />(-22 for losing)\n|raw|testbotcif's rating: 1297 &rarr; <strong>1324</strong><br />(+27 for winning)\n", "inputlog": ">version f8ac14003a5f27e1bdc8d8c59608a773c1cb96e5\n>start {\"formatid\":\"gen9randombattle\",\"seed\":\"sodium,fd7df32754372561ae4716ff0da8e36e\",\"rated\":\"Rated battle\"}\n>player p1 {\"name\":\"jasonwhen\",\"avatar\":\"169\",\"rating\":1329,\"seed\":\"sodium,9a0917da8761b69c88c87f1733233b69\"}\n>player p2 {\"name\":\"testbotcif\",\"avatar\":\"266\",\"rating\":1297,\"seed\":\"sodium,fe474fde0e19663064f2628e84a79138\"}\n>chat \u2606testbotcif|rlhf\n>p1 move voltswitch\n>p2 move swordsdance\n>p1 switch 3\n>p1 move shadowsneak\n>p2 move psychicfangs\n>p2 switch 2\n>p1 move knockoff\n>p2 move wavecrash\n>p1 move shadowsneak\n>p2 move wavecrash\n>p2 switch 3\n>p1 move icepunch\n>p2 move bravebird\n>p1 switch 6\n>p1 move scaleshot\n>p2 move suckerpunch\n>p2 switch 5\n>p1 move ironhead\n>p2 move blizzard\n>p1 switch 2\n>p1 move bravebird\n>p2 move blizzard terastallize\n>p1 move bravebird\n>p2 move blizzard\n>p2 switch 6\n>p1 move bodypress\n>p2 move nastyplot\n>p1 move bodypress\n>p2 move darkpulse\n>p1 switch 4\n>p1 move sludgebomb\n>p2 move dracometeor\n>p1 switch 5\n>p1 move boomburst\n>p2 move dracometeor\n>p2 switch 4\n>p1 move earthquake\n>p2 move swordsdance\n>p1 move earthquake\n>p2 move closecombat\n>p1 switch 3\n>p1 move psyshock terastallize\n>p2 move flareblitz", "uploadtime": 1782761108, "views": 6, "formatid": "gen9randombattle", "rating": 1307, "private": 0, "password": null, "player_dets": [{"name": "jasonwhen", "avatar": "169", "rating": 1329, "seed": "sodium,9a0917da8761b69c88c87f1733233b69"}, {"name": "testbotcif", "avatar": "266", "rating": 1297, "seed": "sodium,fe474fde0e19663064f2628e84a79138"}], "teams_full": [{"Iron Crown": {"name": "Iron Crown", "species": "Iron Crown", "speciesId": "ironcrown", "gender": "N", "shiny": false, "level": 78, "moves": ["voltswitch", "tachyoncutter", "psyshock", "focusblast"], "ability": "Quark Drive", "evs": {"hp": 85, "atk": 0, "def": 85, "spa": 85, "spd": 85, "spe": 85}, "ivs": {"hp": 31, "atk": 0, "def": 31, "spa": 31, "spd": 31, "spe": 31}, "item": "Choice Specs", "teraType": "Fighting", "role": "Wallbreaker", "bvs": {"hp": 90, "atk": 72, "def": 100, "spa": 122, "spd": 108, "spe": 98}, "stats": {"hp": 268, "atk": 117, "def": 201, "spa": 235, "spd": 214, "spe": 198}, "types": ["Steel", "Psychic"]}, "Skarmory": {"name": "Skarmory", "species": "Skarmory", "speciesId": "skarmory", "gender": "F", "shiny": false, "level": 80, "moves": ["bodypress", "roost", "bravebird", "stealthrock"], "ability": "Sturdy", "evs": {"hp": 85, "atk": 85, "def": 85, "spa": 85, "spd": 85, "spe": 85}, "ivs": {"hp": 31, "atk": 31, "def": 31, "spa": 31, "spd": 31, "spe": 31}, "item": "Leftovers", "teraType": "Dragon", "role": "Bulky Attacker", "bvs": {"hp": 65, "atk": 80, "def": 140, "spa": 40, "spd": 70, "spe": 70}, "stats": {"hp": 235, "atk": 174, "def": 270, "spa": 110, "spd": 158, "spe": 158}, "types": ["Steel", "Flying"]}, "Muk": {"name": "Muk", "species": "Muk", "speciesId": "muk", "gender": "F", "shiny": false, "level": 86, "moves": ["shadowsneak", "gunkshot", "icepunch", "knockoff"], "ability": "Poison Touch", "evs": {"hp": 85, "atk": 85, "def": 85, "spa": 85, "spd": 85, "spe": 85}, "ivs": {"hp": 31, "atk": 31, "def": 31, "spa": 31, "spd": 31, "spe": 31}, "item": "Assault Vest", "teraType": "Dark", "role": "AV Pivot", "bvs": {"hp": 105, "atk": 105, "def": 75, "spa": 65, "spd": 100, "spe": 50}, "stats": {"hp": 321, "atk": 230, "def": 178, "spa": 161, "spd": 221, "spe": 135}, "types": ["Poison"]}, "Venusaur": {"name": "Venusaur", "species": "Venusaur", "speciesId": "venusaur", "gender": "M", "shiny": false, "level": 84, "moves": ["synthesis", "sludgebomb", "sleeppowder", "earthpower"], "ability": "Chlorophyll", "evs": {"hp": 85, "atk": 0, "def": 85, "spa": 85, "spd": 85, "spe": 85}, "ivs": {"hp": 31, "atk": 0, "def": 31, "spa": 31, "spd": 31, "spe": 31}, "item": "Leftovers", "teraType": "Water", "role": "Bulky Attacker", "bvs": {"hp": 80, "atk": 82, "def": 83, "spa": 100, "spd": 100, "spe": 80}, "stats": {"hp": 272, "atk": 142, "def": 188, "spa": 216, "spd": 216, "spe": 183}, "types": ["Grass", "Poison"]}, "Dudunsparce": {"name": "Dudunsparce", "species": "Dudunsparce", "speciesId": "dudunsparce", "gender": "M", "shiny": false, "level": 83, "moves": ["toxic", "boomburst", "earthquake", "roost"], "ability": "Rattled", "evs": {"hp": 85, "atk": 85, "def": 85, "spa": 85, "spd": 85, "spe": 85}, "ivs": {"hp": 31, "atk": 31, "def": 31, "spa": 31, "spd": 31, "spe": 31}, "item": "Leftovers", "teraType": "Ghost", "role": "Bulky Attacker", "bvs": {"hp": 125, "atk": 100, "def": 80, "spa": 85, "spd": 75, "spe": 55}, "stats": {"hp": 343, "atk": 214, "def": 180, "spa": 189, "spd": 172, "spe": 139}, "types": ["Normal"]}, "Haxorus": {"name": "Haxorus", "species": "Haxorus", "speciesId": "haxorus", "gender": "F", "shiny": false, "level": 77, "moves": ["scaleshot", "closecombat", "ironhead", "swordsdance"], "ability": "Mold Breaker", "evs": {"hp": 85, "atk": 85, "def": 85, "spa": 85, "spd": 85, "spe": 85}, "ivs": {"hp": 31, "atk": 31, "def": 31, "spa": 31, "spd": 31, "spe": 31}, "item": "Loaded Dice", "teraType": "Steel", "role": "Fast Bulky Setup", "bvs": {"hp": 76, "atk": 147, "def": 90, "spa": 60, "spd": 70, "spe": 97}, "stats": {"hp": 244, "atk": 271, "def": 183, "spa": 137, "spd": 152, "spe": 194}, "types": ["Dragon"]}}, {"Bruxish": {"name": "Bruxish", "species": "Bruxish", "speciesId": "bruxish", "gender": "M", "shiny": false, "level": 85, "moves": ["crunch", "swordsdance", "wavecrash", "psychicfangs"], "ability": "Strong Jaw", "evs": {"hp": 85, "atk": 85, "def": 85, "spa": 85, "spd": 85, "spe": 85}, "ivs": {"hp": 31, "atk": 31, "def": 31, "spa": 31, "spd": 31, "spe": 31}, "item": "Life Orb", "teraType": "Psychic", "role": "Fast Attacker", "bvs": {"hp": 68, "atk": 105, "def": 70, "spa": 70, "spd": 70, "spe": 92}, "stats": {"hp": 254, "atk": 227, "def": 168, "spa": 168, "spd": 168, "spe": 205}, "types": ["Water", "Psychic"]}, "Basculegion": {"name": "Basculegion", "species": "Basculegion", "speciesId": "basculegion", "gender": "M", "shiny": false, "level": 80, "moves": ["aquajet", "flipturn", "shadowball", "wavecrash"], "ability": "Adaptability", "evs": {"hp": 85, "atk": 85, "def": 85, "spa": 85, "spd": 85, "spe": 85}, "ivs": {"hp": 31, "atk": 31, "def": 31, "spa": 31, "spd": 31, "spe": 31}, "item": "Assault Vest", "teraType": "Water", "role": "AV Pivot", "bvs": {"hp": 120, "atk": 112, "def": 65, "spa": 80, "spd": 75, "spe": 78}, "stats": {"hp": 323, "atk": 225, "def": 150, "spa": 174, "spd": 166, "spe": 171}, "types": ["Water", "Ghost"]}, "Honchkrow": {"name": "Honchkrow", "species": "Honchkrow", "speciesId": "honchkrow", "gender": "M", "shiny": false, "level": 86, "moves": ["bravebird", "suckerpunch", "thunderwave", "lashout"], "ability": "Moxie", "evs": {"hp": 85, "atk": 85, "def": 85, "spa": 85, "spd": 85, "spe": 85}, "ivs": {"hp": 31, "atk": 31, "def": 31, "spa": 31, "spd": 31, "spe": 31}, "item": "Heavy-Duty Boots", "teraType": "Flying", "role": "Wallbreaker", "bvs": {"hp": 100, "atk": 125, "def": 52, "spa": 105, "spd": 52, "spe": 71}, "stats": {"hp": 312, "atk": 264, "def": 139, "spa": 230, "spd": 139, "spe": 171}, "types": ["Dark", "Flying"]}, "Blaziken": {"name": "Blaziken", "species": "Blaziken", "speciesId": "blaziken", "gender": "M", "shiny": false, "level": 76, "moves": ["protect", "swordsdance", "flareblitz", "closecombat"], "ability": "Speed Boost", "evs": {"hp": 85, "atk": 85, "def": 85, "spa": 85, "spd": 85, "spe": 85}, "ivs": {"hp": 31, "atk": 31, "def": 31, "spa": 31, "spd": 31, "spe": 31}, "item": "Life Orb", "teraType": "Fighting", "role": "Setup Sweeper", "bvs": {"hp": 80, "atk": 120, "def": 70, "spa": 110, "spd": 70, "spe": 80}, "stats": {"hp": 247, "atk": 226, "def": 150, "spa": 211, "spd": 150, "spe": 166}, "types": ["Fire", "Fighting"]}, "Abomasnow": {"name": "Abomasnow", "species": "Abomasnow", "speciesId": "abomasnow", "gender": "M", "shiny": false, "level": 84, "moves": ["earthquake", "auroraveil", "blizzard", "iceshard"], "ability": "Snow Warning", "evs": {"hp": 77, "atk": 85, "def": 85, "spa": 85, "spd": 85, "spe": 85}, "ivs": {"hp": 31, "atk": 31, "def": 31, "spa": 31, "spd": 31, "spe": 31}, "item": "Light Clay", "teraType": "Ghost", "role": "Bulky Support", "bvs": {"hp": 90, "atk": 92, "def": 75, "spa": 92, "spd": 85, "spe": 60}, "stats": {"hp": 287, "atk": 203, "def": 174, "spa": 203, "spd": 191, "spe": 149}, "types": ["Grass", "Ice"]}, "Hydreigon": {"name": "Hydreigon", "species": "Hydreigon", "speciesId": "hydreigon", "gender": "M", "shiny": false, "level": 79, "moves": ["darkpulse", "dracometeor", "nastyplot", "flashcannon"], "ability": "Levitate", "evs": {"hp": 85, "atk": 0, "def": 85, "spa": 85, "spd": 85, "spe": 85}, "ivs": {"hp": 31, "atk": 0, "def": 31, "spa": 31, "spd": 31, "spe": 31}, "item": "Life Orb", "teraType": "Dark", "role": "Fast Attacker", "bvs": {"hp": 92, "atk": 105, "def": 90, "spa": 125, "spd": 90, "spe": 98}, "stats": {"hp": 275, "atk": 170, "def": 188, "spa": 243, "spd": 188, "spe": 200}, "types": ["Dark", "Dragon"]}}]}