{"id": "gen9randombattle-2641429862", "format": "[Gen 9] Random Battle", "players": ["meme juice", "sarodiya"], "log": "|j|\u2606meme juice\n|j|\u2606sarodiya\n|t:|1782783548\n|gametype|singles\n|player|p1|meme juice|penny|1953\n|player|p2|sarodiya|265|1937\n|gen|9\n|tier|[Gen 9] Random Battle\n|rated|\n|rule|Species Clause: Limit one of each Pok\u00e9mon\n|rule|HP Percentage Mod: HP is shown in percentages\n|rule|Sleep Clause Mod: Limit one foe put to sleep\n|rule|Illusion Level Mod: Illusion disguises the Pok\u00e9mon's true level\n|\n|t:|1782783548\n|teamsize|p1|6\n|teamsize|p2|6\n|start\n|switch|p1a: Ceruledge|Ceruledge, L78, F|245/245\n|switch|p2a: Dodrio|Dodrio, L85, F|241/241\n|turn|1\n|inactive|Battle timer is ON: inactive players will automatically lose when time's up. (requested by sarodiya)\n|\n|t:|1782783564\n|move|p2a: Dodrio|Swords Dance|p2a: Dodrio\n|-boost|p2a: Dodrio|atk|2\n|move|p1a: Ceruledge|Swords Dance|p1a: Ceruledge\n|-boost|p1a: Ceruledge|atk|2\n|\n|upkeep\n|turn|2\n|\n|t:|1782783569\n|switch|p1a: Misdreavus|Misdreavus, L90, M|254/254\n|move|p2a: Dodrio|Brave Bird|p1a: Misdreavus\n|-damage|p1a: Misdreavus|34/254\n|-damage|p2a: Dodrio|168/241|[from] Recoil\n|\n|upkeep\n|turn|3\n|\n|t:|1782783574\n|move|p2a: Dodrio|Brave Bird|p1a: Misdreavus\n|-damage|p1a: Misdreavus|0 fnt\n|faint|p1a: Misdreavus\n|-damage|p2a: Dodrio|157/241|[from] Recoil\n|\n|upkeep\n|\n|t:|1782783581\n|switch|p1a: Delibird|Delibird, F|252/252\n|turn|4\n|\n|t:|1782783586\n|move|p2a: Dodrio|Brave Bird|p1a: Delibird\n|-damage|p1a: Delibird|0 fnt\n|faint|p1a: Delibird\n|-damage|p2a: Dodrio|74/241|[from] Recoil\n|\n|upkeep\n|\n|t:|1782783600\n|switch|p1a: Keldeo|Keldeo-Resolute, L79|273/273\n|turn|5\n|\n|t:|1782783604\n|move|p2a: Dodrio|Brave Bird|p1a: Keldeo\n|-supereffective|p1a: Keldeo\n|-damage|p1a: Keldeo|0 fnt\n|faint|p1a: Keldeo\n|-damage|p2a: Dodrio|0 fnt|[from] Recoil\n|faint|p2a: Dodrio\n|\n|upkeep\n|\n|t:|1782783608\n|switch|p2a: Manaphy|Manaphy, L78|284/284\n|switch|p1a: Ceruledge|Ceruledge, L78, F|245/245\n|turn|6\n|\n|t:|1782783616\n|move|p2a: Manaphy|Tail Glow|p2a: Manaphy\n|-boost|p2a: Manaphy|spa|3\n|move|p1a: Ceruledge|Swords Dance|p1a: Ceruledge\n|-boost|p1a: Ceruledge|atk|2\n|\n|upkeep\n|turn|7\n|\n|t:|1782783619\n|move|p2a: Manaphy|Hydro Pump|p1a: Ceruledge|[miss]\n|-miss|p2a: Manaphy|p1a: Ceruledge\n|move|p1a: Ceruledge|Poltergeist|p2a: Manaphy\n|-activate|p2a: Manaphy|move: Poltergeist|Leftovers\n|-damage|p2a: Manaphy|31/284\n|\n|-heal|p2a: Manaphy|48/284|[from] item: Leftovers\n|upkeep\n|turn|8\n|\n|t:|1782783621\n|move|p1a: Ceruledge|Shadow Sneak|p2a: Manaphy\n|-damage|p2a: Manaphy|0 fnt\n|faint|p2a: Manaphy\n|\n|upkeep\n|\n|t:|1782783628\n|switch|p2a: Chandelure|Chandelure, L83, F|235/235\n|turn|9\n|\n|t:|1782783635\n|-terastallize|p2a: Chandelure|Grass\n|-terastallize|p1a: Ceruledge|Fire\n|move|p2a: Chandelure|Shadow Ball|p1a: Ceruledge\n|-damage|p1a: Ceruledge|137/245\n|move|p1a: Ceruledge|Poltergeist|p2a: Chandelure\n|-activate|p2a: Chandelure|move: Poltergeist|Choice Scarf\n|-damage|p2a: Chandelure|0 fnt\n|faint|p2a: Chandelure\n|\n|upkeep\n|\n|t:|1782783640\n|switch|p2a: Eternatus|Eternatus, L69|308/308\n|-ability|p2a: Eternatus|Pressure\n|turn|10\n|\n|t:|1782783645\n|move|p2a: Eternatus|Dynamax Cannon|p1a: Ceruledge\n|-damage|p1a: Ceruledge|46/245\n|move|p1a: Ceruledge|Poltergeist|p2a: Eternatus\n|-activate|p2a: Eternatus|move: Poltergeist|Rocky Helmet\n|-damage|p2a: Eternatus|26/308\n|\n|upkeep\n|turn|11\n|\n|t:|1782783648\n|switch|p2a: Weavile|Weavile, L79, M|240/240\n|move|p1a: Ceruledge|Shadow Sneak|p2a: Weavile\n|-resisted|p2a: Weavile\n|-damage|p2a: Weavile|183/240\n|\n|upkeep\n|turn|12\n|\n|t:|1782783651\n|move|p2a: Weavile|Knock Off|p1a: Ceruledge\n|-damage|p1a: Ceruledge|0 fnt\n|-enditem|p1a: Ceruledge|Heavy-Duty Boots|[from] move: Knock Off|[of] p2a: Weavile\n|faint|p1a: Ceruledge\n|\n|upkeep\n|\n|t:|1782783653\n|switch|p1a: Hawlucha|Hawlucha, L80, M|256/256\n|turn|13\n|\n|t:|1782783659\n|move|p2a: Weavile|Triple Axel|p1a: Hawlucha\n|-supereffective|p1a: Hawlucha\n|-damage|p1a: Hawlucha|202/256\n|-supereffective|p1a: Hawlucha\n|-damage|p1a: Hawlucha|100/256\n|-supereffective|p1a: Hawlucha\n|-damage|p1a: Hawlucha|0 fnt\n|faint|p1a: Hawlucha\n|-hitcount|p1: Hawlucha|3\n|\n|upkeep\n|\n|t:|1782783661\n|switch|p1a: Chi-Yu|Chi-Yu, L77|211/211\n|-ability|p1a: Chi-Yu|Beads of Ruin\n|turn|14\n|\n|t:|1782783665\n|move|p2a: Weavile|Knock Off|p1a: Chi-Yu\n|-resisted|p1a: Chi-Yu\n|-damage|p1a: Chi-Yu|147/211\n|-enditem|p1a: Chi-Yu|Heavy-Duty Boots|[from] move: Knock Off|[of] p2a: Weavile\n|move|p1a: Chi-Yu|Fire Blast|p2a: Weavile\n|-supereffective|p2a: Weavile\n|-damage|p2a: Weavile|0 fnt\n|faint|p2a: Weavile\n|\n|upkeep\n|\n|t:|1782783671\n|switch|p2a: Eternatus|Eternatus, L69|26/308\n|-ability|p2a: Eternatus|Pressure\n|turn|15\n|\n|t:|1782783673\n|move|p2a: Eternatus|Dynamax Cannon|p1a: Chi-Yu\n|-damage|p1a: Chi-Yu|68/211\n|move|p1a: Chi-Yu|Dark Pulse|p2a: Eternatus\n|-damage|p2a: Eternatus|0 fnt\n|faint|p2a: Eternatus\n|\n|upkeep\n|\n|t:|1782783675\n|switch|p2a: Wigglytuff|Wigglytuff, L96, M|424/424\n|turn|16\n|\n|t:|1782783680\n|move|p1a: Chi-Yu|Nasty Plot|p1a: Chi-Yu\n|-boost|p1a: Chi-Yu|spa|2\n|move|p2a: Wigglytuff|Dazzling Gleam|p1a: Chi-Yu\n|-damage|p1a: Chi-Yu|0 fnt\n|faint|p1a: Chi-Yu\n|\n|win|sarodiya\n", "inputlog": ">version f8ac14003a5f27e1bdc8d8c59608a773c1cb96e5\n>start {\"formatid\":\"gen9randombattle\",\"seed\":\"sodium,19241b6438336b0935e3c0c82592f04e\",\"rated\":\"Rated battle\"}\n>player p1 {\"name\":\"meme juice\",\"avatar\":\"penny\",\"rating\":1953,\"seed\":\"sodium,e68a7fe026365d2c5014967b229e924b\"}\n>player p2 {\"name\":\"sarodiya\",\"avatar\":\"265\",\"rating\":1937,\"seed\":\"sodium,e87cd5ac071f1d399bebc871f6ff74c2\"}\n>p1 move swordsdance\n>p2 move swordsdance\n>p1 switch 3\n>p2 move bravebird\n>p1 move willowisp\n>p2 move bravebird\n>p1 switch 6\n>p1 move icespinner\n>p2 move bravebird\n>p1 switch 2\n>p1 move secretsword\n>p2 move bravebird\n>p1 switch 3\n>p2 switch 5\n>p1 move swordsdance\n>p2 move tailglow\n>p1 move poltergeist\n>p2 move hydropump\n>p1 move shadowsneak\n>p2 move hydropump\n>p2 switch 6\n>p1 move poltergeist terastallize\n>p2 move shadowball terastallize\n>p2 switch 3\n>p1 move poltergeist\n>p2 move dynamaxcannon\n>p1 move shadowsneak\n>p2 switch 2\n>p1 move bitterblade\n>p2 move knockoff\n>p1 switch 5\n>p1 move closecombat\n>p2 move tripleaxel\n>p1 switch 4\n>p1 move fireblast\n>p2 move knockoff\n>p2 switch 2\n>p1 move darkpulse\n>p2 move dynamaxcannon\n>p2 switch 4\n>p1 move nastyplot\n>p2 move dazzlinggleam", "uploadtime": 1782783549, "views": 3, "formatid": "gen9randombattle", "rating": null, "private": 0, "password": null, "player_dets": [{"name": "meme juice", "avatar": "penny", "rating": 1953, "seed": "sodium,e68a7fe026365d2c5014967b229e924b"}, {"name": "sarodiya", "avatar": "265", "rating": 1937, "seed": "sodium,e87cd5ac071f1d399bebc871f6ff74c2"}], "teams_full": [{"Ceruledge": {"name": "Ceruledge", "species": "Ceruledge", "speciesId": "ceruledge", "gender": "F", "shiny": false, "level": 78, "moves": ["swordsdance", "bitterblade", "poltergeist", "shadowsneak"], "ability": "Weak Armor", "evs": {"hp": 85, "atk": 85, "def": 85, "spa": 85, "spd": 85, "spe": 85}, "ivs": {"hp": 31, "atk": 31, "def": 31, "spa": 31, "spd": 31, "spe": 31}, "item": "Heavy-Duty Boots", "teraType": "Fire", "role": "Setup Sweeper", "bvs": {"hp": 75, "atk": 125, "def": 80, "spa": 60, "spd": 100, "spe": 85}, "stats": {"hp": 245, "atk": 240, "def": 170, "spa": 139, "spd": 201, "spe": 178}, "types": ["Fire", "Ghost"]}, "Keldeo": {"name": "Keldeo", "species": "Keldeo-Resolute", "speciesId": "keldeoresolute", "gender": "N", "shiny": false, "level": 79, "moves": ["hydropump", "secretsword", "calmmind", "substitute"], "ability": "Justified", "evs": {"hp": 85, "atk": 0, "def": 85, "spa": 85, "spd": 85, "spe": 85}, "ivs": {"hp": 31, "atk": 0, "def": 31, "spa": 31, "spd": 31, "spe": 31}, "item": "Leftovers", "teraType": "Steel", "role": "Bulky Setup", "bvs": {"hp": 91, "atk": 72, "def": 90, "spa": 129, "spd": 90, "spe": 108}, "stats": {"hp": 273, "atk": 118, "def": 188, "spa": 249, "spd": 188, "spe": 216}, "types": ["Water", "Fighting"]}, "Misdreavus": {"name": "Misdreavus", "species": "Misdreavus", "speciesId": "misdreavus", "gender": "M", "shiny": false, "level": 90, "moves": ["shadowball", "drainingkiss", "calmmind", "willowisp"], "ability": "Levitate", "evs": {"hp": 85, "atk": 0, "def": 85, "spa": 85, "spd": 85, "spe": 85}, "ivs": {"hp": 31, "atk": 0, "def": 31, "spa": 31, "spd": 31, "spe": 31}, "item": "Eviolite", "teraType": "Fairy", "role": "Bulky Setup", "bvs": {"hp": 60, "atk": 60, "def": 60, "spa": 85, "spd": 85, "spe": 85}, "stats": {"hp": 254, "atk": 113, "def": 159, "spa": 204, "spd": 204, "spe": 204}, "types": ["Ghost"]}, "Chi-Yu": {"name": "Chi-Yu", "species": "Chi-Yu", "speciesId": "chiyu", "gender": "N", "shiny": false, "level": 77, "moves": ["darkpulse", "fireblast", "nastyplot", "willowisp"], "ability": "Beads of Ruin", "evs": {"hp": 85, "atk": 0, "def": 85, "spa": 85, "spd": 85, "spe": 85}, "ivs": {"hp": 31, "atk": 0, "def": 31, "spa": 31, "spd": 31, "spe": 31}, "item": "Heavy-Duty Boots", "teraType": "Dark", "role": "Setup Sweeper", "bvs": {"hp": 55, "atk": 80, "def": 80, "spa": 135, "spd": 120, "spe": 100}, "stats": {"hp": 211, "atk": 128, "def": 168, "spa": 252, "spd": 229, "spe": 199}, "types": ["Dark", "Fire"]}, "Hawlucha": {"name": "Hawlucha", "species": "Hawlucha", "speciesId": "hawlucha", "gender": "M", "shiny": false, "level": 80, "moves": ["swordsdance", "bravebird", "acrobatics", "closecombat"], "ability": "Unburden", "evs": {"hp": 85, "atk": 85, "def": 85, "spa": 85, "spd": 85, "spe": 85}, "ivs": {"hp": 31, "atk": 31, "def": 31, "spa": 31, "spd": 31, "spe": 31}, "item": "White Herb", "teraType": "Flying", "role": "Setup Sweeper", "bvs": {"hp": 78, "atk": 92, "def": 75, "spa": 74, "spd": 63, "spe": 118}, "stats": {"hp": 256, "atk": 193, "def": 166, "spa": 165, "spd": 147, "spe": 235}, "types": ["Fighting", "Flying"]}, "Delibird": {"name": "Delibird", "species": "Delibird", "speciesId": "delibird", "gender": "F", "shiny": false, "level": 100, "moves": ["drillrun", "icespinner", "spikes", "bravebird"], "ability": "Hustle", "evs": {"hp": 85, "atk": 85, "def": 85, "spa": 85, "spd": 85, "spe": 85}, "ivs": {"hp": 31, "atk": 31, "def": 31, "spa": 31, "spd": 31, "spe": 31}, "item": "Heavy-Duty Boots", "teraType": "Flying", "role": "Fast Attacker", "bvs": {"hp": 45, "atk": 55, "def": 45, "spa": 65, "spd": 45, "spe": 75}, "stats": {"hp": 252, "atk": 167, "def": 147, "spa": 187, "spd": 147, "spe": 207}, "types": ["Ice", "Flying"]}}, {"Dodrio": {"name": "Dodrio", "species": "Dodrio", "speciesId": "dodrio", "gender": "F", "shiny": false, "level": 85, "moves": ["doubleedge", "swordsdance", "knockoff", "bravebird"], "ability": "Early Bird", "evs": {"hp": 85, "atk": 85, "def": 85, "spa": 85, "spd": 85, "spe": 85}, "ivs": {"hp": 31, "atk": 31, "def": 31, "spa": 31, "spd": 31, "spe": 31}, "item": "Heavy-Duty Boots", "teraType": "Flying", "role": "Setup Sweeper", "bvs": {"hp": 60, "atk": 110, "def": 70, "spa": 60, "spd": 60, "spe": 110}, "stats": {"hp": 241, "atk": 236, "def": 168, "spa": 151, "spd": 151, "spe": 236}, "types": ["Normal", "Flying"]}, "Weavile": {"name": "Weavile", "species": "Weavile", "speciesId": "weavile", "gender": "M", "shiny": false, "level": 79, "moves": ["knockoff", "swordsdance", "lowkick", "tripleaxel"], "ability": "Pickpocket", "evs": {"hp": 85, "atk": 85, "def": 85, "spa": 85, "spd": 85, "spe": 85}, "ivs": {"hp": 31, "atk": 31, "def": 31, "spa": 31, "spd": 31, "spe": 31}, "item": "Heavy-Duty Boots", "teraType": "Fighting", "role": "Fast Attacker", "bvs": {"hp": 70, "atk": 120, "def": 65, "spa": 45, "spd": 85, "spe": 125}, "stats": {"hp": 240, "atk": 235, "def": 148, "spa": 117, "spd": 180, "spe": 243}, "types": ["Dark", "Ice"]}, "Eternatus": {"name": "Eternatus", "species": "Eternatus", "speciesId": "eternatus", "gender": "N", "shiny": false, "level": 69, "moves": ["recover", "dynamaxcannon", "fireblast", "sludgebomb"], "ability": "Pressure", "evs": {"hp": 85, "atk": 0, "def": 85, "spa": 85, "spd": 85, "spe": 85}, "ivs": {"hp": 31, "atk": 0, "def": 31, "spa": 31, "spd": 31, "spe": 31}, "item": "Rocky Helmet", "teraType": "Dragon", "role": "Bulky Attacker", "bvs": {"hp": 140, "atk": 85, "def": 95, "spa": 145, "spd": 95, "spe": 130}, "stats": {"hp": 308, "atk": 122, "def": 171, "spa": 240, "spd": 171, "spe": 220}, "types": ["Poison", "Dragon"]}, "Wigglytuff": {"name": "Wigglytuff", "species": "Wigglytuff", "speciesId": "wigglytuff", "gender": "M", "shiny": false, "level": 96, "moves": ["knockoff", "protect", "wish", "dazzlinggleam"], "ability": "Competitive", "evs": {"hp": 85, "atk": 85, "def": 85, "spa": 85, "spd": 85, "spe": 85}, "ivs": {"hp": 31, "atk": 31, "def": 31, "spa": 31, "spd": 31, "spe": 31}, "item": "Leftovers", "teraType": "Steel", "role": "Bulky Support", "bvs": {"hp": 140, "atk": 70, "def": 45, "spa": 85, "spd": 50, "spe": 45}, "stats": {"hp": 424, "atk": 189, "def": 141, "spa": 218, "spd": 150, "spe": 141}, "types": ["Normal", "Fairy"]}, "Manaphy": {"name": "Manaphy", "species": "Manaphy", "speciesId": "manaphy", "gender": "N", "shiny": false, "level": 78, "moves": ["icebeam", "tailglow", "energyball", "hydropump"], "ability": "Hydration", "evs": {"hp": 85, "atk": 0, "def": 85, "spa": 85, "spd": 85, "spe": 85}, "ivs": {"hp": 31, "atk": 0, "def": 31, "spa": 31, "spd": 31, "spe": 31}, "item": "Leftovers", "teraType": "Grass", "role": "Bulky Setup", "bvs": {"hp": 100, "atk": 100, "def": 100, "spa": 100, "spd": 100, "spe": 100}, "stats": {"hp": 284, "atk": 161, "def": 201, "spa": 201, "spd": 201, "spe": 201}, "types": ["Water"]}, "Chandelure": {"name": "Chandelure", "species": "Chandelure", "speciesId": "chandelure", "gender": "F", "shiny": false, "level": 83, "moves": ["fireblast", "shadowball", "trick", "energyball"], "ability": "Flash Fire", "evs": {"hp": 85, "atk": 0, "def": 85, "spa": 85, "spd": 85, "spe": 85}, "ivs": {"hp": 31, "atk": 0, "def": 31, "spa": 31, "spd": 31, "spe": 31}, "item": "Choice Scarf", "teraType": "Grass", "role": "Fast Attacker", "bvs": {"hp": 60, "atk": 55, "def": 90, "spa": 145, "spd": 90, "spe": 80}, "stats": {"hp": 235, "atk": 96, "def": 197, "spa": 288, "spd": 197, "spe": 180}, "types": ["Ghost", "Fire"]}}]}