{"id": "gen9randombattle-2641081869", "format": "[Gen 9] Random Battle", "players": ["hihylive1", "Obaidelphox"], "log": "|j|\u2606hihylive1\n|j|\u2606Obaidelphox\n|t:|1782737784\n|gametype|singles\n|player|p1|hihylive1|wicke|1881\n|player|p2|Obaidelphox|102|1924\n|gen|9\n|tier|[Gen 9] Random Battle\n|rated|\n|rule|Species Clause: Limit one of each Pok\u00e9mon\n|rule|HP Percentage Mod: HP is shown in percentages\n|rule|Sleep Clause Mod: Limit one foe put to sleep\n|rule|Illusion Level Mod: Illusion disguises the Pok\u00e9mon's true level\n|\n|t:|1782737784\n|teamsize|p1|6\n|teamsize|p2|6\n|start\n|switch|p1a: Copperajah|Copperajah, L86, F|350/350\n|switch|p2a: Scizor|Scizor, L79, M|240/240\n|turn|1\n|\n|t:|1782737793\n|switch|p2a: Deoxys|Deoxys-Defense, L84|221/221\n|-ability|p2a: Deoxys|Pressure\n|move|p1a: Copperajah|Heat Crash|p2a: Deoxys\n|-damage|p2a: Deoxys|111/221\n|-damage|p1a: Copperajah|292/350|[from] item: Rocky Helmet|[of] p2a: Deoxys\n|\n|upkeep\n|turn|2\n|\n|t:|1782737805\n|switch|p1a: Lucario|Lucario, L84, F|255/255\n|move|p2a: Deoxys|Stealth Rock|p1a: Lucario\n|-sidestart|p1: hihylive1|move: Stealth Rock\n|\n|upkeep\n|turn|3\n|inactive|Battle timer is ON: inactive players will automatically lose when time's up. (requested by hihylive1)\n|\n|t:|1782737828\n|move|p2a: Deoxys|Psychic Noise|p1a: Lucario\n|-damage|p1a: Lucario|180/255\n|-start|p1a: Lucario|move: Heal Block\n|move|p1a: Lucario|Nasty Plot|p1a: Lucario\n|-boost|p1a: Lucario|spa|2\n|\n|upkeep\n|turn|4\n|\n|t:|1782737839\n|move|p2a: Deoxys|Psychic Noise|p1a: Lucario\n|-damage|p1a: Lucario|105/255\n|move|p1a: Lucario|Nasty Plot|p1a: Lucario\n|-boost|p1a: Lucario|spa|2\n|\n|-end|p1a: Lucario|move: Heal Block\n|upkeep\n|turn|5\n|\n|t:|1782737848\n|move|p1a: Lucario|Flash Cannon|p2a: Deoxys\n|-damage|p2a: Deoxys|0 fnt\n|faint|p2a: Deoxys\n|-damage|p1a: Lucario|80/255|[from] item: Life Orb\n|\n|upkeep\n|\n|t:|1782737856\n|switch|p2a: Eelektross|Eelektross, L87, F|290/290\n|turn|6\n|\n|t:|1782737864\n|move|p1a: Lucario|Focus Blast|p2a: Eelektross\n|-damage|p2a: Eelektross|0 fnt\n|faint|p2a: Eelektross\n|-damage|p1a: Lucario|55/255|[from] item: Life Orb\n|\n|upkeep\n|\n|t:|1782737880\n|switch|p2a: Ogerpon|Ogerpon-Cornerstone, L76, F|247/247\n|turn|7\n|\n|t:|1782737887\n|-terastallize|p1a: Lucario|Fighting\n|move|p1a: Lucario|Vacuum Wave|p2a: Ogerpon\n|-supereffective|p2a: Ogerpon\n|-ability|p2a: Ogerpon|Sturdy\n|-damage|p2a: Ogerpon|1/247\n|-damage|p1a: Lucario|30/255|[from] item: Life Orb\n|move|p2a: Ogerpon|Ivy Cudgel|p1a: Lucario|[anim] Ivy Cudgel Rock\n|-resisted|p1a: Lucario\n|-damage|p1a: Lucario|0 fnt\n|faint|p1a: Lucario\n|\n|upkeep\n|\n|t:|1782737896\n|switch|p1a: Zebstrika|Zebstrika, L87, M|272/272\n|-damage|p1a: Zebstrika|238/272|[from] Stealth Rock\n|turn|8\n|\n|t:|1782737914\n|move|p1a: Zebstrika|High Horsepower|p2a: Ogerpon\n|-damage|p2a: Ogerpon|0 fnt\n|faint|p2a: Ogerpon\n|-damage|p1a: Zebstrika|211/272|[from] item: Life Orb\n|\n|upkeep\n|inactive|Obaidelphox has 120 seconds left.\n|\n|t:|1782737946\n|switch|p2a: Furret|Furret, L94, F|312/312\n|-item|p1a: Zebstrika|Life Orb|[from] ability: Frisk|[of] p2a: Furret\n|turn|9\n|\n|t:|1782737960\n|move|p1a: Zebstrika|Volt Switch|p2a: Furret\n|-damage|p2a: Furret|198/312\n|-damage|p1a: Zebstrika|184/272|[from] item: Life Orb\n|\n|t:|1782737966\n|switch|p1a: Basculegion|Basculegion, L80, M|323/323|[from] Volt Switch\n|-damage|p1a: Basculegion|283/323|[from] Stealth Rock\n|move|p2a: Furret|Double-Edge|p1a: Basculegion\n|-immune|p1a: Basculegion\n|\n|upkeep\n|turn|10\n|inactive|Obaidelphox has 120 seconds left.\n|\n|t:|1782737985\n|switch|p2a: Scizor|Scizor, L79, M|240/240\n|move|p1a: Basculegion|Wave Crash|p2a: Scizor\n|-damage|p2a: Scizor|56/240\n|-damage|p1a: Basculegion|222/323|[from] Recoil\n|\n|-heal|p2a: Scizor|71/240|[from] item: Leftovers\n|upkeep\n|turn|11\n|\n|t:|1782737992\n|switch|p2a: Houndstone|Houndstone, L86, M|264/264\n|move|p1a: Basculegion|Wave Crash|p2a: Houndstone\n|-damage|p2a: Houndstone|185/264\n|-damage|p1a: Basculegion|196/323|[from] Recoil\n|\n|-heal|p2a: Houndstone|201/264|[from] item: Leftovers\n|upkeep\n|turn|12\n|inactive|Obaidelphox has 120 seconds left.\n|\n|t:|1782738006\n|move|p1a: Basculegion|Shadow Ball|p2a: Houndstone\n|-supereffective|p2a: Houndstone\n|-damage|p2a: Houndstone|45/264\n|-unboost|p2a: Houndstone|spd|1\n|move|p2a: Houndstone|Poltergeist|p1a: Basculegion\n|-activate|p1a: Basculegion|move: Poltergeist|Assault Vest\n|-supereffective|p1a: Basculegion\n|-damage|p1a: Basculegion|0 fnt\n|faint|p1a: Basculegion\n|\n|-heal|p2a: Houndstone|61/264|[from] item: Leftovers\n|upkeep\n|\n|t:|1782738011\n|switch|p1a: Zebstrika|Zebstrika, L87, M|184/272\n|-damage|p1a: Zebstrika|150/272|[from] Stealth Rock\n|turn|13\n|inactive|Obaidelphox has 120 seconds left.\n|inactive|Obaidelphox has 90 seconds left.\n|\n|t:|1782738064\n|move|p1a: Zebstrika|Supercell Slam|p2a: Houndstone\n|-damage|p2a: Houndstone|0 fnt\n|faint|p2a: Houndstone\n|-damage|p1a: Zebstrika|123/272|[from] item: Life Orb\n|\n|upkeep\n|-message|Obaidelphox forfeited.\n|\n|win|hihylive1\n|raw|hihylive1's rating: 1881 &rarr; <strong>1904</strong><br />(+23 for winning)\n|raw|Obaidelphox's rating: 1940 &rarr; <strong>1917</strong><br />(-23 for losing)\n|l|\u2606Obaidelphox\n|player|p2|\n", "inputlog": ">version 3f8ef8cf60cebd2b18892af2794d10415e14a302\n>start {\"formatid\":\"gen9randombattle\",\"seed\":\"sodium,fdb594a4e17c02681f0a136e242e1d0e\",\"rated\":\"Rated battle\"}\n>player p1 {\"name\":\"hihylive1\",\"avatar\":\"wicke\",\"rating\":1881,\"seed\":\"sodium,44e8d410a8bb111f085c64540f196a28\"}\n>player p2 {\"name\":\"Obaidelphox\",\"avatar\":\"102\",\"rating\":1924,\"seed\":\"sodium,987670ef3ceb479daecc5cec5ec06caa\"}\n>p1 move heatcrash\n>p2 switch 6\n>p1 switch 3\n>p2 move stealthrock\n>p1 move nastyplot\n>p2 move psychicnoise\n>p1 move nastyplot\n>p2 move psychicnoise\n>p1 move flashcannon\n>p2 move psychicnoise\n>p2 switch 3\n>p1 move focusblast\n>p2 move discharge\n>p2 switch 5\n>p1 move vacuumwave terastallize\n>p2 move ivycudgel\n>p1 switch 5\n>p1 move highhorsepower\n>p2 move ivycudgel\n>p2 switch 4\n>p1 move voltswitch\n>p2 move doubleedge\n>p1 switch 4\n>p1 move wavecrash\n>p2 switch 6\n>p1 move wavecrash\n>p2 switch 2\n>p1 move shadowball\n>p2 move poltergeist\n>p1 switch 4\n>p1 move supercellslam\n>p2 move poltergeist\n>forcelose p2", "uploadtime": 1782738072, "views": 5, "formatid": "gen9randombattle", "rating": 1904, "private": 0, "password": null, "player_dets": [{"name": "hihylive1", "avatar": "wicke", "rating": 1881, "seed": "sodium,44e8d410a8bb111f085c64540f196a28"}, {"name": "Obaidelphox", "avatar": "102", "rating": 1924, "seed": "sodium,987670ef3ceb479daecc5cec5ec06caa"}], "teams_full": [{"Copperajah": {"name": "Copperajah", "species": "Copperajah", "speciesId": "copperajah", "gender": "F", "shiny": false, "level": 86, "moves": ["heatcrash", "knockoff", "stoneedge", "heavyslam"], "ability": "Heavy Metal", "evs": {"hp": 85, "atk": 85, "def": 85, "spa": 85, "spd": 85, "spe": 85}, "ivs": {"hp": 31, "atk": 31, "def": 31, "spa": 31, "spd": 31, "spe": 31}, "item": "Choice Band", "teraType": "Flying", "role": "Bulky Attacker", "bvs": {"hp": 122, "atk": 130, "def": 69, "spa": 80, "spd": 69, "spe": 30}, "stats": {"hp": 350, "atk": 273, "def": 168, "spa": 187, "spd": 168, "spe": 101}, "types": ["Steel"]}, "Snorlax": {"name": "Snorlax", "species": "Snorlax", "speciesId": "snorlax", "gender": "M", "shiny": false, "level": 82, "moves": ["bodyslam", "crunch", "rest", "curse"], "ability": "Thick Fat", "evs": {"hp": 85, "atk": 85, "def": 85, "spa": 85, "spd": 85, "spe": 85}, "ivs": {"hp": 31, "atk": 31, "def": 31, "spa": 31, "spd": 31, "spe": 31}, "item": "Chesto Berry", "teraType": "Poison", "role": "Bulky Setup", "bvs": {"hp": 160, "atk": 110, "def": 65, "spa": 65, "spd": 110, "spe": 30}, "stats": {"hp": 397, "atk": 228, "def": 154, "spa": 154, "spd": 228, "spe": 96}, "types": ["Normal"]}, "Lucario": {"name": "Lucario", "species": "Lucario", "speciesId": "lucario", "gender": "F", "shiny": false, "level": 84, "moves": ["nastyplot", "focusblast", "flashcannon", "vacuumwave"], "ability": "Inner Focus", "evs": {"hp": 85, "atk": 0, "def": 85, "spa": 85, "spd": 85, "spe": 85}, "ivs": {"hp": 31, "atk": 0, "def": 31, "spa": 31, "spd": 31, "spe": 31}, "item": "Life Orb", "teraType": "Fighting", "role": "Setup Sweeper", "bvs": {"hp": 70, "atk": 110, "def": 70, "spa": 115, "spd": 70, "spe": 90}, "stats": {"hp": 255, "atk": 189, "def": 166, "spa": 241, "spd": 166, "spe": 199}, "types": ["Fighting", "Steel"]}, "Basculegion": {"name": "Basculegion", "species": "Basculegion", "speciesId": "basculegion", "gender": "M", "shiny": false, "level": 80, "moves": ["flipturn", "aquajet", "wavecrash", "shadowball"], "ability": "Adaptability", "evs": {"hp": 85, "atk": 85, "def": 85, "spa": 85, "spd": 85, "spe": 85}, "ivs": {"hp": 31, "atk": 31, "def": 31, "spa": 31, "spd": 31, "spe": 31}, "item": "Assault Vest", "teraType": "Water", "role": "AV Pivot", "bvs": {"hp": 120, "atk": 112, "def": 65, "spa": 80, "spd": 75, "spe": 78}, "stats": {"hp": 323, "atk": 225, "def": 150, "spa": 174, "spd": 166, "spe": 171}, "types": ["Water", "Ghost"]}, "Zebstrika": {"name": "Zebstrika", "species": "Zebstrika", "speciesId": "zebstrika", "gender": "M", "shiny": false, "level": 87, "moves": ["overheat", "highhorsepower", "supercellslam", "voltswitch"], "ability": "Sap Sipper", "evs": {"hp": 85, "atk": 85, "def": 85, "spa": 85, "spd": 85, "spe": 85}, "ivs": {"hp": 31, "atk": 31, "def": 31, "spa": 31, "spd": 31, "spe": 31}, "item": "Life Orb", "teraType": "Ground", "role": "Fast Attacker", "bvs": {"hp": 75, "atk": 100, "def": 63, "spa": 80, "spd": 63, "spe": 116}, "stats": {"hp": 272, "atk": 224, "def": 159, "spa": 189, "spd": 159, "spe": 252}, "types": ["Electric"]}, "Oranguru": {"name": "Oranguru", "species": "Oranguru", "speciesId": "oranguru", "gender": "M", "shiny": false, "level": 92, "moves": ["thunderbolt", "nastyplot", "psyshock", "hypervoice"], "ability": "Inner Focus", "evs": {"hp": 85, "atk": 0, "def": 85, "spa": 85, "spd": 85, "spe": 85}, "ivs": {"hp": 31, "atk": 0, "def": 31, "spa": 31, "spd": 31, "spe": 31}, "item": "Life Orb", "teraType": "Psychic", "role": "Wallbreaker", "bvs": {"hp": 90, "atk": 60, "def": 80, "spa": 90, "spd": 110, "spe": 60}, "stats": {"hp": 315, "atk": 115, "def": 200, "spa": 218, "spd": 255, "spe": 163}, "types": ["Normal", "Psychic"]}}, {"Scizor": {"name": "Scizor", "species": "Scizor", "speciesId": "scizor", "gender": "M", "shiny": false, "level": 79, "moves": ["bulletpunch", "knockoff", "defog", "uturn"], "ability": "Technician", "evs": {"hp": 85, "atk": 85, "def": 85, "spa": 85, "spd": 85, "spe": 85}, "ivs": {"hp": 31, "atk": 31, "def": 31, "spa": 31, "spd": 31, "spe": 31}, "item": "Leftovers", "teraType": "Dragon", "role": "Bulky Support", "bvs": {"hp": 70, "atk": 130, "def": 100, "spa": 55, "spd": 80, "spe": 65}, "stats": {"hp": 240, "atk": 251, "def": 204, "spa": 132, "spd": 172, "spe": 148}, "types": ["Bug", "Steel"]}, "Houndstone": {"name": "Houndstone", "species": "Houndstone", "speciesId": "houndstone", "gender": "M", "shiny": false, "level": 86, "moves": ["rest", "bodypress", "sleeptalk", "poltergeist"], "ability": "Fluffy", "evs": {"hp": 85, "atk": 85, "def": 85, "spa": 85, "spd": 85, "spe": 85}, "ivs": {"hp": 31, "atk": 31, "def": 31, "spa": 31, "spd": 31, "spe": 31}, "item": "Leftovers", "teraType": "Fighting", "role": "Bulky Support", "bvs": {"hp": 72, "atk": 101, "def": 100, "spa": 50, "spd": 97, "spe": 68}, "stats": {"hp": 264, "atk": 223, "def": 221, "spa": 135, "spd": 216, "spe": 166}, "types": ["Ghost"]}, "Eelektross": {"name": "Eelektross", "species": "Eelektross", "speciesId": "eelektross", "gender": "F", "shiny": false, "level": 87, "moves": ["uturn", "discharge", "flamethrower", "dragontail"], "ability": "Levitate", "evs": {"hp": 85, "atk": 85, "def": 85, "spa": 85, "spd": 85, "spe": 85}, "ivs": {"hp": 31, "atk": 31, "def": 31, "spa": 31, "spd": 31, "spe": 31}, "item": "Assault Vest", "teraType": "Poison", "role": "AV Pivot", "bvs": {"hp": 85, "atk": 115, "def": 80, "spa": 105, "spd": 80, "spe": 50}, "stats": {"hp": 290, "atk": 250, "def": 189, "spa": 232, "spd": 189, "spe": 137}, "types": ["Electric"]}, "Furret": {"name": "Furret", "species": "Furret", "speciesId": "furret", "gender": "F", "shiny": false, "level": 94, "moves": ["doubleedge", "uturn", "trick", "knockoff"], "ability": "Frisk", "evs": {"hp": 85, "atk": 85, "def": 85, "spa": 85, "spd": 85, "spe": 85}, "ivs": {"hp": 31, "atk": 31, "def": 31, "spa": 31, "spd": 31, "spe": 31}, "item": "Choice Band", "teraType": "Ghost", "role": "Wallbreaker", "bvs": {"hp": 85, "atk": 76, "def": 64, "spa": 45, "spd": 55, "spe": 90}, "stats": {"hp": 312, "atk": 196, "def": 174, "spa": 138, "spd": 157, "spe": 223}, "types": ["Normal"]}, "Ogerpon": {"name": "Ogerpon", "species": "Ogerpon-Cornerstone", "speciesId": "ogerponcornerstone", "gender": "F", "shiny": false, "level": 76, "moves": ["synthesis", "spikes", "powerwhip", "ivycudgel"], "ability": "Sturdy", "evs": {"hp": 85, "atk": 85, "def": 85, "spa": 85, "spd": 85, "spe": 85}, "ivs": {"hp": 31, "atk": 31, "def": 31, "spa": 31, "spd": 31, "spe": 31}, "item": "Cornerstone Mask", "teraType": "Rock", "role": "Bulky Attacker", "bvs": {"hp": 80, "atk": 120, "def": 84, "spa": 60, "spd": 96, "spe": 110}, "stats": {"hp": 247, "atk": 226, "def": 172, "spa": 135, "spd": 190, "spe": 211}, "types": ["Grass", "Rock"]}, "Deoxys": {"name": "Deoxys", "species": "Deoxys-Defense", "speciesId": "deoxysdefense", "gender": "N", "shiny": false, "level": 84, "moves": ["psychicnoise", "recover", "stealthrock", "knockoff"], "ability": "Pressure", "evs": {"hp": 85, "atk": 85, "def": 85, "spa": 85, "spd": 85, "spe": 85}, "ivs": {"hp": 31, "atk": 31, "def": 31, "spa": 31, "spd": 31, "spe": 31}, "item": "Rocky Helmet", "teraType": "Dark", "role": "Bulky Support", "bvs": {"hp": 50, "atk": 70, "def": 160, "spa": 70, "spd": 160, "spe": 90}, "stats": {"hp": 221, "atk": 166, "def": 317, "spa": 166, "spd": 317, "spe": 199}, "types": ["Psychic"]}}]}