{"id": "gen9randombattle-2641624357", "format": "[Gen 9] Random Battle", "players": ["Oblivion-celestial", "SigurdZZ"], "log": "|badge|p2|silver|gen9randombattle|30-9\n|html|<div class=\"broadcast-red\"><strong>This battle is required to be public due to one or more player having a season medal.</strong><br />During the public phase, you can discuss the state of the ladder <a href=\"/seasondiscussion\">in a special chatroom.</a></div>\n|uhtml|medal-msg|<div class=\"broadcast-blue\">Curious what those medals under the avatar are? PS now has Ladder Seasons! For more information, check out the <a href=\"https://www.smogon.com/forums/threads/3740067/\">thread on Smogon.</a></div>\n|raw|<div class=\"broadcast-blue\"><strong>This battle is required to be public due to a player having a name starting with 'medal'.</div>\n|j|\u2606Oblivion-celestial\n|j|\u2606SigurdZZ\n|t:|1782820796\n|gametype|singles\n|player|p1|Oblivion-celestial|102|2095\n|player|p2|SigurdZZ|misty|2327\n|gen|9\n|tier|[Gen 9] Random Battle\n|rated|\n|rule|Species Clause: Limit one of each Pok\u00e9mon\n|rule|HP Percentage Mod: HP is shown in percentages\n|rule|Sleep Clause Mod: Limit one foe put to sleep\n|rule|Illusion Level Mod: Illusion disguises the Pok\u00e9mon's true level\n|\n|t:|1782820796\n|teamsize|p1|6\n|teamsize|p2|6\n|start\n|switch|p1a: Serperior|Serperior, L79, M|248/248\n|switch|p2a: Mightyena|Mightyena, L96, F|290/290\n|-ability|p2a: Mightyena|Intimidate|boost\n|-boost|p1a: Serperior|atk|1\n|turn|1\n|inactive|Battle timer is ON: inactive players will automatically lose when time's up. (requested by SigurdZZ)\n|\n|t:|1782820811\n|move|p1a: Serperior|Leaf Storm|p2a: Mightyena\n|-damage|p2a: Mightyena|217/290\n|-boost|p1a: Serperior|spa|2\n|move|p2a: Mightyena|Poison Fang|p1a: Serperior\n|-supereffective|p1a: Serperior\n|-damage|p1a: Serperior|152/248\n|-status|p1a: Serperior|tox\n|\n|-heal|p1a: Serperior|167/248 tox|[from] item: Leftovers\n|-damage|p1a: Serperior|152/248 tox|[from] psn\n|upkeep\n|turn|2\n|\n|t:|1782820821\n|move|p1a: Serperior|Leaf Storm|p2a: Mightyena\n|-damage|p2a: Mightyena|54/290\n|-boost|p1a: Serperior|spa|2\n|move|p2a: Mightyena|Crunch|p1a: Serperior\n|-damage|p1a: Serperior|55/248 tox\n|\n|-heal|p1a: Serperior|70/248 tox|[from] item: Leftovers\n|-damage|p1a: Serperior|40/248 tox|[from] psn\n|upkeep\n|turn|3\n|\n|t:|1782820832\n|switch|p2a: Skeledirge|Skeledirge, L79, M|294/294\n|move|p1a: Serperior|Leaf Storm|p2a: Skeledirge\n|-resisted|p2a: Skeledirge\n|-damage|p2a: Skeledirge|230/294\n|-boost|p1a: Serperior|spa|2\n|\n|-heal|p1a: Serperior|55/248 tox|[from] item: Leftovers\n|-damage|p1a: Serperior|10/248 tox|[from] psn\n|upkeep\n|turn|4\n|\n|t:|1782820845\n|switch|p1a: Glimmora|Glimmora, L75, M|248/248\n|move|p2a: Skeledirge|Slack Off|p2a: Skeledirge\n|-heal|p2a: Skeledirge|294/294\n|\n|upkeep\n|turn|5\n|\n|t:|1782820854\n|switch|p2a: Hypno|Hypno, L95, M|315/315\n|move|p1a: Glimmora|Power Gem|p2a: Hypno\n|-damage|p2a: Hypno|257/315\n|\n|-heal|p2a: Hypno|276/315|[from] item: Leftovers\n|upkeep\n|turn|6\n|\n|t:|1782820859\n|switch|p1a: Grimmsnarl|Grimmsnarl, L83, M|293/293\n|move|p2a: Hypno|Psychic Noise|p1a: Grimmsnarl\n|-immune|p1a: Grimmsnarl\n|\n|-heal|p2a: Hypno|295/315|[from] item: Leftovers\n|upkeep\n|turn|7\n|\n|t:|1782820865\n|move|p2a: Hypno|Knock Off|p1a: Grimmsnarl\n|-resisted|p1a: Grimmsnarl\n|-damage|p1a: Grimmsnarl|271/293\n|-enditem|p1a: Grimmsnarl|Light Clay|[from] move: Knock Off|[of] p2a: Hypno\n|move|p1a: Grimmsnarl|Spirit Break|p2a: Hypno\n|-damage|p2a: Hypno|202/315\n|-unboost|p2a: Hypno|spa|1\n|\n|-heal|p2a: Hypno|221/315|[from] item: Leftovers\n|upkeep\n|turn|8\n|\n|t:|1782820878\n|move|p1a: Grimmsnarl|Parting Shot|p2a: Hypno\n|-unboost|p2a: Hypno|atk|1\n|-unboost|p2a: Hypno|spa|1\n|\n|t:|1782820882\n|switch|p1a: Serperior|Serperior, L79, M|10/248 tox|[from] Parting Shot\n|move|p2a: Hypno|Toxic|p1a: Serperior\n|-fail|p1a: Serperior|tox\n|\n|-heal|p1a: Serperior|25/248 tox|[from] item: Leftovers\n|-heal|p2a: Hypno|240/315|[from] item: Leftovers\n|-damage|p1a: Serperior|10/248 tox|[from] psn\n|upkeep\n|turn|9\n|\n|t:|1782820891\n|switch|p2a: Skeledirge|Skeledirge, L79, M|294/294\n|move|p1a: Serperior|Leaf Storm|p2a: Skeledirge\n|-resisted|p2a: Skeledirge\n|-damage|p2a: Skeledirge|237/294\n|-boost|p1a: Serperior|spa|2\n|\n|-heal|p1a: Serperior|25/248 tox|[from] item: Leftovers\n|-damage|p1a: Serperior|0 fnt|[from] psn\n|faint|p1a: Serperior\n|upkeep\n|\n|t:|1782820898\n|switch|p1a: Glimmora|Glimmora, L75, M|248/248\n|turn|10\n|\n|t:|1782820902\n|switch|p2a: Hypno|Hypno, L95, M|240/315\n|move|p1a: Glimmora|Power Gem|p2a: Hypno\n|-damage|p2a: Hypno|180/315\n|\n|-heal|p2a: Hypno|199/315|[from] item: Leftovers\n|upkeep\n|turn|11\n|inactive|Oblivion-celestial has 120 seconds left.\n|l|\u2606Oblivion-celestial\n|inactive|Oblivion-celestial disconnected and has a minute to reconnect!\n|player|p1|\n|j|\u2606Oblivion-celestial\n|inactive|Oblivion-celestial reconnected and has 110 seconds left.\n|player|p1|Oblivion-celestial|102|\n|\n|t:|1782820956\n|move|p2a: Hypno|Psychic Noise|p1a: Glimmora\n|-supereffective|p1a: Glimmora\n|-damage|p1a: Glimmora|114/248\n|-start|p1a: Glimmora|move: Heal Block\n|move|p1a: Glimmora|Sludge Wave|p2a: Hypno\n|-damage|p2a: Hypno|124/315\n|\n|-heal|p2a: Hypno|143/315|[from] item: Leftovers\n|upkeep\n|turn|12\n|\n|t:|1782820967\n|switch|p1a: Grimmsnarl|Grimmsnarl, L83, M|271/293\n|move|p2a: Hypno|Psychic Noise|p1a: Grimmsnarl\n|-immune|p1a: Grimmsnarl\n|\n|-heal|p2a: Hypno|162/315|[from] item: Leftovers\n|upkeep\n|turn|13\n|\n|t:|1782820980\n|switch|p2a: Groudon|Groudon, L72|263/263\n|-weather|SunnyDay|[from] ability: Drought|[of] p2a: Groudon\n|move|p1a: Grimmsnarl|Parting Shot|p2a: Groudon\n|-unboost|p2a: Groudon|atk|1\n|-unboost|p2a: Groudon|spa|1\n|\n|t:|1782820987\n|switch|p1a: Mismagius|Mismagius, L86, M|243/243|[from] Parting Shot\n|\n|-weather|SunnyDay|[upkeep]\n|upkeep\n|turn|14\n|\n|t:|1782821003\n|move|p1a: Mismagius|Shadow Ball|p2a: Groudon\n|-damage|p2a: Groudon|113/263\n|move|p2a: Groudon|Heat Crash|p1a: Mismagius\n|-damage|p1a: Mismagius|138/243\n|\n|-weather|SunnyDay|[upkeep]\n|-heal|p2a: Groudon|129/263|[from] item: Leftovers\n|upkeep\n|turn|15\n|\n|t:|1782821011\n|switch|p2a: Mightyena|Mightyena, L96, F|54/290\n|-ability|p2a: Mightyena|Intimidate|boost\n|-unboost|p1a: Mismagius|atk|1\n|move|p1a: Mismagius|Shadow Ball|p2a: Mightyena\n|-resisted|p2a: Mightyena\n|-damage|p2a: Mightyena|0 fnt\n|faint|p2a: Mightyena\n|\n|-weather|SunnyDay|[upkeep]\n|upkeep\n|\n|t:|1782821018\n|switch|p2a: Rampardos|Rampardos, L90, M|321/321\n|turn|16\n|\n|t:|1782821025\n|switch|p1a: Glimmora|Glimmora, L75, M|114/248\n|move|p2a: Rampardos|Rock Slide|p1a: Glimmora\n|-damage|p1a: Glimmora|0 fnt\n|-activate|p1a: Glimmora|ability: Toxic Debris\n|-sidestart|p2: SigurdZZ|move: Toxic Spikes\n|faint|p1a: Glimmora\n|\n|-weather|SunnyDay|[upkeep]\n|upkeep\n|\n|t:|1782821036\n|switch|p1a: Corviknight|Corviknight, L80, M|288/288\n|turn|17\n|\n|t:|1782821040\n|move|p2a: Rampardos|Fire Punch|p1a: Corviknight\n|-supereffective|p1a: Corviknight\n|-damage|p1a: Corviknight|0 fnt\n|faint|p1a: Corviknight\n|\n|-weather|none\n|upkeep\n|\n|t:|1782821045\n|switch|p1a: Avalugg|Avalugg-Hisui, L90, F|317/317\n|turn|18\n|\n|t:|1782821050\n|switch|p2a: Groudon|Groudon, L72|129/263\n|-status|p2a: Groudon|psn\n|-weather|SunnyDay|[from] ability: Drought|[of] p2a: Groudon\n|move|p1a: Avalugg|Body Press|p2a: Groudon\n|-damage|p2a: Groudon|36/263 psn\n|\n|-weather|SunnyDay|[upkeep]\n|-heal|p2a: Groudon|52/263 psn|[from] item: Leftovers\n|-damage|p2a: Groudon|20/263 psn|[from] psn\n|upkeep\n|turn|19\n|\n|t:|1782821064\n|move|p2a: Groudon|Will-O-Wisp|p1a: Avalugg\n|-status|p1a: Avalugg|brn\n|move|p1a: Avalugg|Body Press|p2a: Groudon\n|-damage|p2a: Groudon|0 fnt\n|faint|p2a: Groudon\n|\n|-weather|SunnyDay|[upkeep]\n|-damage|p1a: Avalugg|298/317 brn|[from] brn\n|upkeep\n|\n|t:|1782821073\n|switch|p2a: Skeledirge|Skeledirge, L79, M|237/294\n|turn|20\n|\n|t:|1782821087\n|move|p2a: Skeledirge|Torch Song|p1a: Avalugg\n|-damage|p1a: Avalugg|102/317 brn\n|-boost|p2a: Skeledirge|spa|1\n|move|p1a: Avalugg|Stone Edge|p2a: Skeledirge\n|-supereffective|p2a: Skeledirge\n|-damage|p2a: Skeledirge|98/294\n|\n|-weather|SunnyDay|[upkeep]\n|-damage|p1a: Avalugg|83/317 brn|[from] brn\n|upkeep\n|turn|21\n|\n|t:|1782821097\n|-terastallize|p2a: Skeledirge|Fairy\n|move|p2a: Skeledirge|Slack Off|p2a: Skeledirge\n|-heal|p2a: Skeledirge|245/294\n|move|p1a: Avalugg|Stone Edge|p2a: Skeledirge\n|-damage|p2a: Skeledirge|167/294\n|\n|-weather|SunnyDay|[upkeep]\n|-damage|p1a: Avalugg|64/317 brn|[from] brn\n|upkeep\n|turn|22\n|\n|t:|1782821102\n|move|p2a: Skeledirge|Flame Charge|p1a: Avalugg\n|-damage|p1a: Avalugg|34/317 brn\n|-boost|p2a: Skeledirge|spe|1\n|move|p1a: Avalugg|Stone Edge|p2a: Skeledirge\n|-damage|p2a: Skeledirge|100/294\n|\n|-weather|none\n|-damage|p1a: Avalugg|15/317 brn|[from] brn\n|upkeep\n|turn|23\n|\n|t:|1782821105\n|move|p2a: Skeledirge|Flame Charge|p1a: Avalugg\n|-crit|p1a: Avalugg\n|-damage|p1a: Avalugg|0 fnt\n|-boost|p2a: Skeledirge|spe|1\n|faint|p1a: Avalugg\n|\n|upkeep\n|\n|t:|1782821107\n|switch|p1a: Grimmsnarl|Grimmsnarl, L83, M|271/293\n|turn|24\n|\n|t:|1782821113\n|move|p2a: Skeledirge|Torch Song|p1a: Grimmsnarl\n|-damage|p1a: Grimmsnarl|139/293\n|-boost|p2a: Skeledirge|spa|1\n|move|p1a: Grimmsnarl|Spirit Break|p2a: Skeledirge\n|-damage|p2a: Skeledirge|15/294\n|-unboost|p2a: Skeledirge|spa|1\n|\n|upkeep\n|turn|25\n|\n|t:|1782821120\n|move|p2a: Skeledirge|Slack Off|p2a: Skeledirge\n|-heal|p2a: Skeledirge|162/294\n|move|p1a: Grimmsnarl|Spirit Break|p2a: Skeledirge\n|-damage|p2a: Skeledirge|66/294\n|-unboost|p2a: Skeledirge|spa|1\n|\n|upkeep\n|turn|26\n|\n|t:|1782821124\n|move|p2a: Skeledirge|Slack Off|p2a: Skeledirge\n|-heal|p2a: Skeledirge|213/294\n|move|p1a: Grimmsnarl|Spirit Break|p2a: Skeledirge\n|-damage|p2a: Skeledirge|119/294\n|-unboost|p2a: Skeledirge|spa|1\n|\n|upkeep\n|turn|27\n|\n|t:|1782821129\n|move|p2a: Skeledirge|Slack Off|p2a: Skeledirge\n|-heal|p2a: Skeledirge|266/294\n|move|p1a: Grimmsnarl|Spirit Break|p2a: Skeledirge\n|-damage|p2a: Skeledirge|169/294\n|-unboost|p2a: Skeledirge|spa|1\n|\n|upkeep\n|turn|28\n|\n|t:|1782821134\n|move|p1a: Grimmsnarl|Light Screen|p1a: Grimmsnarl\n|-sidestart|p1: Oblivion-celestial|move: Light Screen\n|move|p2a: Skeledirge|Torch Song|p1a: Grimmsnarl\n|-damage|p1a: Grimmsnarl|118/293\n|-boost|p2a: Skeledirge|spa|1\n|\n|upkeep\n|turn|29\n|\n|t:|1782821138\n|move|p2a: Skeledirge|Torch Song|p1a: Grimmsnarl\n|-crit|p1a: Grimmsnarl\n|-damage|p1a: Grimmsnarl|0 fnt\n|-boost|p2a: Skeledirge|spa|1\n|faint|p1a: Grimmsnarl\n|\n|upkeep\n|\n|t:|1782821142\n|switch|p1a: Mismagius|Mismagius, L86, M|138/243\n|turn|30\n|\n|t:|1782821146\n|move|p2a: Skeledirge|Slack Off|p2a: Skeledirge\n|-heal|p2a: Skeledirge|294/294\n|move|p1a: Mismagius|Shadow Ball|p2a: Skeledirge\n|-damage|p2a: Skeledirge|128/294\n|\n|upkeep\n|turn|31\n|\n|t:|1782821151\n|move|p2a: Skeledirge|Slack Off|p2a: Skeledirge\n|-heal|p2a: Skeledirge|275/294\n|move|p1a: Mismagius|Shadow Ball|p2a: Skeledirge\n|-damage|p2a: Skeledirge|97/294\n|\n|upkeep\n|turn|32\n|\n|t:|1782821155\n|move|p2a: Skeledirge|Slack Off|p2a: Skeledirge\n|-heal|p2a: Skeledirge|244/294\n|move|p1a: Mismagius|Shadow Ball|p2a: Skeledirge\n|-damage|p2a: Skeledirge|70/294\n|\n|-sideend|p1: Oblivion-celestial|move: Light Screen\n|upkeep\n|turn|33\n|\n|t:|1782821163\n|move|p2a: Skeledirge|Shadow Ball|p1a: Mismagius\n|-supereffective|p1a: Mismagius\n|-damage|p1a: Mismagius|0 fnt\n|faint|p1a: Mismagius\n|\n|win|SigurdZZ\n", "inputlog": ">version f8ac14003a5f27e1bdc8d8c59608a773c1cb96e5\n>start {\"formatid\":\"gen9randombattle\",\"seed\":\"sodium,210672869c683ccec52239453336dd78\",\"rated\":\"Rated battle\"}\n>player p1 {\"name\":\"Oblivion-celestial\",\"avatar\":\"102\",\"rating\":2095,\"seed\":\"sodium,ae7563cb075570a0428deff2791a2244\"}\n>player p2 {\"name\":\"SigurdZZ\",\"avatar\":\"misty\",\"rating\":2327,\"seed\":\"sodium,f65e3e57f1636ef4e15e6049f4291fa2\"}\n>p1 move leafstorm\n>p2 move poisonfang\n>p1 move leafstorm\n>p2 move crunch\n>p1 move leafstorm\n>p2 switch 4\n>p1 switch 4\n>p2 move slackoff\n>p1 move powergem\n>p2 switch 2\n>p1 switch 5\n>p2 move psychicnoise\n>p1 move spiritbreak\n>p2 move knockoff\n>p1 move partingshot\n>p2 move toxic\n>p1 switch 4\n>p1 move leafstorm\n>p2 switch 2\n>p1 switch 5\n>p1 move powergem\n>p2 switch 2\n>p1 move sludgewave\n>p2 move psychicnoise\n>p1 switch 4\n>p2 move psychicnoise\n>p1 move partingshot\n>p2 switch 6\n>p1 switch 6\n>p1 move shadowball\n>p2 move heatcrash\n>p1 move shadowball\n>p2 switch 4\n>p2 switch 5\n>p1 switch 4\n>p2 move rockslide\n>p1 switch 3\n>p1 move bodypress\n>p2 move firepunch\n>p1 switch 2\n>p1 move bodypress\n>p2 switch 4\n>p1 move bodypress\n>p2 move willowisp\n>p2 switch 2\n>p1 move stoneedge\n>p2 move torchsong\n>p1 move stoneedge\n>p2 move slackoff terastallize\n>p1 move stoneedge\n>p2 move flamecharge\n>p1 move stoneedge\n>p2 move flamecharge\n>p1 switch 6\n>p1 move spiritbreak\n>p2 move torchsong\n>p1 move spiritbreak\n>p2 move slackoff\n>p1 move spiritbreak\n>p2 move slackoff\n>p1 move spiritbreak\n>p2 move slackoff\n>p1 move lightscreen\n>p2 move torchsong\n>p1 move spiritbreak\n>p2 move torchsong\n>p1 switch 4\n>p1 move shadowball\n>p2 move slackoff\n>p1 move shadowball\n>p2 move slackoff\n>p1 move shadowball\n>p2 move slackoff\n>p1 move shadowball\n>p2 move shadowball", "uploadtime": 1782820798, "views": 3, "formatid": "gen9randombattle", "rating": null, "private": 0, "password": null, "player_dets": [{"name": "Oblivion-celestial", "avatar": "102", "rating": 2095, "seed": "sodium,ae7563cb075570a0428deff2791a2244"}, {"name": "SigurdZZ", "avatar": "misty", "rating": 2327, "seed": "sodium,f65e3e57f1636ef4e15e6049f4291fa2"}], "teams_full": [{"Serperior": {"name": "Serperior", "species": "Serperior", "speciesId": "serperior", "gender": "M", "shiny": false, "level": 79, "moves": ["terablast", "leechseed", "leafstorm", "substitute"], "ability": "Contrary", "evs": {"hp": 85, "atk": 85, "def": 85, "spa": 85, "spd": 85, "spe": 85}, "ivs": {"hp": 31, "atk": 31, "def": 31, "spa": 31, "spd": 31, "spe": 31}, "item": "Leftovers", "teraType": "Rock", "role": "Tera Blast user", "bvs": {"hp": 75, "atk": 75, "def": 95, "spa": 75, "spd": 95, "spe": 113}, "stats": {"hp": 248, "atk": 164, "def": 196, "spa": 164, "spd": 196, "spe": 224}, "types": ["Grass"]}, "Avalugg": {"name": "Avalugg", "species": "Avalugg-Hisui", "speciesId": "avalugghisui", "gender": "F", "shiny": false, "level": 90, "moves": ["bodypress", "recover", "stoneedge", "avalanche"], "ability": "Sturdy", "evs": {"hp": 85, "atk": 85, "def": 85, "spa": 85, "spd": 85, "spe": 85}, "ivs": {"hp": 31, "atk": 31, "def": 31, "spa": 31, "spd": 31, "spe": 31}, "item": "Heavy-Duty Boots", "teraType": "Flying", "role": "Bulky Attacker", "bvs": {"hp": 95, "atk": 127, "def": 184, "spa": 34, "spd": 36, "spe": 38}, "stats": {"hp": 317, "atk": 280, "def": 383, "spa": 113, "spd": 116, "spe": 120}, "types": ["Ice", "Rock"]}, "Corviknight": {"name": "Corviknight", "species": "Corviknight", "speciesId": "corviknight", "gender": "M", "shiny": false, "level": 80, "moves": ["roost", "bravebird", "defog", "bodypress"], "ability": "Mirror Armor", "evs": {"hp": 85, "atk": 85, "def": 85, "spa": 85, "spd": 85, "spe": 85}, "ivs": {"hp": 31, "atk": 31, "def": 31, "spa": 31, "spd": 31, "spe": 31}, "item": "Leftovers", "teraType": "Dragon", "role": "Bulky Support", "bvs": {"hp": 98, "atk": 87, "def": 105, "spa": 53, "spd": 85, "spe": 67}, "stats": {"hp": 288, "atk": 185, "def": 214, "spa": 131, "spd": 182, "spe": 153}, "types": ["Flying", "Steel"]}, "Glimmora": {"name": "Glimmora", "species": "Glimmora", "speciesId": "glimmora", "gender": "M", "shiny": false, "level": 75, "moves": ["earthpower", "powergem", "sludgewave", "mortalspin"], "ability": "Toxic Debris", "evs": {"hp": 85, "atk": 85, "def": 85, "spa": 85, "spd": 85, "spe": 85}, "ivs": {"hp": 31, "atk": 31, "def": 31, "spa": 31, "spd": 31, "spe": 31}, "item": "Assault Vest", "teraType": "Ground", "role": "Fast Support", "bvs": {"hp": 83, "atk": 55, "def": 90, "spa": 130, "spd": 81, "spe": 86}, "stats": {"hp": 248, "atk": 126, "def": 179, "spa": 239, "spd": 165, "spe": 173}, "types": ["Rock", "Poison"]}, "Grimmsnarl": {"name": "Grimmsnarl", "species": "Grimmsnarl", "speciesId": "grimmsnarl", "gender": "M", "shiny": false, "level": 83, "moves": ["spiritbreak", "partingshot", "reflect", "lightscreen"], "ability": "Prankster", "evs": {"hp": 85, "atk": 85, "def": 85, "spa": 85, "spd": 85, "spe": 85}, "ivs": {"hp": 31, "atk": 31, "def": 31, "spa": 31, "spd": 31, "spe": 31}, "item": "Light Clay", "teraType": "Poison", "role": "Bulky Support", "bvs": {"hp": 95, "atk": 120, "def": 65, "spa": 95, "spd": 75, "spe": 60}, "stats": {"hp": 293, "atk": 247, "def": 156, "spa": 205, "spd": 172, "spe": 147}, "types": ["Dark", "Fairy"]}, "Mismagius": {"name": "Mismagius", "species": "Mismagius", "speciesId": "mismagius", "gender": "M", "shiny": false, "level": 86, "moves": ["mysticalfire", "shadowball", "energyball", "trick"], "ability": "Levitate", "evs": {"hp": 85, "atk": 0, "def": 85, "spa": 85, "spd": 85, "spe": 85}, "ivs": {"hp": 31, "atk": 0, "def": 31, "spa": 31, "spd": 31, "spe": 31}, "item": "Choice Specs", "teraType": "Fire", "role": "Wallbreaker", "bvs": {"hp": 60, "atk": 60, "def": 60, "spa": 105, "spd": 105, "spe": 105}, "stats": {"hp": 243, "atk": 108, "def": 152, "spa": 230, "spd": 230, "spe": 230}, "types": ["Ghost"]}}, {"Mightyena": {"name": "Mightyena", "species": "Mightyena", "speciesId": "mightyena", "gender": "F", "shiny": false, "level": 96, "moves": ["suckerpunch", "poisonfang", "crunch", "playrough"], "ability": "Intimidate", "evs": {"hp": 85, "atk": 85, "def": 85, "spa": 85, "spd": 85, "spe": 85}, "ivs": {"hp": 31, "atk": 31, "def": 31, "spa": 31, "spd": 31, "spe": 31}, "item": "Assault Vest", "teraType": "Fairy", "role": "AV Pivot", "bvs": {"hp": 70, "atk": 90, "def": 70, "spa": 60, "spd": 60, "spe": 70}, "stats": {"hp": 290, "atk": 227, "def": 189, "spa": 170, "spd": 170, "spe": 189}, "types": ["Dark"]}, "Hypno": {"name": "Hypno", "species": "Hypno", "speciesId": "hypno", "gender": "M", "shiny": false, "level": 95, "moves": ["knockoff", "encore", "toxic", "psychicnoise"], "ability": "Insomnia", "evs": {"hp": 85, "atk": 85, "def": 85, "spa": 85, "spd": 85, "spe": 85}, "ivs": {"hp": 31, "atk": 31, "def": 31, "spa": 31, "spd": 31, "spe": 31}, "item": "Leftovers", "teraType": "Fairy", "role": "Bulky Support", "bvs": {"hp": 85, "atk": 73, "def": 70, "spa": 73, "spd": 115, "spe": 67}, "stats": {"hp": 315, "atk": 193, "def": 187, "spa": 193, "spd": 272, "spe": 181}, "types": ["Psychic"]}, "Araquanid": {"name": "Araquanid", "species": "Araquanid", "speciesId": "araquanid", "gender": "M", "shiny": false, "level": 82, "moves": ["hydropump", "liquidation", "leechlife", "stickyweb"], "ability": "Water Bubble", "evs": {"hp": 85, "atk": 85, "def": 85, "spa": 85, "spd": 85, "spe": 85}, "ivs": {"hp": 31, "atk": 31, "def": 31, "spa": 31, "spd": 31, "spe": 31}, "item": "Heavy-Duty Boots", "teraType": "Ground", "role": "Bulky Attacker", "bvs": {"hp": 68, "atk": 70, "def": 92, "spa": 50, "spd": 132, "spe": 42}, "stats": {"hp": 246, "atk": 162, "def": 198, "spa": 129, "spd": 264, "spe": 116}, "types": ["Water", "Bug"]}, "Skeledirge": {"name": "Skeledirge", "species": "Skeledirge", "speciesId": "skeledirge", "gender": "M", "shiny": false, "level": 79, "moves": ["torchsong", "flamecharge", "slackoff", "shadowball"], "ability": "Unaware", "evs": {"hp": 85, "atk": 85, "def": 85, "spa": 85, "spd": 85, "spe": 85}, "ivs": {"hp": 31, "atk": 31, "def": 31, "spa": 31, "spd": 31, "spe": 31}, "item": "Heavy-Duty Boots", "teraType": "Fairy", "role": "Bulky Attacker", "bvs": {"hp": 104, "atk": 75, "def": 100, "spa": 110, "spd": 75, "spe": 66}, "stats": {"hp": 294, "atk": 164, "def": 204, "spa": 219, "spd": 164, "spe": 150}, "types": ["Fire", "Ghost"]}, "Rampardos": {"name": "Rampardos", "species": "Rampardos", "speciesId": "rampardos", "gender": "M", "shiny": false, "level": 90, "moves": ["earthquake", "firepunch", "rockslide", "zenheadbutt"], "ability": "Sheer Force", "evs": {"hp": 85, "atk": 85, "def": 85, "spa": 85, "spd": 85, "spe": 85}, "ivs": {"hp": 31, "atk": 31, "def": 31, "spa": 31, "spd": 31, "spe": 31}, "item": "Life Orb", "teraType": "Psychic", "role": "Wallbreaker", "bvs": {"hp": 97, "atk": 165, "def": 60, "spa": 65, "spd": 50, "spe": 58}, "stats": {"hp": 321, "atk": 348, "def": 159, "spa": 168, "spd": 141, "spe": 156}, "types": ["Rock"]}, "Groudon": {"name": "Groudon", "species": "Groudon", "speciesId": "groudon", "gender": "N", "shiny": false, "level": 72, "moves": ["spikes", "willowisp", "heatcrash", "precipiceblades"], "ability": "Drought", "evs": {"hp": 85, "atk": 85, "def": 85, "spa": 85, "spd": 85, "spe": 85}, "ivs": {"hp": 31, "atk": 31, "def": 31, "spa": 31, "spd": 31, "spe": 31}, "item": "Leftovers", "teraType": "Fire", "role": "Bulky Attacker", "bvs": {"hp": 100, "atk": 150, "def": 140, "spa": 100, "spd": 90, "spe": 90}, "stats": {"hp": 263, "atk": 258, "def": 244, "spa": 186, "spd": 172, "spe": 172}, "types": ["Ground"]}}]}