{"id": "gen9randombattle-2641303649", "format": "[Gen 9] Random Battle", "players": ["bakedblondies", "coregen"], "log": "|j|\u2606bakedblondies\n|j|\u2606coregen\n|t:|1782765425\n|gametype|singles\n|player|p1|bakedblondies|shauntal|1233\n|player|p2|coregen|gambler|1212\n|gen|9\n|tier|[Gen 9] Random Battle\n|rated|\n|rule|Species Clause: Limit one of each Pok\u00e9mon\n|rule|HP Percentage Mod: HP is shown in percentages\n|rule|Sleep Clause Mod: Limit one foe put to sleep\n|rule|Illusion Level Mod: Illusion disguises the Pok\u00e9mon's true level\n|\n|t:|1782765425\n|teamsize|p1|6\n|teamsize|p2|6\n|start\n|switch|p1a: Tauros|Tauros-Paldea-Combat, L82, M|257/257\n|switch|p2a: Mightyena|Mightyena, L96, M|290/290\n|-ability|p1a: Tauros|Intimidate|boost\n|-unboost|p2a: Mightyena|atk|1\n|-ability|p2a: Mightyena|Intimidate|boost\n|-unboost|p1a: Tauros|atk|1\n|turn|1\n|inactive|Battle timer is ON: inactive players will automatically lose when time's up. (requested by coregen)\n|\n|t:|1782765443\n|switch|p2a: Ariados|Ariados, L95, M|287/287\n|move|p1a: Tauros|Close Combat|p2a: Ariados\n|-resisted|p2a: Ariados\n|-damage|p2a: Ariados|252/287\n|-unboost|p1a: Tauros|def|1\n|-unboost|p1a: Tauros|spd|1\n|\n|upkeep\n|turn|2\n|\n|t:|1782765466\n|switch|p1a: Walking Wake|Walking Wake, L79|286/286\n|move|p2a: Ariados|Sticky Web|p1a: Walking Wake\n|-sidestart|p1: bakedblondies|move: Sticky Web\n|\n|upkeep\n|turn|3\n|\n|t:|1782765479\n|switch|p2a: Abomasnow|Abomasnow, L84, M|287/287\n|-weather|Snowscape|[from] ability: Snow Warning|[of] p2a: Abomasnow\n|move|p1a: Walking Wake|Sunny Day|p1a: Walking Wake\n|-weather|SunnyDay\n|-activate|p1a: Walking Wake|ability: Protosynthesis\n|-start|p1a: Walking Wake|protosynthesisspa\n|\n|-weather|SunnyDay|[upkeep]\n|upkeep\n|turn|4\n|\n|t:|1782765494\n|switch|p2a: Quagsire|Quagsire, L84, F|297/297\n|-terastallize|p1a: Walking Wake|Fire\n|move|p1a: Walking Wake|Flamethrower|p2a: Quagsire\n|-resisted|p2a: Quagsire\n|-damage|p2a: Quagsire|145/297\n|-damage|p1a: Walking Wake|258/286|[from] item: Life Orb\n|\n|-weather|SunnyDay|[upkeep]\n|-heal|p2a: Quagsire|163/297|[from] item: Leftovers\n|upkeep\n|turn|5\n|inactive|coregen has 120 seconds left.\n|\n|t:|1782765553\n|move|p1a: Walking Wake|Flamethrower|p2a: Quagsire\n|-resisted|p2a: Quagsire\n|-damage|p2a: Quagsire|7/297\n|-damage|p1a: Walking Wake|230/286|[from] item: Life Orb\n|move|p2a: Quagsire|Earthquake|p1a: Walking Wake\n|-supereffective|p1a: Walking Wake\n|-damage|p1a: Walking Wake|36/286\n|\n|-weather|SunnyDay|[upkeep]\n|-heal|p2a: Quagsire|25/297|[from] item: Leftovers\n|upkeep\n|turn|6\n|inactive|coregen has 90 seconds left.\n|\n|t:|1782765597\n|move|p1a: Walking Wake|Flamethrower|p2a: Quagsire\n|-resisted|p2a: Quagsire\n|-damage|p2a: Quagsire|0 fnt\n|faint|p2a: Quagsire\n|-damage|p1a: Walking Wake|8/286|[from] item: Life Orb\n|\n|-weather|SunnyDay|[upkeep]\n|upkeep\n|\n|t:|1782765602\n|switch|p2a: Ariados|Ariados, L95, M|252/287\n|turn|7\n|\n|t:|1782765607\n|move|p2a: Ariados|Sucker Punch|p1a: Walking Wake\n|-damage|p1a: Walking Wake|0 fnt\n|faint|p1a: Walking Wake\n|-end|p1a: Walking Wake|Protosynthesis|[silent]\n|\n|-weather|none\n|upkeep\n|\n|t:|1782765618\n|switch|p1a: Vikavolt|Vikavolt, L83, F|263/263\n|turn|8\n|inactive|coregen has 90 seconds left.\n|\n|t:|1782765633\n|switch|p2a: Abomasnow|Abomasnow, L84, M|287/287\n|-weather|Snowscape|[from] ability: Snow Warning|[of] p2a: Abomasnow\n|move|p1a: Vikavolt|Sticky Web|p2a: Abomasnow\n|-sidestart|p2: coregen|move: Sticky Web\n|\n|-weather|Snowscape|[upkeep]\n|upkeep\n|turn|9\n|inactive|coregen has 90 seconds left.\n|\n|t:|1782765646\n|move|p2a: Abomasnow|Aurora Veil|p2a: Abomasnow\n|-sidestart|p2: coregen|move: Aurora Veil\n|move|p1a: Vikavolt|Bug Buzz|p2a: Abomasnow\n|-supereffective|p2a: Abomasnow\n|-damage|p2a: Abomasnow|166/287\n|\n|-weather|Snowscape|[upkeep]\n|upkeep\n|turn|10\n|inactive|coregen has 90 seconds left.\n|\n|t:|1782765674\n|move|p2a: Abomasnow|Blizzard|p1a: Vikavolt\n|-damage|p1a: Vikavolt|143/263\n|move|p1a: Vikavolt|Bug Buzz|p2a: Abomasnow\n|-supereffective|p2a: Abomasnow\n|-damage|p2a: Abomasnow|30/287\n|\n|-weather|Snowscape|[upkeep]\n|upkeep\n|turn|11\n|\n|t:|1782765691\n|move|p2a: Abomasnow|Blizzard|p1a: Vikavolt\n|-damage|p1a: Vikavolt|5/263\n|move|p1a: Vikavolt|Volt Switch|p2a: Abomasnow\n|-resisted|p2a: Abomasnow\n|-damage|p2a: Abomasnow|5/287\n|\n|t:|1782765705\n|switch|p1a: Wigglytuff|Wigglytuff, L96, M|424/424|[from] Volt Switch\n|-activate|p1a: Wigglytuff|move: Sticky Web\n|-unboost|p1a: Wigglytuff|spe|1\n|-ability|p1a: Wigglytuff|Competitive|boost\n|-boost|p1a: Wigglytuff|spa|2\n|\n|-weather|Snowscape|[upkeep]\n|upkeep\n|turn|12\n|inactive|coregen has 90 seconds left.\n|\n|t:|1782765716\n|move|p2a: Abomasnow|Blizzard|p1a: Wigglytuff\n|-damage|p1a: Wigglytuff|270/424\n|move|p1a: Wigglytuff|Knock Off|p2a: Abomasnow\n|-damage|p2a: Abomasnow|0 fnt\n|-enditem|p2a: Abomasnow|Light Clay|[from] move: Knock Off|[of] p1a: Wigglytuff\n|faint|p2a: Abomasnow\n|\n|-weather|none\n|-heal|p1a: Wigglytuff|296/424|[from] item: Leftovers\n|upkeep\n|inactive|coregen has 90 seconds left.\n|\n|t:|1782765726\n|switch|p2a: Gholdengo|Gholdengo, L77|261/261\n|-activate|p2a: Gholdengo|move: Sticky Web\n|-unboost|p2a: Gholdengo|spe|1\n|turn|13\n|inactive|coregen has 90 seconds left.\n|\n|t:|1782765739\n|move|p2a: Gholdengo|Make It Rain|p1a: Wigglytuff\n|-supereffective|p1a: Wigglytuff\n|-damage|p1a: Wigglytuff|0 fnt\n|-unboost|p2a: Gholdengo|spa|1\n|faint|p1a: Wigglytuff\n|\n|upkeep\n|\n|t:|1782765753\n|switch|p1a: Tauros|Tauros-Paldea-Combat, L82, M|257/257\n|-activate|p1a: Tauros|move: Sticky Web\n|-unboost|p1a: Tauros|spe|1\n|-ability|p1a: Tauros|Intimidate|boost\n|-unboost|p2a: Gholdengo|atk|1\n|turn|14\n|inactive|coregen has 90 seconds left.\n|\n|t:|1782765773\n|switch|p1a: Rampardos|Rampardos, L90, M|321/321\n|-activate|p1a: Rampardos|move: Sticky Web\n|-unboost|p1a: Rampardos|spe|1\n|switch|p2a: Mightyena|Mightyena, L96, M|290/290\n|-activate|p2a: Mightyena|move: Sticky Web\n|-unboost|p2a: Mightyena|spe|1\n|-ability|p2a: Mightyena|Intimidate|boost\n|-unboost|p1a: Rampardos|atk|1\n|\n|upkeep\n|turn|15\n|inactive|coregen has 90 seconds left.\n|inactive|bakedblondies has 120 seconds left.\n|\n|t:|1782765805\n|move|p1a: Rampardos|Rock Slide|p2a: Mightyena\n|-damage|p2a: Mightyena|222/290\n|move|p2a: Mightyena|Crunch|p1a: Rampardos\n|-damage|p1a: Rampardos|134/321\n|\n|upkeep\n|turn|16\n|inactive|bakedblondies has 120 seconds left.\n|\n|t:|1782765812\n|move|p1a: Rampardos|Rock Slide|p2a: Mightyena\n|-damage|p2a: Mightyena|163/290\n|move|p2a: Mightyena|Crunch|p1a: Rampardos\n|-damage|p1a: Rampardos|0 fnt\n|faint|p1a: Rampardos\n|\n|-sideend|p2: coregen|move: Aurora Veil\n|upkeep\n|inactive|bakedblondies has 120 seconds left.\n|\n|t:|1782765820\n|switch|p1a: Tauros|Tauros-Paldea-Combat, L82, M|257/257\n|-activate|p1a: Tauros|move: Sticky Web\n|-unboost|p1a: Tauros|spe|1\n|-ability|p1a: Tauros|Intimidate|boost\n|-unboost|p2a: Mightyena|atk|1\n|turn|17\n|\n|t:|1782765828\n|move|p1a: Tauros|Throat Chop|p2a: Mightyena\n|-resisted|p2a: Mightyena\n|-damage|p2a: Mightyena|115/290\n|-start|p2a: Mightyena|Throat Chop|[silent]\n|move|p2a: Mightyena|Crunch|p1a: Tauros\n|-resisted|p1a: Tauros\n|-damage|p1a: Tauros|209/257\n|\n|upkeep\n|turn|18\n|\n|t:|1782765834\n|switch|p2a: Ariados|Ariados, L95, M|252/287\n|move|p1a: Tauros|Throat Chop|p2a: Ariados\n|-damage|p2a: Ariados|151/287\n|-start|p2a: Ariados|Throat Chop|[silent]\n|\n|upkeep\n|turn|19\n|\n|t:|1782765843\n|move|p1a: Tauros|Throat Chop|p2a: Ariados\n|-damage|p2a: Ariados|66/287\n|move|p2a: Ariados|Poison Jab|p1a: Tauros\n|-damage|p1a: Tauros|121/257\n|\n|-end|p2a: Ariados|Throat Chop|[silent]\n|upkeep\n|turn|20\n|\n|t:|1782765850\n|move|p2a: Ariados|Sucker Punch|p1a: Tauros\n|-resisted|p1a: Tauros\n|-damage|p1a: Tauros|95/257\n|move|p1a: Tauros|Throat Chop|p2a: Ariados\n|-damage|p2a: Ariados|0 fnt\n|faint|p2a: Ariados\n|\n|upkeep\n|\n|t:|1782765861\n|switch|p2a: Mightyena|Mightyena, L96, M|115/290\n|-activate|p2a: Mightyena|move: Sticky Web\n|-unboost|p2a: Mightyena|spe|1\n|-ability|p2a: Mightyena|Intimidate|boost\n|-unboost|p1a: Tauros|atk|1\n|turn|21\n|\n|t:|1782765868\n|move|p1a: Tauros|Throat Chop|p2a: Mightyena\n|-resisted|p2a: Mightyena\n|-damage|p2a: Mightyena|86/290\n|-start|p2a: Mightyena|Throat Chop|[silent]\n|move|p2a: Mightyena|Play Rough|p1a: Tauros|[miss]\n|-miss|p2a: Mightyena|p1a: Tauros\n|\n|upkeep\n|turn|22\n|\n|t:|1782765873\n|move|p1a: Tauros|Throat Chop|p2a: Mightyena\n|-resisted|p2a: Mightyena\n|-damage|p2a: Mightyena|55/290\n|move|p2a: Mightyena|Play Rough|p1a: Tauros\n|-supereffective|p1a: Tauros\n|-damage|p1a: Tauros|0 fnt\n|faint|p1a: Tauros\n|\n|-end|p2a: Mightyena|Throat Chop|[silent]\n|upkeep\n|\n|t:|1782765884\n|switch|p1a: Vikavolt|Vikavolt, L83, F|5/263\n|turn|23\n|\n|t:|1782765887\n|move|p2a: Mightyena|Play Rough|p1a: Vikavolt\n|-damage|p1a: Vikavolt|0 fnt\n|faint|p1a: Vikavolt\n|\n|upkeep\n|\n|t:|1782765891\n|switch|p1a: Urshifu|Urshifu, L74, F|270/270\n|-activate|p1a: Urshifu|move: Sticky Web\n|-unboost|p1a: Urshifu|spe|1\n|turn|24\n|\n|t:|1782765903\n|move|p2a: Mightyena|Play Rough|p1a: Urshifu\n|-supereffective|p1a: Urshifu\n|-damage|p1a: Urshifu|0 fnt\n|faint|p1a: Urshifu\n|\n|win|coregen\n|raw|bakedblondies's rating: 1233 &rarr; <strong>1206</strong><br />(-27 for losing)\n|raw|coregen's rating: 1212 &rarr; <strong>1239</strong><br />(+27 for winning)\n|l|\u2606bakedblondies\n|player|p1|\n", "inputlog": ">version f8ac14003a5f27e1bdc8d8c59608a773c1cb96e5\n>start {\"formatid\":\"gen9randombattle\",\"seed\":\"sodium,ef5ba486410f4fbed1c21cc8e8a963da\",\"rated\":\"Rated battle\"}\n>player p1 {\"name\":\"bakedblondies\",\"avatar\":\"shauntal\",\"rating\":1233,\"seed\":\"sodium,922ee4fade1f54577e1f30c4ded9448f\"}\n>player p2 {\"name\":\"coregen\",\"avatar\":\"gambler\",\"rating\":1212,\"seed\":\"sodium,9032c5c88683cb0f245652912c4a1490\"}\n>p1 move closecombat\n>p2 switch 5\n>p1 switch 3\n>p2 move stickyweb\n>p1 move sunnyday\n>p2 switch 2\n>p1 move flamethrower terastallize\n>p2 switch 3\n>p1 move flamethrower\n>p2 move earthquake\n>p1 move flamethrower\n>p2 move earthquake\n>p2 switch 2\n>p1 move flamethrower\n>p2 move suckerpunch\n>p1 switch 6\n>p1 move stickyweb\n>p2 switch 3\n>p1 move bugbuzz\n>p2 move auroraveil\n>p1 move bugbuzz\n>p2 move blizzard\n>p1 move voltswitch\n>p2 move blizzard\n>p1 switch 2\n>p1 move knockoff\n>p2 move blizzard\n>p2 switch 4\n>p1 move wish\n>p2 move makeitrain\n>p1 switch 3\n>p1 switch 5\n>p2 switch 5\n>p1 move rockslide\n>p2 move crunch\n>p1 move rockslide\n>p2 move crunch\n>p1 switch 5\n>p1 move throatchop\n>p2 move crunch\n>p1 move throatchop\n>p2 switch 3\n>p1 move throatchop\n>p2 move poisonjab\n>p1 move throatchop\n>p2 move suckerpunch\n>p2 switch 3\n>p1 move throatchop\n>p2 move playrough\n>p1 move throatchop\n>p2 move playrough\n>p1 switch 2\n>p1 move bugbuzz\n>p2 move playrough\n>p1 switch 4\n>p1 move wickedblow\n>p2 move playrough", "uploadtime": 1782765920, "views": 6, "formatid": "gen9randombattle", "rating": 1206, "private": 0, "password": null, "player_dets": [{"name": "bakedblondies", "avatar": "shauntal", "rating": 1233, "seed": "sodium,922ee4fade1f54577e1f30c4ded9448f"}, {"name": "coregen", "avatar": "gambler", "rating": 1212, "seed": "sodium,9032c5c88683cb0f245652912c4a1490"}], "teams_full": [{"Tauros": {"name": "Tauros", "species": "Tauros-Paldea-Combat", "speciesId": "taurospaldeacombat", "gender": "M", "shiny": false, "level": 82, "moves": ["ironhead", "closecombat", "stoneedge", "throatchop"], "ability": "Intimidate", "evs": {"hp": 85, "atk": 85, "def": 85, "spa": 85, "spd": 85, "spe": 85}, "ivs": {"hp": 31, "atk": 31, "def": 31, "spa": 31, "spd": 31, "spe": 31}, "item": "Choice Band", "teraType": "Fighting", "role": "Wallbreaker", "bvs": {"hp": 75, "atk": 110, "def": 105, "spa": 30, "spd": 70, "spe": 100}, "stats": {"hp": 257, "atk": 228, "def": 219, "spa": 96, "spd": 162, "spe": 211}, "types": ["Fighting"]}, "Wigglytuff": {"name": "Wigglytuff", "species": "Wigglytuff", "speciesId": "wigglytuff", "gender": "M", "shiny": false, "level": 96, "moves": ["protect", "dazzlinggleam", "wish", "knockoff"], "ability": "Competitive", "evs": {"hp": 85, "atk": 85, "def": 85, "spa": 85, "spd": 85, "spe": 85}, "ivs": {"hp": 31, "atk": 31, "def": 31, "spa": 31, "spd": 31, "spe": 31}, "item": "Leftovers", "teraType": "Poison", "role": "Bulky Support", "bvs": {"hp": 140, "atk": 70, "def": 45, "spa": 85, "spd": 50, "spe": 45}, "stats": {"hp": 424, "atk": 189, "def": 141, "spa": 218, "spd": 150, "spe": 141}, "types": ["Normal", "Fairy"]}, "Walking Wake": {"name": "Walking Wake", "species": "Walking Wake", "speciesId": "walkingwake", "gender": "N", "shiny": false, "level": 79, "moves": ["hydrosteam", "sunnyday", "flamethrower", "dracometeor"], "ability": "Protosynthesis", "evs": {"hp": 85, "atk": 0, "def": 85, "spa": 85, "spd": 85, "spe": 85}, "ivs": {"hp": 31, "atk": 0, "def": 31, "spa": 31, "spd": 31, "spe": 31}, "item": "Life Orb", "teraType": "Fire", "role": "Fast Attacker", "bvs": {"hp": 99, "atk": 83, "def": 91, "spa": 125, "spd": 83, "spe": 109}, "stats": {"hp": 286, "atk": 136, "def": 189, "spa": 243, "spd": 177, "spe": 218}, "types": ["Water", "Dragon"]}, "Urshifu": {"name": "Urshifu", "species": "Urshifu", "speciesId": "urshifu", "gender": "F", "shiny": false, "level": 74, "moves": ["poisonjab", "closecombat", "wickedblow", "uturn"], "ability": "Unseen Fist", "evs": {"hp": 85, "atk": 85, "def": 85, "spa": 85, "spd": 85, "spe": 85}, "ivs": {"hp": 31, "atk": 31, "def": 31, "spa": 31, "spd": 31, "spe": 31}, "item": "Choice Band", "teraType": "Poison", "role": "Fast Attacker", "bvs": {"hp": 100, "atk": 130, "def": 100, "spa": 63, "spd": 60, "spe": 97}, "stats": {"hp": 270, "atk": 235, "def": 191, "spa": 136, "spd": 132, "spe": 187}, "types": ["Fighting", "Dark"]}, "Rampardos": {"name": "Rampardos", "species": "Rampardos", "speciesId": "rampardos", "gender": "M", "shiny": false, "level": 90, "moves": ["earthquake", "rockslide", "firepunch", "headsmash"], "ability": "Sheer Force", "evs": {"hp": 85, "atk": 85, "def": 85, "spa": 85, "spd": 85, "spe": 85}, "ivs": {"hp": 31, "atk": 31, "def": 31, "spa": 31, "spd": 31, "spe": 31}, "item": "Choice Scarf", "teraType": "Rock", "role": "Fast Attacker", "bvs": {"hp": 97, "atk": 165, "def": 60, "spa": 65, "spd": 50, "spe": 58}, "stats": {"hp": 321, "atk": 348, "def": 159, "spa": 168, "spd": 141, "spe": 156}, "types": ["Rock"]}, "Vikavolt": {"name": "Vikavolt", "species": "Vikavolt", "speciesId": "vikavolt", "gender": "F", "shiny": false, "level": 83, "moves": ["bugbuzz", "stickyweb", "voltswitch", "thunderbolt"], "ability": "Levitate", "evs": {"hp": 85, "atk": 0, "def": 85, "spa": 85, "spd": 85, "spe": 85}, "ivs": {"hp": 31, "atk": 0, "def": 31, "spa": 31, "spd": 31, "spe": 31}, "item": "Heavy-Duty Boots", "teraType": "Electric", "role": "Bulky Support", "bvs": {"hp": 77, "atk": 70, "def": 90, "spa": 145, "spd": 75, "spe": 43}, "stats": {"hp": 263, "atk": 121, "def": 197, "spa": 288, "spd": 172, "spe": 119}, "types": ["Bug", "Electric"]}}, {"Mightyena": {"name": "Mightyena", "species": "Mightyena", "speciesId": "mightyena", "gender": "M", "shiny": false, "level": 96, "moves": ["suckerpunch", "playrough", "crunch", "poisonfang"], "ability": "Intimidate", "evs": {"hp": 85, "atk": 85, "def": 85, "spa": 85, "spd": 85, "spe": 85}, "ivs": {"hp": 31, "atk": 31, "def": 31, "spa": 31, "spd": 31, "spe": 31}, "item": "Choice Band", "teraType": "Poison", "role": "Bulky Attacker", "bvs": {"hp": 70, "atk": 90, "def": 70, "spa": 60, "spd": 60, "spe": 70}, "stats": {"hp": 290, "atk": 227, "def": 189, "spa": 170, "spd": 170, "spe": 189}, "types": ["Dark"]}, "Abomasnow": {"name": "Abomasnow", "species": "Abomasnow", "speciesId": "abomasnow", "gender": "M", "shiny": false, "level": 84, "moves": ["blizzard", "earthquake", "woodhammer", "auroraveil"], "ability": "Snow Warning", "evs": {"hp": 77, "atk": 85, "def": 85, "spa": 85, "spd": 85, "spe": 85}, "ivs": {"hp": 31, "atk": 31, "def": 31, "spa": 31, "spd": 31, "spe": 31}, "item": "Light Clay", "teraType": "Ghost", "role": "Bulky Support", "bvs": {"hp": 90, "atk": 92, "def": 75, "spa": 92, "spd": 85, "spe": 60}, "stats": {"hp": 287, "atk": 203, "def": 174, "spa": 203, "spd": 191, "spe": 149}, "types": ["Grass", "Ice"]}, "Quagsire": {"name": "Quagsire", "species": "Quagsire", "speciesId": "quagsire", "gender": "F", "shiny": false, "level": 84, "moves": ["earthquake", "toxic", "recover", "spikes"], "ability": "Unaware", "evs": {"hp": 85, "atk": 85, "def": 85, "spa": 85, "spd": 85, "spe": 85}, "ivs": {"hp": 31, "atk": 31, "def": 31, "spa": 31, "spd": 31, "spe": 31}, "item": "Leftovers", "teraType": "Poison", "role": "Bulky Support", "bvs": {"hp": 95, "atk": 85, "def": 85, "spa": 65, "spd": 65, "spe": 35}, "stats": {"hp": 297, "atk": 191, "def": 191, "spa": 157, "spd": 157, "spe": 107}, "types": ["Water", "Ground"]}, "Gholdengo": {"name": "Gholdengo", "species": "Gholdengo", "speciesId": "gholdengo", "gender": "N", "shiny": false, "level": 77, "moves": ["makeitrain", "shadowball", "focusblast", "nastyplot"], "ability": "Good as Gold", "evs": {"hp": 85, "atk": 0, "def": 85, "spa": 85, "spd": 85, "spe": 85}, "ivs": {"hp": 31, "atk": 0, "def": 31, "spa": 31, "spd": 31, "spe": 31}, "item": "Leftovers", "teraType": "Ghost", "role": "Bulky Attacker", "bvs": {"hp": 87, "atk": 60, "def": 95, "spa": 133, "spd": 91, "spe": 84}, "stats": {"hp": 261, "atk": 97, "def": 191, "spa": 249, "spd": 185, "spe": 174}, "types": ["Steel", "Ghost"]}, "Ariados": {"name": "Ariados", "species": "Ariados", "speciesId": "ariados", "gender": "M", "shiny": false, "level": 95, "moves": ["poisonjab", "megahorn", "stickyweb", "suckerpunch"], "ability": "Insomnia", "evs": {"hp": 85, "atk": 85, "def": 85, "spa": 85, "spd": 85, "spe": 85}, "ivs": {"hp": 31, "atk": 31, "def": 31, "spa": 31, "spd": 31, "spe": 31}, "item": "Heavy-Duty Boots", "teraType": "Ghost", "role": "Fast Support", "bvs": {"hp": 70, "atk": 90, "def": 70, "spa": 60, "spd": 70, "spe": 40}, "stats": {"hp": 287, "atk": 225, "def": 187, "spa": 168, "spd": 187, "spe": 130}, "types": ["Bug", "Poison"]}, "Basculegion": {"name": "Basculegion", "species": "Basculegion-F", "speciesId": "basculegionf", "gender": "F", "shiny": false, "level": 83, "moves": ["flipturn", "shadowball", "hydropump", "icebeam"], "ability": "Adaptability", "evs": {"hp": 85, "atk": 85, "def": 85, "spa": 85, "spd": 85, "spe": 85}, "ivs": {"hp": 31, "atk": 31, "def": 31, "spa": 31, "spd": 31, "spe": 31}, "item": "Choice Specs", "teraType": "Water", "role": "Wallbreaker", "bvs": {"hp": 120, "atk": 92, "def": 65, "spa": 100, "spd": 75, "spe": 78}, "stats": {"hp": 335, "atk": 200, "def": 156, "spa": 214, "spd": 172, "spe": 177}, "types": ["Water", "Ghost"]}}]}