{"id": "gen9randombattle-2641745810", "format": "[Gen 9] Random Battle", "players": ["Smucky", "Dastan14"], "log": "|j|\u2606Smucky\n|j|\u2606Dastan14\n|t:|1782836943\n|gametype|singles\n|player|p1|Smucky|cynthia-gen7|2215\n|player|p2|Dastan14|266|2229\n|gen|9\n|tier|[Gen 9] Random Battle\n|rated|\n|rule|Species Clause: Limit one of each Pok\u00e9mon\n|rule|HP Percentage Mod: HP is shown in percentages\n|rule|Sleep Clause Mod: Limit one foe put to sleep\n|rule|Illusion Level Mod: Illusion disguises the Pok\u00e9mon's true level\n|\n|t:|1782836943\n|teamsize|p1|6\n|teamsize|p2|6\n|start\n|switch|p1a: Indeedee|Indeedee-F, L90, F|272/272\n|switch|p2a: Bruxish|Bruxish, L85, M|254/254\n|-fieldstart|move: Psychic Terrain|[from] ability: Psychic Surge|[of] p1a: Indeedee\n|turn|1\n|\n|t:|1782836959\n|move|p2a: Bruxish|Crunch|p1a: Indeedee\n|-supereffective|p1a: Indeedee\n|-damage|p1a: Indeedee|0 fnt\n|faint|p1a: Indeedee\n|\n|upkeep\n|\n|t:|1782836967\n|switch|p1a: Greninja|Greninja, L80, M|246/246\n|turn|2\n|\n|t:|1782836982\n|switch|p2a: Mienshao|Mienshao, L83, M|243/243\n|move|p1a: Greninja|Gunk Shot|p2a: Mienshao\n|-damage|p2a: Mienshao|107/243\n|-damage|p1a: Greninja|222/246|[from] item: Life Orb\n|\n|upkeep\n|turn|3\n|\n|t:|1782837010\n|switch|p2a: Groudon|Groudon, L72|263/263\n|-weather|SunnyDay|[from] ability: Drought|[of] p2a: Groudon\n|move|p1a: Greninja|Gunk Shot|p2a: Groudon\n|-resisted|p2a: Groudon\n|-damage|p2a: Groudon|220/263\n|-damage|p1a: Greninja|198/246|[from] item: Life Orb\n|\n|-weather|SunnyDay|[upkeep]\n|-heal|p2a: Groudon|236/263|[from] item: Leftovers\n|upkeep\n|turn|4\n|\n|t:|1782837023\n|switch|p1a: Farigiraf|Farigiraf, L90, M|362/362\n|move|p2a: Groudon|Spikes|p1a: Farigiraf\n|-sidestart|p1: Smucky|Spikes\n|\n|-weather|SunnyDay|[upkeep]\n|-heal|p2a: Groudon|252/263|[from] item: Leftovers\n|upkeep\n|turn|5\n|\n|t:|1782837032\n|move|p2a: Groudon|Spikes|p1a: Farigiraf\n|-sidestart|p1: Smucky|Spikes\n|move|p1a: Farigiraf|Psychic Noise|p2a: Groudon\n|-damage|p2a: Groudon|107/263\n|-start|p2a: Groudon|move: Heal Block\n|\n|-weather|SunnyDay|[upkeep]\n|-fieldend|move: Psychic Terrain\n|upkeep\n|turn|6\n|\n|t:|1782837042\n|move|p2a: Groudon|Spikes|p1a: Farigiraf\n|-sidestart|p1: Smucky|Spikes\n|move|p1a: Farigiraf|Psychic Noise|p2a: Groudon\n|-damage|p2a: Groudon|0 fnt\n|faint|p2a: Groudon\n|\n|-weather|SunnyDay|[upkeep]\n|upkeep\n|\n|t:|1782837056\n|switch|p2a: Bruxish|Bruxish, L85, M|254/254\n|turn|7\n|\n|t:|1782837061\n|move|p1a: Farigiraf|Protect|p1a: Farigiraf\n|-singleturn|p1a: Farigiraf|Protect\n|move|p2a: Bruxish|Crunch|p1a: Farigiraf\n|-activate|p1a: Farigiraf|move: Protect\n|\n|-weather|none\n|upkeep\n|turn|8\n|\n|t:|1782837077\n|move|p2a: Bruxish|Crunch|p1a: Farigiraf\n|-supereffective|p1a: Farigiraf\n|-damage|p1a: Farigiraf|62/362\n|move|p1a: Farigiraf|Body Slam|p2a: Bruxish\n|-damage|p2a: Bruxish|137/254\n|\n|-heal|p1a: Farigiraf|84/362|[from] item: Leftovers\n|upkeep\n|turn|9\n|\n|t:|1782837088\n|move|p2a: Bruxish|Crunch|p1a: Farigiraf\n|-supereffective|p1a: Farigiraf\n|-damage|p1a: Farigiraf|0 fnt\n|faint|p1a: Farigiraf\n|\n|upkeep\n|\n|t:|1782837100\n|switch|p1a: Greninja|Greninja, L80, M|198/246\n|-damage|p1a: Greninja|137/246|[from] Spikes\n|turn|10\n|\n|t:|1782837113\n|switch|p2a: Falinks|Falinks, L84|246/246\n|move|p1a: Greninja|Dark Pulse|p2a: Falinks\n|-resisted|p2a: Falinks\n|-damage|p2a: Falinks|173/246\n|-damage|p1a: Greninja|113/246|[from] item: Life Orb\n|\n|upkeep\n|turn|11\n|\n|t:|1782837122\n|move|p1a: Greninja|Hydro Pump|p2a: Falinks|[miss]\n|-miss|p1a: Greninja|p2a: Falinks\n|move|p2a: Falinks|No Retreat|p2a: Falinks\n|-boost|p2a: Falinks|atk|1\n|-boost|p2a: Falinks|def|1\n|-boost|p2a: Falinks|spa|1\n|-boost|p2a: Falinks|spd|1\n|-boost|p2a: Falinks|spe|1\n|-start|p2a: Falinks|move: No Retreat\n|\n|upkeep\n|turn|12\n|\n|t:|1782837130\n|move|p2a: Falinks|Close Combat|p1a: Greninja\n|-supereffective|p1a: Greninja\n|-damage|p1a: Greninja|0 fnt\n|-unboost|p2a: Falinks|def|1\n|-unboost|p2a: Falinks|spd|1\n|faint|p1a: Greninja\n|-damage|p2a: Falinks|149/246|[from] item: Life Orb\n|\n|upkeep\n|\n|t:|1782837132\n|switch|p1a: Vikavolt|Vikavolt, L83, F|263/263\n|turn|13\n|\n|t:|1782837141\n|move|p2a: Falinks|Knock Off|p1a: Vikavolt\n|-damage|p1a: Vikavolt|137/263\n|-enditem|p1a: Vikavolt|Heavy-Duty Boots|[from] move: Knock Off|[of] p2a: Falinks\n|-damage|p2a: Falinks|125/246|[from] item: Life Orb\n|move|p1a: Vikavolt|Sticky Web|p2a: Falinks\n|-sidestart|p2: Dastan14|move: Sticky Web\n|\n|upkeep\n|turn|14\n|\n|t:|1782837150\n|move|p2a: Falinks|Close Combat|p1a: Vikavolt\n|-resisted|p1a: Vikavolt\n|-damage|p1a: Vikavolt|1/263\n|-unboost|p2a: Falinks|def|1\n|-unboost|p2a: Falinks|spd|1\n|-damage|p2a: Falinks|101/246|[from] item: Life Orb\n|move|p1a: Vikavolt|Thunderbolt|p2a: Falinks\n|-damage|p2a: Falinks|0 fnt\n|faint|p2a: Falinks\n|\n|upkeep\n|\n|t:|1782837170\n|switch|p2a: Zangoose|Zangoose, L85, M|263/263\n|-activate|p2a: Zangoose|move: Sticky Web\n|-unboost|p2a: Zangoose|spe|1\n|turn|15\n|\n|t:|1782837177\n|move|p2a: Zangoose|Knock Off|p1a: Vikavolt\n|-damage|p1a: Vikavolt|0 fnt\n|faint|p1a: Vikavolt\n|\n|-status|p2a: Zangoose|tox|[from] item: Toxic Orb\n|upkeep\n|\n|t:|1782837185\n|switch|p1a: Tentacruel|Tentacruel, L84, F|272/272\n|-damage|p1a: Tentacruel|204/272|[from] Spikes\n|turn|16\n|\n|t:|1782837192\n|move|p1a: Tentacruel|Surf|p2a: Zangoose\n|-damage|p2a: Zangoose|164/263 tox\n|move|p2a: Zangoose|Facade|p1a: Tentacruel\n|-damage|p1a: Tentacruel|0 fnt\n|faint|p1a: Tentacruel\n|\n|-damage|p2a: Zangoose|148/263 tox|[from] psn\n|upkeep\n|\n|t:|1782837194\n|switch|p1a: Excadrill|Excadrill, L79, F|303/303\n|-damage|p1a: Excadrill|228/303|[from] Spikes\n|-ability|p1a: Excadrill|Mold Breaker\n|turn|17\n|\n|t:|1782837210\n|move|p1a: Excadrill|Earthquake|p2a: Zangoose\n|-damage|p2a: Zangoose|0 fnt\n|faint|p2a: Zangoose\n|\n|-heal|p1a: Excadrill|246/303|[from] item: Leftovers\n|upkeep\n|\n|t:|1782837217\n|switch|p2a: Tornadus|Tornadus, L82, M|264/264\n|turn|18\n|\n|t:|1782837225\n|-terastallize|p1a: Excadrill|Water\n|move|p2a: Tornadus|Heat Wave|p1a: Excadrill\n|-resisted|p1a: Excadrill\n|-damage|p1a: Excadrill|195/303\n|move|p1a: Excadrill|Rapid Spin|p2a: Tornadus\n|-damage|p2a: Tornadus|212/264\n|-boost|p1a: Excadrill|spe|1\n|-sideend|p1: Smucky|Spikes|[from] move: Rapid Spin|[of] p1a: Excadrill\n|\n|-heal|p1a: Excadrill|213/303|[from] item: Leftovers\n|upkeep\n|turn|19\n|\n|t:|1782837240\n|move|p1a: Excadrill|Iron Head|p2a: Tornadus\n|-damage|p2a: Tornadus|101/264\n|move|p2a: Tornadus|Bleakwind Storm|p1a: Excadrill\n|-damage|p1a: Excadrill|57/303\n|\n|-heal|p1a: Excadrill|75/303|[from] item: Leftovers\n|upkeep\n|turn|20\n|\n|t:|1782837252\n|switch|p2a: Mienshao|Mienshao, L83, M|107/243\n|-activate|p2a: Mienshao|move: Sticky Web\n|-unboost|p2a: Mienshao|spe|1\n|move|p1a: Excadrill|Iron Head|p2a: Mienshao\n|-damage|p2a: Mienshao|0 fnt\n|faint|p2a: Mienshao\n|\n|-heal|p1a: Excadrill|93/303|[from] item: Leftovers\n|upkeep\n|\n|t:|1782837272\n|switch|p2a: Bruxish|Bruxish, L85, M|137/254\n|-activate|p2a: Bruxish|move: Sticky Web\n|-unboost|p2a: Bruxish|spe|1\n|turn|21\n|-message|Dastan14 forfeited.\n|\n|win|Smucky\n|raw|Smucky's rating: 2215 &rarr; <strong>2236</strong><br />(+21 for winning)\n|raw|Dastan14's rating: 2229 &rarr; <strong>2208</strong><br />(-21 for losing)\n", "inputlog": ">version f8ac14003a5f27e1bdc8d8c59608a773c1cb96e5\n>start {\"formatid\":\"gen9randombattle\",\"seed\":\"sodium,f8958998f6aa1092dc3ada71ff1d79f9\",\"rated\":\"Rated battle\"}\n>player p1 {\"name\":\"Smucky\",\"avatar\":\"cynthia-gen7\",\"rating\":2215,\"seed\":\"sodium,fb94826b2f4125bfd819f7771abbad99\"}\n>player p2 {\"name\":\"Dastan14\",\"avatar\":\"266\",\"rating\":2229,\"seed\":\"sodium,6c0b4920bad78a19d5bcb01784168a95\"}\n>p1 move shadowball\n>p2 move crunch\n>p1 switch 4\n>p1 move gunkshot\n>p2 switch 5\n>p1 move gunkshot\n>p2 switch 6\n>p1 switch 2\n>p2 move spikes\n>p1 move psychicnoise\n>p2 move spikes\n>p1 move psychicnoise\n>p2 move spikes\n>p2 switch 5\n>p1 move protect\n>p2 move crunch\n>p1 move bodyslam\n>p2 move crunch\n>p1 move bodyslam\n>p2 move crunch\n>p1 switch 2\n>p1 move darkpulse\n>p2 switch 3\n>p1 move hydropump\n>p2 move noretreat\n>p1 move hydropump\n>p2 move closecombat\n>p1 switch 5\n>p1 move stickyweb\n>p2 move knockoff\n>p1 move thunderbolt\n>p2 move closecombat\n>p2 switch 2\n>p1 move thunderbolt\n>p2 move knockoff\n>p1 switch 6\n>p1 move surf\n>p2 move facade\n>p1 switch 3\n>p1 move earthquake\n>p2 move closecombat\n>p2 switch 4\n>p1 move rapidspin terastallize\n>p2 move heatwave\n>p1 move ironhead\n>p2 move bleakwindstorm\n>p1 move ironhead\n>p2 switch 6\n>p2 switch 3\n>forcelose p2", "uploadtime": 1782836946, "views": 12, "formatid": "gen9randombattle", "rating": 2208, "private": 0, "password": null, "player_dets": [{"name": "Smucky", "avatar": "cynthia-gen7", "rating": 2215, "seed": "sodium,fb94826b2f4125bfd819f7771abbad99"}, {"name": "Dastan14", "avatar": "266", "rating": 2229, "seed": "sodium,6c0b4920bad78a19d5bcb01784168a95"}], "teams_full": [{"Indeedee": {"name": "Indeedee", "species": "Indeedee-F", "speciesId": "indeedeef", "gender": "F", "shiny": false, "level": 90, "moves": ["psychic", "hypervoice", "dazzlinggleam", "shadowball"], "ability": "Psychic Surge", "evs": {"hp": 85, "atk": 0, "def": 85, "spa": 85, "spd": 85, "spe": 85}, "ivs": {"hp": 31, "atk": 0, "def": 31, "spa": 31, "spd": 31, "spe": 31}, "item": "Choice Specs", "teraType": "Fairy", "role": "Fast Attacker", "bvs": {"hp": 70, "atk": 55, "def": 65, "spa": 95, "spd": 105, "spe": 85}, "stats": {"hp": 272, "atk": 104, "def": 168, "spa": 222, "spd": 240, "spe": 204}, "types": ["Psychic", "Normal"]}, "Farigiraf": {"name": "Farigiraf", "species": "Farigiraf", "speciesId": "farigiraf", "gender": "M", "shiny": false, "level": 90, "moves": ["bodyslam", "psychicnoise", "protect", "wish"], "ability": "Sap Sipper", "evs": {"hp": 85, "atk": 85, "def": 85, "spa": 85, "spd": 85, "spe": 85}, "ivs": {"hp": 31, "atk": 31, "def": 31, "spa": 31, "spd": 31, "spe": 31}, "item": "Leftovers", "teraType": "Water", "role": "Bulky Support", "bvs": {"hp": 120, "atk": 90, "def": 70, "spa": 110, "spd": 70, "spe": 60}, "stats": {"hp": 362, "atk": 213, "def": 177, "spa": 249, "spd": 177, "spe": 159}, "types": ["Normal", "Psychic"]}, "Excadrill": {"name": "Excadrill", "species": "Excadrill", "speciesId": "excadrill", "gender": "F", "shiny": false, "level": 79, "moves": ["ironhead", "swordsdance", "rapidspin", "earthquake"], "ability": "Mold Breaker", "evs": {"hp": 85, "atk": 85, "def": 85, "spa": 85, "spd": 85, "spe": 85}, "ivs": {"hp": 31, "atk": 31, "def": 31, "spa": 31, "spd": 31, "spe": 31}, "item": "Leftovers", "teraType": "Water", "role": "Bulky Setup", "bvs": {"hp": 110, "atk": 135, "def": 60, "spa": 50, "spd": 65, "spe": 88}, "stats": {"hp": 303, "atk": 259, "def": 140, "spa": 125, "spd": 148, "spe": 185}, "types": ["Ground", "Steel"]}, "Greninja": {"name": "Greninja", "species": "Greninja-Bond", "speciesId": "greninjabond", "gender": "M", "shiny": false, "level": 80, "moves": ["icebeam", "darkpulse", "gunkshot", "hydropump"], "ability": "Battle Bond", "evs": {"hp": 85, "atk": 85, "def": 85, "spa": 85, "spd": 85, "spe": 85}, "ivs": {"hp": 31, "atk": 31, "def": 31, "spa": 31, "spd": 31, "spe": 31}, "item": "Life Orb", "teraType": "Poison", "role": "Fast Attacker", "bvs": {"hp": 72, "atk": 95, "def": 67, "spa": 103, "spd": 71, "spe": 122}, "stats": {"hp": 246, "atk": 198, "def": 153, "spa": 211, "spd": 160, "spe": 241}, "types": ["Water", "Dark"]}, "Vikavolt": {"name": "Vikavolt", "species": "Vikavolt", "speciesId": "vikavolt", "gender": "F", "shiny": false, "level": 83, "moves": ["thunderbolt", "energyball", "stickyweb", "bugbuzz"], "ability": "Levitate", "evs": {"hp": 85, "atk": 0, "def": 85, "spa": 85, "spd": 85, "spe": 85}, "ivs": {"hp": 31, "atk": 0, "def": 31, "spa": 31, "spd": 31, "spe": 31}, "item": "Heavy-Duty Boots", "teraType": "Electric", "role": "Bulky Support", "bvs": {"hp": 77, "atk": 70, "def": 90, "spa": 145, "spd": 75, "spe": 43}, "stats": {"hp": 263, "atk": 121, "def": 197, "spa": 288, "spd": 172, "spe": 119}, "types": ["Bug", "Electric"]}, "Tentacruel": {"name": "Tentacruel", "species": "Tentacruel", "speciesId": "tentacruel", "gender": "F", "shiny": false, "level": 84, "moves": ["sludgebomb", "surf", "knockoff", "flipturn"], "ability": "Liquid Ooze", "evs": {"hp": 85, "atk": 85, "def": 85, "spa": 85, "spd": 85, "spe": 85}, "ivs": {"hp": 31, "atk": 31, "def": 31, "spa": 31, "spd": 31, "spe": 31}, "item": "Assault Vest", "teraType": "Flying", "role": "Bulky Support", "bvs": {"hp": 80, "atk": 70, "def": 65, "spa": 80, "spd": 120, "spe": 100}, "stats": {"hp": 272, "atk": 166, "def": 157, "spa": 183, "spd": 250, "spe": 216}, "types": ["Water", "Poison"]}}, {"Bruxish": {"name": "Bruxish", "species": "Bruxish", "speciesId": "bruxish", "gender": "M", "shiny": false, "level": 85, "moves": ["crunch", "wavecrash", "psychicfangs", "aquajet"], "ability": "Strong Jaw", "evs": {"hp": 85, "atk": 85, "def": 85, "spa": 85, "spd": 85, "spe": 85}, "ivs": {"hp": 31, "atk": 31, "def": 31, "spa": 31, "spd": 31, "spe": 31}, "item": "Choice Band", "teraType": "Dark", "role": "Fast Attacker", "bvs": {"hp": 68, "atk": 105, "def": 70, "spa": 70, "spd": 70, "spe": 92}, "stats": {"hp": 254, "atk": 227, "def": 168, "spa": 168, "spd": 168, "spe": 205}, "types": ["Water", "Psychic"]}, "Zangoose": {"name": "Zangoose", "species": "Zangoose", "speciesId": "zangoose", "gender": "M", "shiny": false, "level": 85, "moves": ["closecombat", "knockoff", "facade", "swordsdance"], "ability": "Toxic Boost", "evs": {"hp": 85, "atk": 85, "def": 85, "spa": 85, "spd": 85, "spe": 85}, "ivs": {"hp": 31, "atk": 31, "def": 31, "spa": 31, "spd": 31, "spe": 31}, "item": "Toxic Orb", "teraType": "Normal", "role": "Fast Attacker", "bvs": {"hp": 73, "atk": 115, "def": 60, "spa": 60, "spd": 60, "spe": 90}, "stats": {"hp": 263, "atk": 244, "def": 151, "spa": 151, "spd": 151, "spe": 202}, "types": ["Normal"]}, "Falinks": {"name": "Falinks", "species": "Falinks", "speciesId": "falinks", "gender": "N", "shiny": false, "level": 84, "moves": ["closecombat", "knockoff", "noretreat", "ironhead"], "ability": "Defiant", "evs": {"hp": 85, "atk": 85, "def": 85, "spa": 85, "spd": 85, "spe": 85}, "ivs": {"hp": 31, "atk": 31, "def": 31, "spa": 31, "spd": 31, "spe": 31}, "item": "Life Orb", "teraType": "Steel", "role": "Setup Sweeper", "bvs": {"hp": 65, "atk": 100, "def": 100, "spa": 70, "spd": 60, "spe": 75}, "stats": {"hp": 246, "atk": 216, "def": 216, "spa": 166, "spd": 149, "spe": 174}, "types": ["Fighting"]}, "Tornadus": {"name": "Tornadus", "species": "Tornadus", "speciesId": "tornadus", "gender": "M", "shiny": false, "level": 82, "moves": ["bleakwindstorm", "grassknot", "nastyplot", "heatwave"], "ability": "Prankster", "evs": {"hp": 85, "atk": 0, "def": 85, "spa": 85, "spd": 85, "spe": 85}, "ivs": {"hp": 31, "atk": 0, "def": 31, "spa": 31, "spd": 31, "spe": 31}, "item": "Heavy-Duty Boots", "teraType": "Flying", "role": "Fast Attacker", "bvs": {"hp": 79, "atk": 115, "def": 70, "spa": 125, "spd": 80, "spe": 111}, "stats": {"hp": 264, "atk": 193, "def": 162, "spa": 252, "spd": 178, "spe": 229}, "types": ["Flying"]}, "Mienshao": {"name": "Mienshao", "species": "Mienshao", "speciesId": "mienshao", "gender": "M", "shiny": false, "level": 83, "moves": ["knockoff", "stoneedge", "poisonjab", "highjumpkick"], "ability": "Reckless", "evs": {"hp": 81, "atk": 85, "def": 85, "spa": 85, "spd": 85, "spe": 85}, "ivs": {"hp": 31, "atk": 31, "def": 31, "spa": 31, "spd": 31, "spe": 31}, "item": "Choice Band", "teraType": "Fighting", "role": "Wallbreaker", "bvs": {"hp": 65, "atk": 125, "def": 60, "spa": 95, "spd": 60, "spe": 105}, "stats": {"hp": 243, "atk": 255, "def": 147, "spa": 205, "spd": 147, "spe": 222}, "types": ["Fighting"]}, "Groudon": {"name": "Groudon", "species": "Groudon", "speciesId": "groudon", "gender": "N", "shiny": false, "level": 72, "moves": ["roar", "heatcrash", "spikes", "precipiceblades"], "ability": "Drought", "evs": {"hp": 85, "atk": 85, "def": 85, "spa": 85, "spd": 85, "spe": 85}, "ivs": {"hp": 31, "atk": 31, "def": 31, "spa": 31, "spd": 31, "spe": 31}, "item": "Leftovers", "teraType": "Fire", "role": "Bulky Attacker", "bvs": {"hp": 100, "atk": 150, "def": 140, "spa": 100, "spd": 90, "spe": 90}, "stats": {"hp": 263, "atk": 258, "def": 244, "spa": 186, "spd": 172, "spe": 172}, "types": ["Ground"]}}]}