{"id": "gen9randombattle-2641547892", "format": "[Gen 9] Random Battle", "players": ["MichaelderBeste2", "lord ambatukaam"], "log": "|badge|p1|silver|gen9randombattle|30-9\n|html|<div class=\"broadcast-red\"><strong>This battle is required to be public due to one or more player having a season medal.</strong><br />During the public phase, you can discuss the state of the ladder <a href=\"/seasondiscussion\">in a special chatroom.</a></div>\n|uhtml|medal-msg|<div class=\"broadcast-blue\">Curious what those medals under the avatar are? PS now has Ladder Seasons! For more information, check out the <a href=\"https://www.smogon.com/forums/threads/3740067/\">thread on Smogon.</a></div>\n|j|\u2606MichaelderBeste2\n|j|\u2606lord ambatukaam\n|t:|1782805469\n|gametype|singles\n|player|p1|MichaelderBeste2|#wcop2026germany|2395\n|player|p2|lord ambatukaam|li|2197\n|gen|9\n|tier|[Gen 9] Random Battle\n|rated|\n|rule|Species Clause: Limit one of each Pok\u00e9mon\n|rule|HP Percentage Mod: HP is shown in percentages\n|rule|Sleep Clause Mod: Limit one foe put to sleep\n|rule|Illusion Level Mod: Illusion disguises the Pok\u00e9mon's true level\n|\n|t:|1782805469\n|teamsize|p1|6\n|teamsize|p2|6\n|start\n|switch|p1a: Krookodile|Krookodile, L79, M|280/280\n|switch|p2a: Sudowoodo|Sudowoodo, L94, F|284/284\n|-ability|p1a: Krookodile|Intimidate|boost\n|-unboost|p2a: Sudowoodo|atk|1\n|turn|1\n|inactive|Battle timer is ON: inactive players will automatically lose when time's up. (requested by lord ambatukaam)\n|c|\u2606lord ambatukaam|big fan boss\n|inactive|MichaelderBeste2 has 120 seconds left.\n|\n|t:|1782805520\n|switch|p2a: Vaporeon|Vaporeon, L86, F|364/364\n|move|p1a: Krookodile|Earthquake|p2a: Vaporeon\n|-damage|p2a: Vaporeon|213/364\n|\n|-heal|p2a: Vaporeon|235/364|[from] item: Leftovers\n|upkeep\n|turn|2\n|\n|t:|1782805527\n|move|p1a: Krookodile|Knock Off|p2a: Vaporeon\n|-damage|p2a: Vaporeon|100/364\n|-enditem|p2a: Vaporeon|Leftovers|[from] move: Knock Off|[of] p1a: Krookodile\n|move|p2a: Vaporeon|Scald|p1a: Krookodile\n|-supereffective|p1a: Krookodile\n|-damage|p1a: Krookodile|40/280\n|\n|-heal|p1a: Krookodile|57/280|[from] item: Leftovers\n|upkeep\n|turn|3\n|\n|t:|1782805544\n|switch|p2a: Venomoth|Venomoth, L84, M|255/255\n|move|p1a: Krookodile|Earthquake|p2a: Venomoth\n|-damage|p2a: Venomoth|123/255\n|\n|-heal|p1a: Krookodile|74/280|[from] item: Leftovers\n|upkeep\n|turn|4\n|\n|t:|1782805554\n|switch|p1a: Iron Moth|Iron Moth, L78|253/253\n|move|p2a: Venomoth|Sludge Wave|p1a: Iron Moth\n|-resisted|p1a: Iron Moth\n|-damage|p1a: Iron Moth|165/253\n|\n|upkeep\n|turn|5\n|\n|t:|1782805561\n|switch|p2a: Sudowoodo|Sudowoodo, L94, F|284/284\n|move|p1a: Iron Moth|Energy Ball|p2a: Sudowoodo\n|-supereffective|p2a: Sudowoodo\n|-damage|p2a: Sudowoodo|122/284\n|\n|-heal|p2a: Sudowoodo|139/284|[from] item: Leftovers\n|upkeep\n|turn|6\n|\n|t:|1782805574\n|switch|p2a: Vaporeon|Vaporeon, L86, F|100/364\n|move|p1a: Iron Moth|Energy Ball|p2a: Vaporeon\n|-supereffective|p2a: Vaporeon\n|-damage|p2a: Vaporeon|0 fnt\n|faint|p2a: Vaporeon\n|\n|upkeep\n|\n|t:|1782805580\n|switch|p2a: Meowstic|Meowstic, L89, M|277/277\n|turn|7\n|\n|t:|1782805586\n|-end|p1a: Iron Moth|Quark Drive|[silent]\n|switch|p1a: Tsareena|Tsareena, L87, F|267/267\n|move|p2a: Meowstic|Reflect|p2a: Meowstic\n|-sidestart|p2: lord ambatukaam|Reflect\n|\n|upkeep\n|turn|8\n|\n|t:|1782805590\n|switch|p2a: Venomoth|Venomoth, L84, M|123/255\n|move|p1a: Tsareena|U-turn|p2a: Venomoth\n|-resisted|p2a: Venomoth\n|-damage|p2a: Venomoth|102/255\n|\n|t:|1782805594\n|switch|p1a: Iron Moth|Iron Moth, L78|165/253|[from] U-turn\n|\n|upkeep\n|turn|9\n|\n|t:|1782805598\n|switch|p2a: Meowstic|Meowstic, L89, M|277/277\n|move|p1a: Iron Moth|Fire Blast|p2a: Meowstic\n|-damage|p2a: Meowstic|136/277\n|\n|upkeep\n|turn|10\n|\n|t:|1782805603\n|-end|p1a: Iron Moth|Quark Drive|[silent]\n|switch|p1a: Tsareena|Tsareena, L87, F|267/267\n|move|p2a: Meowstic|Light Screen|p2a: Meowstic\n|-sidestart|p2: lord ambatukaam|move: Light Screen\n|\n|upkeep\n|turn|11\n|\n|t:|1782805606\n|switch|p2a: Venomoth|Venomoth, L84, M|102/255\n|move|p1a: Tsareena|U-turn|p2a: Venomoth\n|-resisted|p2a: Venomoth\n|-damage|p2a: Venomoth|80/255\n|j| rly hate this game\n|\n|t:|1782805613\n|switch|p1a: Iron Moth|Iron Moth, L78|165/253|[from] U-turn\n|\n|upkeep\n|turn|12\n|\n|t:|1782805616\n|move|p1a: Iron Moth|Fire Blast|p2a: Venomoth\n|-supereffective|p2a: Venomoth\n|-damage|p2a: Venomoth|0 fnt\n|faint|p2a: Venomoth\n|\n|upkeep\n|\n|t:|1782805622\n|switch|p2a: Sudowoodo|Sudowoodo, L94, F|139/284\n|turn|13\n|\n|t:|1782805625\n|move|p1a: Iron Moth|Energy Ball|p2a: Sudowoodo\n|-supereffective|p2a: Sudowoodo\n|-damage|p2a: Sudowoodo|60/284\n|move|p2a: Sudowoodo|Stealth Rock|p1a: Iron Moth\n|-sidestart|p1: MichaelderBeste2|move: Stealth Rock\n|\n|-heal|p2a: Sudowoodo|77/284|[from] item: Leftovers\n|upkeep\n|turn|14\n|\n|t:|1782805630\n|move|p1a: Iron Moth|Energy Ball|p2a: Sudowoodo\n|-supereffective|p2a: Sudowoodo\n|-damage|p2a: Sudowoodo|0 fnt\n|faint|p2a: Sudowoodo\n|\n|-sideend|p2: lord ambatukaam|Reflect\n|upkeep\n|\n|t:|1782805636\n|switch|p2a: Gengar|Gengar, L81, M|230/230\n|turn|15\n|\n|t:|1782805648\n|-end|p1a: Iron Moth|Quark Drive|[silent]\n|switch|p1a: Dachsbun|Dachsbun, L92, M|254/254\n|-damage|p1a: Dachsbun|223/254|[from] Stealth Rock\n|move|p2a: Gengar|Shadow Ball|p1a: Dachsbun\n|-damage|p1a: Dachsbun|101/254\n|-damage|p2a: Gengar|207/230|[from] item: Life Orb\n|\n|-heal|p1a: Dachsbun|116/254|[from] item: Leftovers\n|upkeep\n|turn|16\n|\n|t:|1782805658\n|move|p1a: Dachsbun|Protect|p1a: Dachsbun\n|-singleturn|p1a: Dachsbun|Protect\n|move|p2a: Gengar|Shadow Ball|p1a: Dachsbun\n|-activate|p1a: Dachsbun|move: Protect\n|\n|-heal|p1a: Dachsbun|131/254|[from] item: Leftovers\n|upkeep\n|turn|17\n|\n|t:|1782805661\n|move|p1a: Dachsbun|Yawn|p2a: Gengar\n|-start|p2a: Gengar|move: Yawn|[of] p1a: Dachsbun\n|move|p2a: Gengar|Sludge Wave|p1a: Dachsbun\n|-supereffective|p1a: Dachsbun\n|-damage|p1a: Dachsbun|0 fnt\n|faint|p1a: Dachsbun\n|-damage|p2a: Gengar|184/230|[from] item: Life Orb\n|\n|-sideend|p2: lord ambatukaam|move: Light Screen\n|upkeep\n|\n|t:|1782805666\n|switch|p1a: Falinks|Falinks, L84|246/246\n|-damage|p1a: Falinks|231/246|[from] Stealth Rock\n|turn|18\n|\n|t:|1782805669\n|move|p2a: Gengar|Will-O-Wisp|p1a: Falinks\n|-status|p1a: Falinks|brn\n|move|p1a: Falinks|No Retreat|p1a: Falinks\n|-boost|p1a: Falinks|atk|1\n|-boost|p1a: Falinks|def|1\n|-boost|p1a: Falinks|spa|1\n|-boost|p1a: Falinks|spd|1\n|-boost|p1a: Falinks|spe|1\n|-start|p1a: Falinks|move: No Retreat\n|\n|-damage|p1a: Falinks|216/246 brn|[from] brn\n|-end|p2a: Gengar|move: Yawn|[silent]\n|-status|p2a: Gengar|slp\n|upkeep\n|turn|19\n|\n|t:|1782805680\n|move|p1a: Falinks|Knock Off|p2a: Gengar\n|-supereffective|p2a: Gengar\n|-damage|p2a: Gengar|0 fnt\n|-enditem|p2a: Gengar|Life Orb|[from] move: Knock Off|[of] p1a: Falinks\n|faint|p2a: Gengar\n|-damage|p1a: Falinks|192/246 brn|[from] item: Life Orb\n|\n|-damage|p1a: Falinks|177/246 brn|[from] brn\n|upkeep\n|\n|t:|1782805681\n|switch|p2a: Meowstic|Meowstic, L89, M|136/277\n|turn|20\n|\n|t:|1782805683\n|move|p2a: Meowstic|Reflect|p2a: Meowstic\n|-sidestart|p2: lord ambatukaam|Reflect\n|move|p1a: Falinks|Knock Off|p2a: Meowstic\n|-supereffective|p2a: Meowstic\n|-damage|p2a: Meowstic|58/277\n|-enditem|p2a: Meowstic|Light Clay|[from] move: Knock Off|[of] p1a: Falinks\n|-damage|p1a: Falinks|153/246 brn|[from] item: Life Orb\n|\n|-damage|p1a: Falinks|138/246 brn|[from] brn\n|upkeep\n|turn|21\n|\n|t:|1782805687\n|move|p2a: Meowstic|Light Screen|p2a: Meowstic\n|-sidestart|p2: lord ambatukaam|move: Light Screen\n|move|p1a: Falinks|Knock Off|p2a: Meowstic\n|-supereffective|p2a: Meowstic\n|-damage|p2a: Meowstic|11/277\n|-damage|p1a: Falinks|114/246 brn|[from] item: Life Orb\n|\n|-damage|p1a: Falinks|99/246 brn|[from] brn\n|upkeep\n|turn|22\n|\n|t:|1782805697\n|move|p2a: Meowstic|Yawn||[still]\n|-fail|p2a: Meowstic\n|move|p1a: Falinks|Knock Off|p2a: Meowstic\n|-supereffective|p2a: Meowstic\n|-damage|p2a: Meowstic|0 fnt\n|faint|p2a: Meowstic\n|-damage|p1a: Falinks|75/246 brn|[from] item: Life Orb\n|\n|-damage|p1a: Falinks|60/246 brn|[from] brn\n|upkeep\n|\n|t:|1782805700\n|switch|p2a: Mimikyu|Mimikyu, L79, M|216/216\n|turn|23\n|\n|t:|1782805712\n|move|p1a: Falinks|Iron Head|p2a: Mimikyu\n|-activate|p2a: Mimikyu|ability: Disguise\n|-damage|p2a: Mimikyu|216/216\n|detailschange|p2a: Mimikyu|Mimikyu-Busted, L79, M\n|-damage|p2a: Mimikyu|189/216|[from] pokemon: Mimikyu-Busted\n|-damage|p1a: Falinks|36/246 brn|[from] item: Life Orb\n|cant|p2a: Mimikyu|flinch\n|\n|-damage|p1a: Falinks|21/246 brn|[from] brn\n|upkeep\n|turn|24\n|\n|t:|1782805717\n|move|p1a: Falinks|Iron Head|p2a: Mimikyu\n|-supereffective|p2a: Mimikyu\n|-damage|p2a: Mimikyu|122/216\n|-damage|p1a: Falinks|0 fnt|[from] item: Life Orb\n|faint|p1a: Falinks\n|cant|p2a: Mimikyu|flinch\n|\n|upkeep\n|c|\u2606lord ambatukaam|yeah as if my team wasnt pu material enough\n|\n|t:|1782805727\n|switch|p1a: Iron Valiant|Iron Valiant, L78|244/244\n|-damage|p1a: Iron Valiant|229/244|[from] Stealth Rock\n|turn|25\n|\n|t:|1782805733\n|-terastallize|p2a: Mimikyu|Fairy\n|move|p1a: Iron Valiant|Moonblast|p2a: Mimikyu\n|-damage|p2a: Mimikyu|59/216\n|-damage|p1a: Iron Valiant|205/244|[from] item: Life Orb\n|move|p2a: Mimikyu|Play Rough|p1a: Iron Valiant\n|-supereffective|p1a: Iron Valiant\n|-damage|p1a: Iron Valiant|0 fnt\n|faint|p1a: Iron Valiant\n|-end|p1a: Iron Valiant|Quark Drive|[silent]\n|-damage|p2a: Mimikyu|38/216|[from] item: Life Orb\n|\n|-sideend|p2: lord ambatukaam|move: Light Screen\n|upkeep\n|\n|t:|1782805737\n|switch|p1a: Iron Moth|Iron Moth, L78|165/253\n|turn|26\n|\n|t:|1782805739\n|move|p2a: Mimikyu|Shadow Sneak|p1a: Iron Moth\n|-damage|p1a: Iron Moth|103/253\n|-damage|p2a: Mimikyu|17/216|[from] item: Life Orb\n|move|p1a: Iron Moth|Sludge Wave|p2a: Mimikyu\n|-supereffective|p2a: Mimikyu\n|-damage|p2a: Mimikyu|0 fnt\n|faint|p2a: Mimikyu\n|\n|win|MichaelderBeste2\n", "inputlog": ">version f8ac14003a5f27e1bdc8d8c59608a773c1cb96e5\n>start {\"formatid\":\"gen9randombattle\",\"seed\":\"sodium,fc3a01017e3f46835f00db52feb1e108\",\"rated\":\"Rated battle\"}\n>player p1 {\"name\":\"MichaelderBeste2\",\"avatar\":\"#wcop2026germany\",\"rating\":2395,\"seed\":\"sodium,980ae28e458a58f268c6898ef9c1a23a\"}\n>player p2 {\"name\":\"lord ambatukaam\",\"avatar\":\"li\",\"rating\":2197,\"seed\":\"sodium,523cfa93b2e6b1ac52b2816077c853ea\"}\n>chat \u2606lord ambatukaam|big fan boss\n>p1 move earthquake\n>p2 switch 2\n>p1 move knockoff\n>p2 move scald\n>p1 move earthquake\n>p2 switch 4\n>p1 switch 4\n>p2 move sludgewave\n>p1 move energyball\n>p2 switch 2\n>p1 move energyball\n>p2 switch 4\n>p2 switch 5\n>p1 switch 6\n>p2 move reflect\n>p1 move uturn\n>p2 switch 2\n>p1 switch 6\n>p1 move fireblast\n>p2 switch 2\n>p1 switch 6\n>p2 move lightscreen\n>p1 move uturn\n>p2 switch 2\n>p1 switch 6\n>p1 move fireblast\n>p2 move quiverdance\n>p2 switch 4\n>p1 move energyball\n>p2 move stealthrock\n>p1 move energyball\n>p2 move headsmash\n>p2 switch 6\n>p1 switch 3\n>p2 move shadowball\n>p1 move protect\n>p2 move shadowball\n>p1 move yawn\n>p2 move sludgewave\n>p1 switch 5\n>p1 move noretreat\n>p2 move willowisp\n>p1 move knockoff\n>p2 move shadowball\n>p2 switch 2\n>p1 move knockoff\n>p2 move reflect\n>p1 move knockoff\n>p2 move lightscreen\n>p1 move knockoff\n>p2 move yawn\n>p2 switch 3\n>p1 move ironhead\n>p2 move swordsdance\n>p1 move ironhead\n>p2 move swordsdance\n>chat \u2606lord ambatukaam|yeah as if my team wasnt pu material enough\n>p1 switch 2\n>p1 move moonblast\n>p2 move playrough terastallize\n>p1 switch 3\n>p1 move sludgewave\n>p2 move shadowsneak", "uploadtime": 1782805472, "views": 10, "formatid": "gen9randombattle", "rating": null, "private": 0, "password": null, "player_dets": [{"name": "MichaelderBeste2", "avatar": "#wcop2026germany", "rating": 2395, "seed": "sodium,980ae28e458a58f268c6898ef9c1a23a"}, {"name": "lord ambatukaam", "avatar": "li", "rating": 2197, "seed": "sodium,523cfa93b2e6b1ac52b2816077c853ea"}], "teams_full": [{"Krookodile": {"name": "Krookodile", "species": "Krookodile", "speciesId": "krookodile", "gender": "M", "shiny": false, "level": 79, "moves": ["knockoff", "gunkshot", "bulkup", "earthquake"], "ability": "Intimidate", "evs": {"hp": 85, "atk": 85, "def": 85, "spa": 85, "spd": 85, "spe": 85}, "ivs": {"hp": 31, "atk": 31, "def": 31, "spa": 31, "spd": 31, "spe": 31}, "item": "Leftovers", "teraType": "Poison", "role": "Bulky Setup", "bvs": {"hp": 95, "atk": 117, "def": 80, "spa": 65, "spd": 70, "spe": 92}, "stats": {"hp": 280, "atk": 230, "def": 172, "spa": 148, "spd": 156, "spe": 191}, "types": ["Ground", "Dark"]}, "Iron Valiant": {"name": "Iron Valiant", "species": "Iron Valiant", "speciesId": "ironvaliant", "gender": "N", "shiny": false, "level": 78, "moves": ["calmmind", "moonblast", "closecombat", "psychic"], "ability": "Quark Drive", "evs": {"hp": 85, "atk": 85, "def": 85, "spa": 85, "spd": 85, "spe": 85}, "ivs": {"hp": 31, "atk": 31, "def": 31, "spa": 31, "spd": 31, "spe": 31}, "item": "Life Orb", "teraType": "Steel", "role": "Fast Attacker", "bvs": {"hp": 74, "atk": 130, "def": 90, "spa": 120, "spd": 60, "spe": 116}, "stats": {"hp": 244, "atk": 248, "def": 185, "spa": 232, "spd": 139, "spe": 226}, "types": ["Fairy", "Fighting"]}, "Dachsbun": {"name": "Dachsbun", "species": "Dachsbun", "speciesId": "dachsbun", "gender": "M", "shiny": false, "level": 92, "moves": ["yawn", "wish", "playrough", "protect"], "ability": "Well-Baked Body", "evs": {"hp": 85, "atk": 85, "def": 85, "spa": 85, "spd": 85, "spe": 85}, "ivs": {"hp": 31, "atk": 31, "def": 31, "spa": 31, "spd": 31, "spe": 31}, "item": "Leftovers", "teraType": "Steel", "role": "Bulky Support", "bvs": {"hp": 57, "atk": 80, "def": 115, "spa": 50, "spd": 80, "spe": 95}, "stats": {"hp": 254, "atk": 200, "def": 264, "spa": 144, "spd": 200, "spe": 227}, "types": ["Fairy"]}, "Iron Moth": {"name": "Iron Moth", "species": "Iron Moth", "speciesId": "ironmoth", "gender": "N", "shiny": false, "level": 78, "moves": ["morningsun", "fireblast", "sludgewave", "energyball"], "ability": "Quark Drive", "evs": {"hp": 85, "atk": 0, "def": 85, "spa": 85, "spd": 85, "spe": 85}, "ivs": {"hp": 31, "atk": 0, "def": 31, "spa": 31, "spd": 31, "spe": 31}, "item": "Heavy-Duty Boots", "teraType": "Fire", "role": "Fast Attacker", "bvs": {"hp": 80, "atk": 70, "def": 60, "spa": 140, "spd": 110, "spe": 110}, "stats": {"hp": 253, "atk": 114, "def": 139, "spa": 263, "spd": 217, "spe": 217}, "types": ["Fire", "Poison"]}, "Falinks": {"name": "Falinks", "species": "Falinks", "speciesId": "falinks", "gender": "N", "shiny": false, "level": 84, "moves": ["knockoff", "closecombat", "noretreat", "ironhead"], "ability": "Defiant", "evs": {"hp": 85, "atk": 85, "def": 85, "spa": 85, "spd": 85, "spe": 85}, "ivs": {"hp": 31, "atk": 31, "def": 31, "spa": 31, "spd": 31, "spe": 31}, "item": "Life Orb", "teraType": "Dark", "role": "Setup Sweeper", "bvs": {"hp": 65, "atk": 100, "def": 100, "spa": 70, "spd": 60, "spe": 75}, "stats": {"hp": 246, "atk": 216, "def": 216, "spa": 166, "spd": 149, "spe": 174}, "types": ["Fighting"]}, "Tsareena": {"name": "Tsareena", "species": "Tsareena", "speciesId": "tsareena", "gender": "F", "shiny": false, "level": 87, "moves": ["uturn", "highjumpkick", "powerwhip", "synthesis"], "ability": "Queenly Majesty", "evs": {"hp": 85, "atk": 85, "def": 85, "spa": 85, "spd": 85, "spe": 85}, "ivs": {"hp": 31, "atk": 31, "def": 31, "spa": 31, "spd": 31, "spe": 31}, "item": "Heavy-Duty Boots", "teraType": "Steel", "role": "Fast Support", "bvs": {"hp": 72, "atk": 120, "def": 98, "spa": 50, "spd": 98, "spe": 72}, "stats": {"hp": 267, "atk": 259, "def": 220, "spa": 137, "spd": 220, "spe": 175}, "types": ["Grass"]}}, {"Sudowoodo": {"name": "Sudowoodo", "species": "Sudowoodo", "speciesId": "sudowoodo", "gender": "F", "shiny": false, "level": 94, "moves": ["earthquake", "stealthrock", "headsmash", "suckerpunch"], "ability": "Rock Head", "evs": {"hp": 85, "atk": 85, "def": 85, "spa": 85, "spd": 85, "spe": 85}, "ivs": {"hp": 31, "atk": 31, "def": 31, "spa": 31, "spd": 31, "spe": 31}, "item": "Leftovers", "teraType": "Rock", "role": "Bulky Attacker", "bvs": {"hp": 70, "atk": 100, "def": 115, "spa": 30, "spd": 65, "spe": 30}, "stats": {"hp": 284, "atk": 241, "def": 270, "spa": 110, "spd": 176, "spe": 110}, "types": ["Rock"]}, "Vaporeon": {"name": "Vaporeon", "species": "Vaporeon", "speciesId": "vaporeon", "gender": "F", "shiny": false, "level": 86, "moves": ["wish", "haze", "scald", "protect"], "ability": "Water Absorb", "evs": {"hp": 85, "atk": 0, "def": 85, "spa": 85, "spd": 85, "spe": 85}, "ivs": {"hp": 31, "atk": 0, "def": 31, "spa": 31, "spd": 31, "spe": 31}, "item": "Leftovers", "teraType": "Ground", "role": "Bulky Attacker", "bvs": {"hp": 130, "atk": 65, "def": 60, "spa": 110, "spd": 95, "spe": 65}, "stats": {"hp": 364, "atk": 116, "def": 152, "spa": 238, "spd": 213, "spe": 161}, "types": ["Water"]}, "Mimikyu": {"name": "Mimikyu", "species": "Mimikyu", "speciesId": "mimikyu", "gender": "M", "shiny": false, "level": 79, "moves": ["drainpunch", "playrough", "shadowsneak", "swordsdance"], "ability": "Disguise", "evs": {"hp": 85, "atk": 85, "def": 85, "spa": 85, "spd": 85, "spe": 85}, "ivs": {"hp": 31, "atk": 31, "def": 31, "spa": 31, "spd": 31, "spe": 31}, "item": "Life Orb", "teraType": "Fairy", "role": "Setup Sweeper", "bvs": {"hp": 55, "atk": 90, "def": 80, "spa": 50, "spd": 105, "spe": 96}, "stats": {"hp": 216, "atk": 188, "def": 172, "spa": 125, "spd": 211, "spe": 197}, "types": ["Ghost", "Fairy"]}, "Venomoth": {"name": "Venomoth", "species": "Venomoth", "speciesId": "venomoth", "gender": "M", "shiny": false, "level": 84, "moves": ["sleeppowder", "quiverdance", "sludgewave", "bugbuzz"], "ability": "Tinted Lens", "evs": {"hp": 85, "atk": 0, "def": 85, "spa": 85, "spd": 85, "spe": 85}, "ivs": {"hp": 31, "atk": 0, "def": 31, "spa": 31, "spd": 31, "spe": 31}, "item": "Heavy-Duty Boots", "teraType": "Water", "role": "Setup Sweeper", "bvs": {"hp": 70, "atk": 65, "def": 60, "spa": 90, "spd": 75, "spe": 90}, "stats": {"hp": 255, "atk": 114, "def": 149, "spa": 199, "spd": 174, "spe": 199}, "types": ["Bug", "Poison"]}, "Meowstic": {"name": "Meowstic", "species": "Meowstic", "speciesId": "meowstic", "gender": "M", "shiny": false, "level": 89, "moves": ["yawn", "reflect", "lightscreen", "psychicnoise"], "ability": "Prankster", "evs": {"hp": 85, "atk": 0, "def": 85, "spa": 85, "spd": 85, "spe": 85}, "ivs": {"hp": 31, "atk": 0, "def": 31, "spa": 31, "spd": 31, "spe": 31}, "item": "Light Clay", "teraType": "Fairy", "role": "Bulky Support", "bvs": {"hp": 74, "atk": 48, "def": 76, "spa": 83, "spd": 81, "spe": 104}, "stats": {"hp": 277, "atk": 90, "def": 186, "spa": 199, "spd": 195, "spe": 236}, "types": ["Psychic"]}, "Gengar": {"name": "Gengar", "species": "Gengar", "speciesId": "gengar", "gender": "M", "shiny": false, "level": 81, "moves": ["focusblast", "willowisp", "sludgewave", "shadowball"], "ability": "Cursed Body", "evs": {"hp": 85, "atk": 0, "def": 85, "spa": 85, "spd": 85, "spe": 85}, "ivs": {"hp": 31, "atk": 0, "def": 31, "spa": 31, "spd": 31, "spe": 31}, "item": "Life Orb", "teraType": "Ghost", "role": "Fast Attacker", "bvs": {"hp": 60, "atk": 65, "def": 60, "spa": 130, "spd": 75, "spe": 110}, "stats": {"hp": 230, "atk": 110, "def": 144, "spa": 257, "spd": 168, "spe": 225}, "types": ["Ghost", "Poison"]}}]}