{"id": "gen9randombattle-2641108340", "format": "[Gen 9] Random Battle", "players": ["Reusable.Tissues", "rikkinikki24"], "log": "|j|\u2606Reusable.Tissues\n|j|\u2606rikkinikki24\n|t:|1782741473\n|gametype|singles\n|player|p1|Reusable.Tissues|ariana|1489\n|player|p2|rikkinikki24|101|1448\n|gen|9\n|tier|[Gen 9] Random Battle\n|rated|\n|rule|Species Clause: Limit one of each Pok\u00e9mon\n|rule|HP Percentage Mod: HP is shown in percentages\n|rule|Sleep Clause Mod: Limit one foe put to sleep\n|rule|Illusion Level Mod: Illusion disguises the Pok\u00e9mon's true level\n|\n|t:|1782741473\n|teamsize|p1|6\n|teamsize|p2|6\n|start\n|switch|p1a: Delphox|Delphox, L84, M|263/263\n|switch|p2a: Scizor|Scizor, L79, F|240/240\n|turn|1\n|inactive|Battle timer is ON: inactive players will automatically lose when time's up. (requested by Reusable.Tissues)\n|\n|t:|1782741487\n|switch|p2a: Basculegion|Basculegion, L80, M|323/323\n|move|p1a: Delphox|Fire Blast|p2a: Basculegion\n|-resisted|p2a: Basculegion\n|-damage|p2a: Basculegion|269/323\n|-status|p2a: Basculegion|brn\n|\n|-damage|p2a: Basculegion|249/323 brn|[from] brn\n|upkeep\n|turn|2\n|\n|t:|1782741509\n|switch|p1a: Oinkologne|Oinkologne, L92, M|352/352\n|move|p2a: Basculegion|Shadow Ball|p1a: Oinkologne\n|-immune|p1a: Oinkologne\n|\n|-damage|p2a: Basculegion|229/323 brn|[from] brn\n|upkeep\n|turn|3\n|\n|t:|1782741518\n|move|p1a: Oinkologne|Curse|p1a: Oinkologne\n|-unboost|p1a: Oinkologne|spe|1\n|-boost|p1a: Oinkologne|atk|1\n|-boost|p1a: Oinkologne|def|1\n|move|p2a: Basculegion|Flip Turn|p1a: Oinkologne\n|-damage|p1a: Oinkologne|324/352\n|\n|t:|1782741535\n|switch|p2a: Whimsicott|Whimsicott, L84, M|238/238|[from] Flip Turn\n|\n|-heal|p1a: Oinkologne|346/352|[from] item: Leftovers\n|upkeep\n|turn|4\n|inactive|Reusable.Tissues has 120 seconds left.\n|\n|t:|1782741572\n|switch|p1a: Delphox|Delphox, L84, M|263/263\n|move|p2a: Whimsicott|Leech Seed|p1a: Delphox\n|-start|p1a: Delphox|move: Leech Seed\n|\n|-damage|p1a: Delphox|231/263|[from] Leech Seed|[of] p2a: Whimsicott\n|upkeep\n|turn|5\n|inactive|Reusable.Tissues has 120 seconds left.\n|\n|t:|1782741581\n|move|p2a: Whimsicott|Substitute|p2a: Whimsicott\n|-start|p2a: Whimsicott|Substitute\n|-damage|p2a: Whimsicott|179/238\n|move|p1a: Delphox|Psyshock|p2a: Whimsicott\n|-end|p2a: Whimsicott|Substitute\n|\n|-heal|p2a: Whimsicott|193/238|[from] item: Leftovers\n|-damage|p1a: Delphox|199/263|[from] Leech Seed|[of] p2a: Whimsicott\n|-heal|p2a: Whimsicott|225/238|[silent]\n|upkeep\n|turn|6\n|\n|t:|1782741590\n|switch|p1a: Oinkologne|Oinkologne, L92, M|346/352\n|move|p2a: Whimsicott|Moonblast|p1a: Oinkologne\n|-damage|p1a: Oinkologne|265/352\n|\n|-heal|p2a: Whimsicott|238/238|[from] item: Leftovers\n|-heal|p1a: Oinkologne|287/352|[from] item: Leftovers\n|upkeep\n|turn|7\n|\n|t:|1782741598\n|move|p2a: Whimsicott|Moonblast|p1a: Oinkologne\n|-damage|p1a: Oinkologne|199/352\n|move|p1a: Oinkologne|Body Slam|p2a: Whimsicott\n|-damage|p2a: Whimsicott|135/238\n|-status|p2a: Whimsicott|par\n|\n|-heal|p1a: Oinkologne|221/352|[from] item: Leftovers\n|-heal|p2a: Whimsicott|149/238 par|[from] item: Leftovers\n|upkeep\n|turn|8\n|\n|t:|1782741606\n|move|p1a: Oinkologne|Body Slam|p2a: Whimsicott\n|-damage|p2a: Whimsicott|28/238 par\n|move|p2a: Whimsicott|Moonblast|p1a: Oinkologne\n|-damage|p1a: Oinkologne|142/352\n|\n|-heal|p1a: Oinkologne|164/352|[from] item: Leftovers\n|-heal|p2a: Whimsicott|42/238 par|[from] item: Leftovers\n|upkeep\n|turn|9\n|\n|t:|1782741615\n|move|p1a: Oinkologne|Lash Out|p2a: Whimsicott\n|-resisted|p2a: Whimsicott\n|-damage|p2a: Whimsicott|8/238 par\n|cant|p2a: Whimsicott|par\n|\n|-heal|p1a: Oinkologne|186/352|[from] item: Leftovers\n|-heal|p2a: Whimsicott|22/238 par|[from] item: Leftovers\n|upkeep\n|turn|10\n|\n|t:|1782741624\n|move|p1a: Oinkologne|Lash Out|p2a: Whimsicott\n|-resisted|p2a: Whimsicott\n|-damage|p2a: Whimsicott|0 fnt\n|faint|p2a: Whimsicott\n|\n|-heal|p1a: Oinkologne|208/352|[from] item: Leftovers\n|upkeep\n|\n|t:|1782741635\n|switch|p2a: Charizard|Charizard, L85, M|271/271\n|turn|11\n|\n|t:|1782741640\n|move|p2a: Charizard|Flamethrower|p1a: Oinkologne\n|-damage|p1a: Oinkologne|153/352\n|move|p1a: Oinkologne|Body Slam|p2a: Charizard\n|-damage|p2a: Charizard|154/271\n|\n|-heal|p1a: Oinkologne|175/352|[from] item: Leftovers\n|upkeep\n|turn|12\n|\n|t:|1782741649\n|switch|p2a: Basculegion|Basculegion, L80, M|229/323 brn\n|move|p1a: Oinkologne|Body Slam|p2a: Basculegion\n|-immune|p2a: Basculegion\n|\n|-heal|p1a: Oinkologne|197/352|[from] item: Leftovers\n|-damage|p2a: Basculegion|209/323 brn|[from] brn\n|upkeep\n|turn|13\n|\n|t:|1782741658\n|move|p1a: Oinkologne|Lash Out|p2a: Basculegion\n|-supereffective|p2a: Basculegion\n|-damage|p2a: Basculegion|31/323 brn\n|move|p2a: Basculegion|Wave Crash|p1a: Oinkologne\n|-damage|p1a: Oinkologne|112/352\n|-damage|p2a: Basculegion|3/323 brn|[from] Recoil\n|\n|-heal|p1a: Oinkologne|134/352|[from] item: Leftovers\n|-damage|p2a: Basculegion|0 fnt|[from] brn\n|faint|p2a: Basculegion\n|upkeep\n|\n|t:|1782741673\n|switch|p2a: Scizor|Scizor, L79, F|240/240\n|turn|14\n|\n|t:|1782741680\n|switch|p1a: Dragonite|Dragonite, L74, F|257/257\n|move|p2a: Scizor|Close Combat|p1a: Dragonite\n|-resisted|p1a: Dragonite\n|-damage|p1a: Dragonite|217/257\n|-unboost|p2a: Scizor|def|1\n|-unboost|p2a: Scizor|spd|1\n|\n|upkeep\n|turn|15\n|\n|t:|1782741706\n|move|p1a: Dragonite|Dragon Dance|p1a: Dragonite\n|-boost|p1a: Dragonite|atk|1\n|-boost|p1a: Dragonite|spe|1\n|move|p2a: Scizor|Close Combat|p1a: Dragonite\n|-resisted|p1a: Dragonite\n|-damage|p1a: Dragonite|139/257\n|-unboost|p2a: Scizor|def|1\n|-unboost|p2a: Scizor|spd|1\n|\n|upkeep\n|turn|16\n|\n|t:|1782741720\n|move|p1a: Dragonite|Earthquake|p2a: Scizor\n|-damage|p2a: Scizor|28/240\n|move|p2a: Scizor|Close Combat|p1a: Dragonite\n|-resisted|p1a: Dragonite\n|-damage|p1a: Dragonite|69/257\n|-unboost|p2a: Scizor|def|1\n|-unboost|p2a: Scizor|spd|1\n|\n|upkeep\n|turn|17\n|\n|t:|1782741728\n|switch|p2a: Charizard|Charizard, L85, M|154/271\n|move|p1a: Dragonite|Earthquake|p2a: Charizard\n|-immune|p2a: Charizard\n|\n|upkeep\n|turn|18\n|\n|t:|1782741740\n|move|p1a: Dragonite|Outrage|p2a: Charizard\n|-damage|p2a: Charizard|0 fnt\n|faint|p2a: Charizard\n|\n|upkeep\n|\n|t:|1782741745\n|switch|p2a: Scizor|Scizor, L79, F|28/240\n|turn|19\n|\n|t:|1782741748\n|move|p2a: Scizor|Bullet Punch|p1a: Dragonite\n|-damage|p1a: Dragonite|0 fnt\n|faint|p1a: Dragonite\n|\n|upkeep\n|\n|t:|1782741757\n|switch|p1a: Delphox|Delphox, L84, M|199/263\n|turn|20\n|\n|t:|1782741763\n|switch|p2a: Koraidon|Koraidon, L64|235/235\n|-weather|SunnyDay|[from] ability: Orichalcum Pulse|[of] p2a: Koraidon\n|-activate|p2a: Koraidon|Orichalcum Pulse|[source]\n|move|p1a: Delphox|Psyshock|p2a: Koraidon\n|-supereffective|p2a: Koraidon\n|-damage|p2a: Koraidon|25/235\n|\n|-weather|SunnyDay|[upkeep]\n|upkeep\n|turn|21\n|\n|t:|1782741773\n|move|p1a: Delphox|Psyshock|p2a: Koraidon\n|-supereffective|p2a: Koraidon\n|-crit|p2a: Koraidon\n|-damage|p2a: Koraidon|0 fnt\n|faint|p2a: Koraidon\n|\n|-weather|SunnyDay|[upkeep]\n|upkeep\n|\n|t:|1782741786\n|switch|p2a: Cresselia|Cresselia, L80, F|323/323\n|turn|22\n|\n|t:|1782741799\n|switch|p1a: Oinkologne|Oinkologne, L92, M|134/352\n|-terastallize|p2a: Cresselia|Steel\n|move|p2a: Cresselia|Calm Mind|p2a: Cresselia\n|-boost|p2a: Cresselia|spa|1\n|-boost|p2a: Cresselia|spd|1\n|\n|-weather|SunnyDay|[upkeep]\n|-heal|p1a: Oinkologne|156/352|[from] item: Leftovers\n|upkeep\n|turn|23\n|\n|t:|1782741811\n|switch|p1a: Quaquaval|Quaquaval, L79, F|264/264\n|move|p2a: Cresselia|Thunderbolt|p1a: Quaquaval\n|-supereffective|p1a: Quaquaval\n|-damage|p1a: Quaquaval|102/264\n|-status|p1a: Quaquaval|par\n|\n|-weather|SunnyDay|[upkeep]\n|-heal|p1a: Quaquaval|118/264 par|[from] item: Leftovers\n|upkeep\n|turn|24\n|\n|t:|1782741819\n|move|p2a: Cresselia|Thunderbolt|p1a: Quaquaval\n|-supereffective|p1a: Quaquaval\n|-damage|p1a: Quaquaval|0 fnt\n|faint|p1a: Quaquaval\n|\n|-weather|none\n|upkeep\n|\n|t:|1782741826\n|switch|p1a: Sneasler|Sneasler, L74, M|240/240\n|turn|25\n|\n|t:|1782741837\n|-terastallize|p1a: Sneasler|Flying\n|move|p1a: Sneasler|Close Combat|p2a: Cresselia\n|-supereffective|p2a: Cresselia\n|-damage|p2a: Cresselia|83/323\n|-unboost|p1a: Sneasler|def|1\n|-unboost|p1a: Sneasler|spd|1\n|-enditem|p1a: Sneasler|White Herb\n|-clearnegativeboost|p1a: Sneasler|[silent]\n|move|p2a: Cresselia|Psyshock|p1a: Sneasler\n|-damage|p1a: Sneasler|93/240\n|\n|-heal|p2a: Cresselia|103/323|[from] item: Leftovers\n|upkeep\n|turn|26\n|\n|t:|1782741849\n|move|p1a: Sneasler|Close Combat|p2a: Cresselia\n|-supereffective|p2a: Cresselia\n|-damage|p2a: Cresselia|0 fnt\n|-unboost|p1a: Sneasler|def|1\n|-unboost|p1a: Sneasler|spd|1\n|faint|p2a: Cresselia\n|\n|upkeep\n|\n|t:|1782741854\n|switch|p2a: Scizor|Scizor, L79, F|28/240\n|turn|27\n|\n|t:|1782741863\n|move|p2a: Scizor|Bullet Punch|p1a: Sneasler\n|-damage|p1a: Sneasler|0 fnt\n|faint|p1a: Sneasler\n|\n|upkeep\n|\n|t:|1782741865\n|switch|p1a: Delphox|Delphox, L84, M|199/263\n|turn|28\n|\n|t:|1782741869\n|move|p2a: Scizor|Bullet Punch|p1a: Delphox\n|-resisted|p1a: Delphox\n|-damage|p1a: Delphox|135/263\n|move|p1a: Delphox|Psyshock|p2a: Scizor\n|-resisted|p2a: Scizor\n|-crit|p2a: Scizor\n|-damage|p2a: Scizor|0 fnt\n|faint|p2a: Scizor\n|\n|win|Reusable.Tissues\n|raw|Reusable.Tissues's rating: 1489 &rarr; <strong>1507</strong><br />(+18 for winning)\n|raw|rikkinikki24's rating: 1448 &rarr; <strong>1430</strong><br />(-18 for losing)\n|l|\u2606rikkinikki24\n|player|p2|\n|c|\u2606Reusable.Tissues|Gg\n|l|\u2606Reusable.Tissues\n|player|p1|\n|j|\u2606Reusable.Tissues\n|player|p1|Reusable.Tissues|ariana|\n|l|\u2606Reusable.Tissues\n|player|p1|\n|j|\u2606Reusable.Tissues\n|player|p1|Reusable.Tissues|ariana|\n", "inputlog": ">version f8ac14003a5f27e1bdc8d8c59608a773c1cb96e5\n>start {\"formatid\":\"gen9randombattle\",\"seed\":\"sodium,194176e1d7b5c32011ba02b51f5522c7\",\"rated\":\"Rated battle\"}\n>player p1 {\"name\":\"Reusable.Tissues\",\"avatar\":\"ariana\",\"rating\":1489,\"seed\":\"sodium,4135ae00a707c5c748f8e02bc4d194db\"}\n>player p2 {\"name\":\"rikkinikki24\",\"avatar\":\"101\",\"rating\":1448,\"seed\":\"sodium,34baa653c3634949e66a22eabf2ae045\"}\n>p1 move fireblast\n>p2 switch 2\n>p1 switch 6\n>p2 move shadowball\n>p1 move curse\n>p2 move flipturn\n>p2 switch 3\n>p1 switch 6\n>p2 move leechseed\n>p1 move psyshock\n>p2 move substitute\n>p1 switch 6\n>p2 move moonblast\n>p1 move bodyslam\n>p2 move moonblast\n>p1 move bodyslam\n>p2 move moonblast\n>p1 move lashout\n>p2 move moonblast\n>p1 move lashout\n>p2 move moonblast\n>p2 switch 5\n>p1 move bodyslam\n>p2 move flamethrower\n>p1 move bodyslam\n>p2 switch 3\n>p1 move lashout\n>p2 move wavecrash\n>p2 switch 2\n>p1 switch 5\n>p2 move closecombat\n>p1 move dragondance\n>p2 move closecombat\n>p1 move earthquake\n>p2 move closecombat\n>p1 move earthquake\n>p2 switch 3\n>p1 move outrage\n>p2 move hurricane\n>p2 switch 3\n>p1 move outrage\n>p2 move bulletpunch\n>p1 switch 6\n>p1 move psyshock\n>p2 switch 6\n>p1 move psyshock\n>p2 move outrage\n>p2 switch 4\n>p1 switch 5\n>p2 move calmmind terastallize\n>p1 switch 2\n>p2 move thunderbolt\n>p1 move closecombat\n>p2 move thunderbolt\n>p1 switch 3\n>p1 move closecombat terastallize\n>p2 move psyshock\n>p1 move closecombat\n>p2 move thunderbolt\n>p2 switch 6\n>p1 move acrobatics\n>p2 move bulletpunch\n>p1 switch 5\n>p1 move psyshock\n>p2 move bulletpunch", "uploadtime": 1782741880, "views": 14, "formatid": "gen9randombattle", "rating": 1430, "private": 0, "password": null, "player_dets": [{"name": "Reusable.Tissues", "avatar": "ariana", "rating": 1489, "seed": "sodium,4135ae00a707c5c748f8e02bc4d194db"}, {"name": "rikkinikki24", "avatar": "101", "rating": 1448, "seed": "sodium,34baa653c3634949e66a22eabf2ae045"}], "teams_full": [{"Delphox": {"name": "Delphox", "species": "Delphox", "speciesId": "delphox", "gender": "M", "shiny": false, "level": 84, "moves": ["fireblast", "psyshock", "grassknot", "focusblast"], "ability": "Blaze", "evs": {"hp": 85, "atk": 0, "def": 85, "spa": 85, "spd": 85, "spe": 85}, "ivs": {"hp": 31, "atk": 0, "def": 31, "spa": 31, "spd": 31, "spe": 31}, "item": "Choice Scarf", "teraType": "Grass", "role": "Fast Attacker", "bvs": {"hp": 75, "atk": 69, "def": 72, "spa": 114, "spd": 100, "spe": 104}, "stats": {"hp": 263, "atk": 120, "def": 169, "spa": 240, "spd": 216, "spe": 223}, "types": ["Fire", "Psychic"]}, "Quaquaval": {"name": "Quaquaval", "species": "Quaquaval", "speciesId": "quaquaval", "gender": "F", "shiny": false, "level": 79, "moves": ["roost", "closecombat", "rapidspin", "aquastep"], "ability": "Moxie", "evs": {"hp": 85, "atk": 85, "def": 85, "spa": 85, "spd": 85, "spe": 85}, "ivs": {"hp": 31, "atk": 31, "def": 31, "spa": 31, "spd": 31, "spe": 31}, "item": "Leftovers", "teraType": "Steel", "role": "Bulky Attacker", "bvs": {"hp": 85, "atk": 120, "def": 80, "spa": 85, "spd": 75, "spe": 85}, "stats": {"hp": 264, "atk": 235, "def": 172, "spa": 180, "spd": 164, "spe": 180}, "types": ["Water", "Fighting"]}, "Sneasler": {"name": "Sneasler", "species": "Sneasler", "speciesId": "sneasler", "gender": "M", "shiny": false, "level": 74, "moves": ["acrobatics", "closecombat", "swordsdance", "direclaw"], "ability": "Unburden", "evs": {"hp": 85, "atk": 85, "def": 85, "spa": 85, "spd": 85, "spe": 85}, "ivs": {"hp": 31, "atk": 31, "def": 31, "spa": 31, "spd": 31, "spe": 31}, "item": "White Herb", "teraType": "Flying", "role": "Setup Sweeper", "bvs": {"hp": 80, "atk": 130, "def": 60, "spa": 40, "spd": 80, "spe": 120}, "stats": {"hp": 240, "atk": 235, "def": 132, "spa": 102, "spd": 161, "spe": 221}, "types": ["Fighting", "Poison"]}, "Kilowattrel": {"name": "Kilowattrel", "species": "Kilowattrel", "speciesId": "kilowattrel", "gender": "F", "shiny": false, "level": 83, "moves": ["discharge", "hurricane", "uturn", "roost"], "ability": "Volt Absorb", "evs": {"hp": 85, "atk": 85, "def": 85, "spa": 85, "spd": 85, "spe": 85}, "ivs": {"hp": 31, "atk": 31, "def": 31, "spa": 31, "spd": 31, "spe": 31}, "item": "Heavy-Duty Boots", "teraType": "Water", "role": "Bulky Attacker", "bvs": {"hp": 70, "atk": 70, "def": 60, "spa": 105, "spd": 60, "spe": 125}, "stats": {"hp": 252, "atk": 164, "def": 147, "spa": 222, "spd": 147, "spe": 255}, "types": ["Electric", "Flying"]}, "Dragonite": {"name": "Dragonite", "species": "Dragonite", "speciesId": "dragonite", "gender": "F", "shiny": false, "level": 74, "moves": ["dragondance", "earthquake", "ironhead", "outrage"], "ability": "Multiscale", "evs": {"hp": 85, "atk": 85, "def": 85, "spa": 85, "spd": 85, "spe": 85}, "ivs": {"hp": 31, "atk": 31, "def": 31, "spa": 31, "spd": 31, "spe": 31}, "item": "Heavy-Duty Boots", "teraType": "Steel", "role": "Setup Sweeper", "bvs": {"hp": 91, "atk": 134, "def": 95, "spa": 100, "spd": 100, "spe": 80}, "stats": {"hp": 257, "atk": 241, "def": 184, "spa": 191, "spd": 191, "spe": 161}, "types": ["Dragon", "Flying"]}, "Oinkologne": {"name": "Oinkologne", "species": "Oinkologne", "speciesId": "oinkologne", "gender": "M", "shiny": false, "level": 92, "moves": ["highhorsepower", "curse", "bodyslam", "lashout"], "ability": "Thick Fat", "evs": {"hp": 85, "atk": 85, "def": 85, "spa": 85, "spd": 85, "spe": 85}, "ivs": {"hp": 31, "atk": 31, "def": 31, "spa": 31, "spd": 31, "spe": 31}, "item": "Leftovers", "teraType": "Ground", "role": "Bulky Setup", "bvs": {"hp": 110, "atk": 100, "def": 75, "spa": 59, "spd": 80, "spe": 65}, "stats": {"hp": 352, "atk": 236, "def": 190, "spa": 161, "spd": 200, "spe": 172}, "types": ["Normal"]}}, {"Scizor": {"name": "Scizor", "species": "Scizor", "speciesId": "scizor", "gender": "F", "shiny": false, "level": 79, "moves": ["bulletpunch", "uturn", "knockoff", "closecombat"], "ability": "Technician", "evs": {"hp": 85, "atk": 85, "def": 85, "spa": 85, "spd": 85, "spe": 85}, "ivs": {"hp": 31, "atk": 31, "def": 31, "spa": 31, "spd": 31, "spe": 31}, "item": "Choice Band", "teraType": "Steel", "role": "Wallbreaker", "bvs": {"hp": 70, "atk": 130, "def": 100, "spa": 55, "spd": 80, "spe": 65}, "stats": {"hp": 240, "atk": 251, "def": 204, "spa": 132, "spd": 172, "spe": 148}, "types": ["Bug", "Steel"]}, "Basculegion": {"name": "Basculegion", "species": "Basculegion", "speciesId": "basculegion", "gender": "M", "shiny": false, "level": 80, "moves": ["wavecrash", "flipturn", "aquajet", "shadowball"], "ability": "Adaptability", "evs": {"hp": 85, "atk": 85, "def": 85, "spa": 85, "spd": 85, "spe": 85}, "ivs": {"hp": 31, "atk": 31, "def": 31, "spa": 31, "spd": 31, "spe": 31}, "item": "Assault Vest", "teraType": "Water", "role": "AV Pivot", "bvs": {"hp": 120, "atk": 112, "def": 65, "spa": 80, "spd": 75, "spe": 78}, "stats": {"hp": 323, "atk": 225, "def": 150, "spa": 174, "spd": 166, "spe": 171}, "types": ["Water", "Ghost"]}, "Whimsicott": {"name": "Whimsicott", "species": "Whimsicott", "speciesId": "whimsicott", "gender": "M", "shiny": false, "level": 84, "moves": ["encore", "substitute", "leechseed", "moonblast"], "ability": "Prankster", "evs": {"hp": 85, "atk": 0, "def": 85, "spa": 85, "spd": 85, "spe": 85}, "ivs": {"hp": 31, "atk": 0, "def": 31, "spa": 31, "spd": 31, "spe": 31}, "item": "Leftovers", "teraType": "Steel", "role": "Bulky Support", "bvs": {"hp": 60, "atk": 67, "def": 85, "spa": 77, "spd": 75, "spe": 116}, "stats": {"hp": 238, "atk": 117, "def": 191, "spa": 178, "spd": 174, "spe": 243}, "types": ["Grass", "Fairy"]}, "Cresselia": {"name": "Cresselia", "species": "Cresselia", "speciesId": "cresselia", "gender": "F", "shiny": false, "level": 80, "moves": ["thunderbolt", "moonlight", "calmmind", "psyshock"], "ability": "Levitate", "evs": {"hp": 85, "atk": 0, "def": 85, "spa": 85, "spd": 85, "spe": 85}, "ivs": {"hp": 31, "atk": 0, "def": 31, "spa": 31, "spd": 31, "spe": 31}, "item": "Leftovers", "teraType": "Steel", "role": "Bulky Setup", "bvs": {"hp": 120, "atk": 70, "def": 110, "spa": 75, "spd": 120, "spe": 85}, "stats": {"hp": 323, "atk": 117, "def": 222, "spa": 166, "spd": 238, "spe": 182}, "types": ["Psychic"]}, "Charizard": {"name": "Charizard", "species": "Charizard", "speciesId": "charizard", "gender": "M", "shiny": false, "level": 85, "moves": ["flamethrower", "earthquake", "focusblast", "hurricane"], "ability": "Blaze", "evs": {"hp": 85, "atk": 85, "def": 85, "spa": 85, "spd": 85, "spe": 85}, "ivs": {"hp": 31, "atk": 31, "def": 31, "spa": 31, "spd": 31, "spe": 31}, "item": "Heavy-Duty Boots", "teraType": "Fire", "role": "Fast Attacker", "bvs": {"hp": 78, "atk": 84, "def": 78, "spa": 109, "spd": 85, "spe": 100}, "stats": {"hp": 271, "atk": 192, "def": 181, "spa": 234, "spd": 193, "spe": 219}, "types": ["Fire", "Flying"]}, "Koraidon": {"name": "Koraidon", "species": "Koraidon", "speciesId": "koraidon", "gender": "N", "shiny": false, "level": 64, "moves": ["closecombat", "flareblitz", "outrage", "uturn"], "ability": "Orichalcum Pulse", "evs": {"hp": 85, "atk": 85, "def": 85, "spa": 85, "spd": 85, "spe": 85}, "ivs": {"hp": 31, "atk": 31, "def": 31, "spa": 31, "spd": 31, "spe": 31}, "item": "Choice Band", "teraType": "Fire", "role": "Fast Attacker", "bvs": {"hp": 100, "atk": 135, "def": 115, "spa": 85, "spd": 100, "spe": 135}, "stats": {"hp": 235, "atk": 211, "def": 185, "spa": 147, "spd": 166, "spe": 211}, "types": ["Fighting", "Dragon"]}}]}