{"id": "gen9randombattle-2641563063", "format": "[Gen 9] Random Battle", "players": ["My Life is Dance \u2764", "JustOut459"], "log": "|badge|p2|silver|gen9randombattle|30-9\n|badge|p2|silver|gen9nu|30-9\n|html|<div class=\"broadcast-red\"><strong>This battle is required to be public due to one or more player having a season medal.</strong><br />During the public phase, you can discuss the state of the ladder <a href=\"/seasondiscussion\">in a special chatroom.</a></div>\n|uhtml|medal-msg|<div class=\"broadcast-blue\">Curious what those medals under the avatar are? PS now has Ladder Seasons! For more information, check out the <a href=\"https://www.smogon.com/forums/threads/3740067/\">thread on Smogon.</a></div>\n|j|\u2606My Life is Dance \u2764\n|j|\u2606JustOut459\n|t:|1782808736\n|gametype|singles\n|player|p1|My Life is Dance \u2764|tierno|2258\n|player|p2|JustOut459|#rbtt9faction2|2410\n|gen|9\n|tier|[Gen 9] Random Battle\n|rated|\n|rule|Species Clause: Limit one of each Pok\u00e9mon\n|rule|HP Percentage Mod: HP is shown in percentages\n|rule|Sleep Clause Mod: Limit one foe put to sleep\n|rule|Illusion Level Mod: Illusion disguises the Pok\u00e9mon's true level\n|\n|t:|1782808736\n|teamsize|p1|6\n|teamsize|p2|6\n|start\n|switch|p1a: Dusknoir|Dusknoir, L89, F|225/225\n|switch|p2a: Breloom|Breloom, L83, F|235/235\n|-item|p2a: Breloom|Life Orb|[from] ability: Frisk|[of] p1a: Dusknoir\n|turn|1\n|j| rly hate this game\n|inactive|Battle timer is ON: inactive players will automatically lose when time's up. (requested by My Life is Dance \u2764)\n|inactive|JustOut459 also wants the timer to be on.\n|\n|t:|1782808759\n|switch|p1a: Appletun|Appletun, L92, M|352/352\n|move|p2a: Breloom|Bullet Seed|p1a: Appletun\n|-resisted|p1a: Appletun\n|-damage|p1a: Appletun|338/352\n|-resisted|p1a: Appletun\n|-damage|p1a: Appletun|324/352\n|-hitcount|p1a: Appletun|2\n|-damage|p2a: Breloom|212/235|[from] item: Life Orb\n|\n|-heal|p1a: Appletun|346/352|[from] item: Leftovers\n|upkeep\n|turn|2\n|\n|t:|1782808780\n|move|p2a: Breloom|Swords Dance|p2a: Breloom\n|-boost|p2a: Breloom|atk|2\n|move|p1a: Appletun|Apple Acid|p2a: Breloom\n|-resisted|p2a: Breloom\n|-crit|p2a: Breloom\n|-damage|p2a: Breloom|113/235\n|-unboost|p2a: Breloom|spd|1\n|\n|-heal|p1a: Appletun|352/352|[from] item: Leftovers\n|upkeep\n|turn|3\n|\n|t:|1782808791\n|switch|p1a: Hoopa|Hoopa, L85|275/275\n|move|p2a: Breloom|Mach Punch|p1a: Hoopa\n|-immune|p1a: Hoopa\n|\n|upkeep\n|turn|4\n|j| Petrocky712\n|\n|t:|1782808804\n|switch|p2a: Maushold|Maushold, L76|238/238\n|move|p1a: Hoopa|Shadow Ball|p2a: Maushold\n|-immune|p2a: Maushold\n|\n|upkeep\n|turn|5\n|\n|t:|1782808812\n|switch|p1a: Dusknoir|Dusknoir, L89, F|225/225\n|-item|p2a: Maushold|Wide Lens|[from] ability: Frisk|[of] p1a: Dusknoir\n|move|p2a: Maushold|Bite|p1a: Dusknoir\n|-supereffective|p1a: Dusknoir\n|-damage|p1a: Dusknoir|163/225\n|\n|-heal|p1a: Dusknoir|177/225|[from] item: Leftovers\n|upkeep\n|turn|6\n|l| Petrocky712\n|\n|t:|1782808833\n|move|p2a: Maushold|Tidy Up|p2a: Maushold\n|-boost|p2a: Maushold|atk|1\n|-boost|p2a: Maushold|spe|1\n|move|p1a: Dusknoir|Earthquake|p2a: Maushold\n|-damage|p2a: Maushold|126/238\n|\n|-heal|p1a: Dusknoir|191/225|[from] item: Leftovers\n|upkeep\n|turn|7\n|\n|t:|1782808842\n|switch|p1a: Duraludon|Duraludon, L82, M|249/249\n|move|p2a: Maushold|Bite|p1a: Duraludon\n|-damage|p1a: Duraludon|214/249\n|\n|upkeep\n|turn|8\n|\n|t:|1782808852\n|move|p2a: Maushold|Population Bomb|p1a: Duraludon\n|-resisted|p1a: Duraludon\n|-damage|p1a: Duraludon|205/249\n|-resisted|p1a: Duraludon\n|-damage|p1a: Duraludon|196/249\n|-resisted|p1a: Duraludon\n|-damage|p1a: Duraludon|186/249\n|-resisted|p1a: Duraludon\n|-damage|p1a: Duraludon|177/249\n|-resisted|p1a: Duraludon\n|-damage|p1a: Duraludon|168/249\n|-resisted|p1a: Duraludon\n|-damage|p1a: Duraludon|159/249\n|-resisted|p1a: Duraludon\n|-damage|p1a: Duraludon|150/249\n|-resisted|p1a: Duraludon\n|-damage|p1a: Duraludon|142/249\n|-resisted|p1a: Duraludon\n|-damage|p1a: Duraludon|133/249\n|-resisted|p1a: Duraludon\n|-damage|p1a: Duraludon|124/249\n|-hitcount|p1a: Duraludon|10\n|move|p1a: Duraludon|Draco Meteor|p2a: Maushold\n|-damage|p2a: Maushold|0 fnt\n|-unboost|p1a: Duraludon|spa|2\n|faint|p2a: Maushold\n|\n|upkeep\n|\n|t:|1782808859\n|switch|p2a: Iron Bundle|Iron Bundle, L78|215/215\n|turn|9\n|\n|t:|1782808867\n|switch|p1a: Chansey|Chansey, L85, F|564/564\n|move|p2a: Iron Bundle|Ice Beam|p1a: Chansey\n|-damage|p1a: Chansey|477/564\n|\n|upkeep\n|turn|10\n|inactive|JustOut459 has 120 seconds left.\n|\n|t:|1782808924\n|-end|p2a: Iron Bundle|Quark Drive|[silent]\n|switch|p2a: Breloom|Breloom, L83, F|113/235\n|move|p1a: Chansey|Thunder Wave|p2a: Breloom\n|-status|p2a: Breloom|par\n|\n|upkeep\n|turn|11\n|\n|t:|1782808943\n|switch|p1a: Dusknoir|Dusknoir, L89, F|191/225\n|-item|p2a: Breloom|Life Orb|[from] ability: Frisk|[of] p1a: Dusknoir\n|move|p2a: Breloom|Rock Tomb|p1a: Dusknoir\n|-damage|p1a: Dusknoir|125/225\n|-unboost|p1a: Dusknoir|spe|1\n|-damage|p2a: Breloom|90/235 par|[from] item: Life Orb\n|\n|-heal|p1a: Dusknoir|139/225|[from] item: Leftovers\n|upkeep\n|turn|12\n|\n|t:|1782808961\n|move|p1a: Dusknoir|Poltergeist|p2a: Breloom\n|-activate|p2a: Breloom|move: Poltergeist|Life Orb\n|-damage|p2a: Breloom|0 fnt\n|faint|p2a: Breloom\n|\n|-heal|p1a: Dusknoir|153/225|[from] item: Leftovers\n|upkeep\n|inactive|JustOut459 has 90 seconds left.\n|\n|t:|1782808977\n|switch|p2a: Iron Bundle|Iron Bundle, L78|215/215\n|turn|13\n|\n|t:|1782808980\n|switch|p1a: Chansey|Chansey, L85, F|477/564\n|move|p2a: Iron Bundle|Hydro Pump|p1a: Chansey|[miss]\n|-miss|p2a: Iron Bundle|p1a: Chansey\n|\n|upkeep\n|turn|14\n|\n|t:|1782808990\n|move|p2a: Iron Bundle|Hydro Pump|p1a: Chansey\n|-damage|p1a: Chansey|366/564\n|move|p1a: Chansey|Thunder Wave|p2a: Iron Bundle\n|-status|p2a: Iron Bundle|par\n|\n|upkeep\n|turn|15\n|\n|t:|1782808998\n|-end|p2a: Iron Bundle|Quark Drive|[silent]\n|switch|p2a: Medicham|Medicham, L86, F|243/243\n|move|p1a: Chansey|Seismic Toss|p2a: Medicham\n|-damage|p2a: Medicham|158/243\n|\n|upkeep\n|turn|16\n|\n|t:|1782809015\n|switch|p1a: Duraludon|Duraludon, L82, M|124/249\n|move|p2a: Medicham|Close Combat|p1a: Duraludon\n|-supereffective|p1a: Duraludon\n|-crit|p1a: Duraludon\n|-damage|p1a: Duraludon|0 fnt\n|-unboost|p2a: Medicham|def|1\n|-unboost|p2a: Medicham|spd|1\n|faint|p1a: Duraludon\n|\n|upkeep\n|\n|t:|1782809021\n|switch|p1a: Hoopa|Hoopa, L85|275/275\n|turn|17\n|\n|t:|1782809024\n|switch|p2a: Iron Bundle|Iron Bundle, L78|215/215 par\n|move|p1a: Hoopa|Nasty Plot|p1a: Hoopa\n|-boost|p1a: Hoopa|spa|2\n|\n|upkeep\n|turn|18\n|\n|t:|1782809038\n|move|p1a: Hoopa|Psychic|p2a: Iron Bundle\n|-damage|p2a: Iron Bundle|0 fnt\n|faint|p2a: Iron Bundle\n|-end|p2a: Iron Bundle|Quark Drive|[silent]\n|-damage|p1a: Hoopa|248/275|[from] item: Life Orb\n|\n|upkeep\n|\n|t:|1782809043\n|switch|p2a: Medicham|Medicham, L86, F|158/243\n|turn|19\n|\n|t:|1782809069\n|move|p2a: Medicham|Ice Punch|p1a: Hoopa\n|-damage|p1a: Hoopa|152/275\n|move|p1a: Hoopa|Psychic|p2a: Medicham\n|-damage|p2a: Medicham|0 fnt\n|faint|p2a: Medicham\n|-damage|p1a: Hoopa|125/275|[from] item: Life Orb\n|\n|upkeep\n|\n|t:|1782809073\n|switch|p2a: Scyther|Scyther, L82, F|249/249\n|turn|20\n|\n|t:|1782809081\n|move|p2a: Scyther|Dual Wingbeat|p1a: Hoopa\n|-damage|p1a: Hoopa|46/275\n|-damage|p1a: Hoopa|0 fnt\n|faint|p1a: Hoopa\n|-hitcount|p1: Hoopa|2\n|\n|upkeep\n|\n|t:|1782809088\n|switch|p1a: Dusknoir|Dusknoir, L89, F|153/225\n|-item|p2a: Scyther|Heavy-Duty Boots|[from] ability: Frisk|[of] p1a: Dusknoir\n|turn|21\n|\n|t:|1782809092\n|move|p2a: Scyther|Swords Dance|p2a: Scyther\n|-boost|p2a: Scyther|atk|2\n|move|p1a: Dusknoir|Poltergeist|p2a: Scyther\n|-activate|p2a: Scyther|move: Poltergeist|Heavy-Duty Boots\n|-damage|p2a: Scyther|93/249\n|\n|-heal|p1a: Dusknoir|167/225|[from] item: Leftovers\n|upkeep\n|turn|22\n|\n|t:|1782809105\n|move|p1a: Dusknoir|Shadow Sneak|p2a: Scyther\n|-damage|p2a: Scyther|41/249\n|move|p2a: Scyther|Dual Wingbeat|p1a: Dusknoir\n|-damage|p1a: Dusknoir|73/225\n|-damage|p1a: Dusknoir|0 fnt\n|faint|p1a: Dusknoir\n|-hitcount|p1: Dusknoir|2\n|\n|upkeep\n|\n|t:|1782809108\n|switch|p1a: Ribombee|Ribombee, L83, F|235/235\n|turn|23\n|\n|t:|1782809111\n|move|p1a: Ribombee|Moonblast|p2a: Scyther\n|-damage|p2a: Scyther|0 fnt\n|faint|p2a: Scyther\n|\n|upkeep\n|\n|t:|1782809114\n|switch|p2a: Kyurem|Kyurem-Black, L71|295/295\n|-ability|p2a: Kyurem|Teravolt\n|turn|24\n|l| rly hate this game\n|inactive|My Life is Dance \u2764 has 120 seconds left.\n|\n|t:|1782809147\n|move|p1a: Ribombee|U-turn|p2a: Kyurem\n|-damage|p2a: Kyurem|243/295\n|inactive|My Life is Dance \u2764 has 120 seconds left.\n|\n|t:|1782809154\n|switch|p1a: Appletun|Appletun, L92, M|352/352|[from] U-turn\n|move|p2a: Kyurem|Dragon Dance|p2a: Kyurem\n|-boost|p2a: Kyurem|atk|1\n|-boost|p2a: Kyurem|spe|1\n|\n|upkeep\n|turn|25\n|inactive|My Life is Dance \u2764 has 120 seconds left.\n|inactive|JustOut459 has 120 seconds left.\n|inactive|JustOut459 has 90 seconds left.\n|\n|t:|1782809221\n|switch|p1a: Chansey|Chansey, L85, F|366/564\n|-terastallize|p2a: Kyurem|Electric\n|move|p2a: Kyurem|Dragon Dance|p2a: Kyurem\n|-boost|p2a: Kyurem|atk|1\n|-boost|p2a: Kyurem|spe|1\n|\n|upkeep\n|turn|26\n|inactive|My Life is Dance \u2764 has 120 seconds left.\n|inactive|JustOut459 has 90 seconds left.\n|-message|My Life is Dance \u2764 forfeited.\n|\n|win|JustOut459\n|raw|My Life is Dance \u2764's rating: 2276 &rarr; <strong>2263</strong><br />(-13 for losing)\n|raw|JustOut459's rating: 2410 &rarr; <strong>2423</strong><br />(+13 for winning)\n", "inputlog": ">version f8ac14003a5f27e1bdc8d8c59608a773c1cb96e5\n>start {\"formatid\":\"gen9randombattle\",\"seed\":\"sodium,b7fc3a74c2433c3d3e9fb899a8fbeb80\",\"rated\":\"Rated battle\"}\n>player p1 {\"name\":\"My Life is Dance \u2764\",\"avatar\":\"tierno\",\"rating\":2258,\"seed\":\"sodium,c0ed0c2e184a1262f33ca83db3fe7d7a\"}\n>player p2 {\"name\":\"JustOut459\",\"avatar\":\"#rbtt9faction2\",\"rating\":2410,\"seed\":\"sodium,c125be62bce330d1eccc96679c1b71c4\"}\n>p1 switch 3\n>p2 move bulletseed\n>p1 move appleacid\n>p2 move swordsdance\n>p1 switch 4\n>p2 move machpunch\n>p1 move shadowball\n>p2 switch 3\n>p1 switch 3\n>p2 move bite\n>p1 move earthquake\n>p2 move tidyup\n>p1 switch 5\n>p2 move bite\n>p1 move dracometeor\n>p2 move populationbomb\n>p2 switch 2\n>p1 switch 6\n>p2 move icebeam\n>p1 move thunderwave\n>p2 switch 3\n>p1 switch 5\n>p2 move rocktomb\n>p1 move poltergeist\n>p2 move bulletseed\n>p2 switch 3\n>p1 switch 5\n>p2 move hydropump\n>p1 move thunderwave\n>p2 move hydropump\n>p1 move seismictoss\n>p2 switch 5\n>p1 switch 6\n>p2 move closecombat\n>p1 switch 3\n>p1 move nastyplot\n>p2 switch 5\n>p1 move psychic\n>p2 move flipturn\n>p2 switch 5\n>p1 move psychic\n>p2 move icepunch\n>p2 switch 6\n>p1 move psychic\n>p2 move dualwingbeat\n>p1 switch 5\n>p1 move poltergeist\n>p2 move swordsdance\n>p1 move shadowsneak\n>p2 move dualwingbeat\n>p1 switch 2\n>p1 move moonblast\n>p2 move dualwingbeat\n>p2 switch 4\n>p1 move uturn\n>p2 move dragondance\n>p1 switch 4\n>p1 switch 6\n>p2 move dragondance terastallize\n>forcelose p1", "uploadtime": 1782808741, "views": 8, "formatid": "gen9randombattle", "rating": 2263, "private": 0, "password": null, "player_dets": [{"name": "My Life is Dance \u2764", "avatar": "tierno", "rating": 2258, "seed": "sodium,c0ed0c2e184a1262f33ca83db3fe7d7a"}, {"name": "JustOut459", "avatar": "#rbtt9faction2", "rating": 2410, "seed": "sodium,c125be62bce330d1eccc96679c1b71c4"}], "teams_full": [{"Dusknoir": {"name": "Dusknoir", "species": "Dusknoir", "speciesId": "dusknoir", "gender": "F", "shiny": false, "level": 89, "moves": ["shadowsneak", "poltergeist", "painsplit", "earthquake"], "ability": "Frisk", "evs": {"hp": 85, "atk": 85, "def": 85, "spa": 85, "spd": 85, "spe": 85}, "ivs": {"hp": 31, "atk": 31, "def": 31, "spa": 31, "spd": 31, "spe": 31}, "item": "Leftovers", "teraType": "Dark", "role": "Bulky Support", "bvs": {"hp": 45, "atk": 100, "def": 135, "spa": 65, "spd": 135, "spe": 45}, "stats": {"hp": 225, "atk": 229, "def": 291, "spa": 166, "spd": 291, "spe": 131}, "types": ["Ghost"]}, "Ribombee": {"name": "Ribombee", "species": "Ribombee", "speciesId": "ribombee", "gender": "F", "shiny": false, "level": 83, "moves": ["uturn", "bugbuzz", "stickyweb", "moonblast"], "ability": "Shield Dust", "evs": {"hp": 85, "atk": 85, "def": 85, "spa": 85, "spd": 85, "spe": 85}, "ivs": {"hp": 31, "atk": 31, "def": 31, "spa": 31, "spd": 31, "spe": 31}, "item": "Heavy-Duty Boots", "teraType": "Ghost", "role": "Fast Support", "bvs": {"hp": 60, "atk": 55, "def": 60, "spa": 95, "spd": 70, "spe": 124}, "stats": {"hp": 235, "atk": 139, "def": 147, "spa": 205, "spd": 164, "spe": 254}, "types": ["Bug", "Fairy"]}, "Appletun": {"name": "Appletun", "species": "Appletun", "speciesId": "appletun", "gender": "M", "shiny": false, "level": 92, "moves": ["appleacid", "dragontail", "dragonpulse", "recover"], "ability": "Thick Fat", "evs": {"hp": 85, "atk": 85, "def": 85, "spa": 85, "spd": 85, "spe": 85}, "ivs": {"hp": 31, "atk": 31, "def": 31, "spa": 31, "spd": 31, "spe": 31}, "item": "Leftovers", "teraType": "Steel", "role": "Bulky Attacker", "bvs": {"hp": 110, "atk": 85, "def": 80, "spa": 100, "spd": 80, "spe": 30}, "stats": {"hp": 352, "atk": 209, "def": 200, "spa": 236, "spd": 200, "spe": 108}, "types": ["Grass", "Dragon"]}, "Hoopa": {"name": "Hoopa", "species": "Hoopa", "speciesId": "hoopa", "gender": "N", "shiny": false, "level": 85, "moves": ["shadowball", "nastyplot", "psychic", "focusblast"], "ability": "Magician", "evs": {"hp": 85, "atk": 0, "def": 85, "spa": 85, "spd": 85, "spe": 85}, "ivs": {"hp": 31, "atk": 0, "def": 31, "spa": 31, "spd": 31, "spe": 31}, "item": "Life Orb", "teraType": "Fighting", "role": "Fast Attacker", "bvs": {"hp": 80, "atk": 110, "def": 60, "spa": 150, "spd": 130, "spe": 70}, "stats": {"hp": 275, "atk": 192, "def": 151, "spa": 304, "spd": 270, "spe": 168}, "types": ["Psychic", "Ghost"]}, "Duraludon": {"name": "Duraludon", "species": "Duraludon", "speciesId": "duraludon", "gender": "M", "shiny": false, "level": 82, "moves": ["dracometeor", "dragontail", "bodypress", "flashcannon"], "ability": "Light Metal", "evs": {"hp": 85, "atk": 85, "def": 85, "spa": 85, "spd": 85, "spe": 85}, "ivs": {"hp": 31, "atk": 31, "def": 31, "spa": 31, "spd": 31, "spe": 31}, "item": "Eviolite", "teraType": "Fighting", "role": "Bulky Attacker", "bvs": {"hp": 70, "atk": 95, "def": 115, "spa": 120, "spd": 50, "spe": 85}, "stats": {"hp": 249, "atk": 203, "def": 236, "spa": 244, "spd": 129, "spe": 187}, "types": ["Steel", "Dragon"]}, "Chansey": {"name": "Chansey", "species": "Chansey", "speciesId": "chansey", "gender": "F", "shiny": false, "level": 85, "moves": ["seismictoss", "softboiled", "thunderwave", "healbell"], "ability": "Natural Cure", "evs": {"hp": 85, "atk": 0, "def": 85, "spa": 85, "spd": 85, "spe": 85}, "ivs": {"hp": 31, "atk": 0, "def": 31, "spa": 31, "spd": 31, "spe": 31}, "item": "Eviolite", "teraType": "Poison", "role": "Bulky Support", "bvs": {"hp": 250, "atk": 5, "def": 5, "spa": 35, "spd": 105, "spe": 50}, "stats": {"hp": 564, "atk": 13, "def": 57, "spa": 108, "spd": 227, "spe": 134}, "types": ["Normal"]}}, {"Breloom": {"name": "Breloom", "species": "Breloom", "speciesId": "breloom", "gender": "F", "shiny": false, "level": 83, "moves": ["swordsdance", "rocktomb", "machpunch", "bulletseed"], "ability": "Technician", "evs": {"hp": 85, "atk": 85, "def": 85, "spa": 85, "spd": 85, "spe": 85}, "ivs": {"hp": 31, "atk": 31, "def": 31, "spa": 31, "spd": 31, "spe": 31}, "item": "Life Orb", "teraType": "Rock", "role": "Fast Attacker", "bvs": {"hp": 60, "atk": 130, "def": 80, "spa": 60, "spd": 60, "spe": 70}, "stats": {"hp": 235, "atk": 263, "def": 180, "spa": 147, "spd": 147, "spe": 164}, "types": ["Grass", "Fighting"]}, "Iron Bundle": {"name": "Iron Bundle", "species": "Iron Bundle", "speciesId": "ironbundle", "gender": "N", "shiny": false, "level": 78, "moves": ["freezedry", "hydropump", "flipturn", "icebeam"], "ability": "Quark Drive", "evs": {"hp": 85, "atk": 85, "def": 85, "spa": 85, "spd": 85, "spe": 85}, "ivs": {"hp": 31, "atk": 31, "def": 31, "spa": 31, "spd": 31, "spe": 31}, "item": "Choice Specs", "teraType": "Water", "role": "Fast Attacker", "bvs": {"hp": 56, "atk": 80, "def": 114, "spa": 124, "spd": 60, "spe": 136}, "stats": {"hp": 215, "atk": 170, "def": 223, "spa": 239, "spd": 139, "spe": 257}, "types": ["Ice", "Water"]}, "Maushold": {"name": "Maushold", "species": "Maushold", "speciesId": "maushold", "gender": "N", "shiny": false, "level": 76, "moves": ["populationbomb", "tidyup", "bite", "encore"], "ability": "Technician", "evs": {"hp": 85, "atk": 85, "def": 85, "spa": 85, "spd": 85, "spe": 85}, "ivs": {"hp": 31, "atk": 31, "def": 31, "spa": 31, "spd": 31, "spe": 31}, "item": "Wide Lens", "teraType": "Ghost", "role": "Setup Sweeper", "bvs": {"hp": 74, "atk": 75, "def": 70, "spa": 65, "spd": 75, "spe": 111}, "stats": {"hp": 238, "atk": 158, "def": 150, "spa": 143, "spd": 158, "spe": 213}, "types": ["Normal"]}, "Kyurem": {"name": "Kyurem", "species": "Kyurem-Black", "speciesId": "kyuremblack", "gender": "N", "shiny": false, "level": 71, "moves": ["fusionbolt", "dragondance", "iciclespear", "scaleshot"], "ability": "Teravolt", "evs": {"hp": 85, "atk": 85, "def": 85, "spa": 85, "spd": 85, "spe": 85}, "ivs": {"hp": 31, "atk": 31, "def": 31, "spa": 31, "spd": 31, "spe": 31}, "item": "Loaded Dice", "teraType": "Electric", "role": "Setup Sweeper", "bvs": {"hp": 125, "atk": 170, "def": 100, "spa": 120, "spd": 90, "spe": 95}, "stats": {"hp": 295, "atk": 283, "def": 183, "spa": 212, "spd": 169, "spe": 176}, "types": ["Dragon", "Ice"]}, "Medicham": {"name": "Medicham", "species": "Medicham", "speciesId": "medicham", "gender": "F", "shiny": false, "level": 86, "moves": ["closecombat", "poisonjab", "icepunch", "zenheadbutt"], "ability": "Pure Power", "evs": {"hp": 85, "atk": 85, "def": 85, "spa": 85, "spd": 85, "spe": 85}, "ivs": {"hp": 31, "atk": 31, "def": 31, "spa": 31, "spd": 31, "spe": 31}, "item": "Choice Scarf", "teraType": "Fighting", "role": "Fast Attacker", "bvs": {"hp": 60, "atk": 60, "def": 75, "spa": 60, "spd": 75, "spe": 80}, "stats": {"hp": 243, "atk": 152, "def": 178, "spa": 152, "spd": 178, "spe": 187}, "types": ["Fighting", "Psychic"]}, "Scyther": {"name": "Scyther", "species": "Scyther", "speciesId": "scyther", "gender": "F", "shiny": false, "level": 82, "moves": ["bugbite", "swordsdance", "dualwingbeat", "closecombat"], "ability": "Technician", "evs": {"hp": 85, "atk": 85, "def": 85, "spa": 85, "spd": 85, "spe": 85}, "ivs": {"hp": 31, "atk": 31, "def": 31, "spa": 31, "spd": 31, "spe": 31}, "item": "Heavy-Duty Boots", "teraType": "Fighting", "role": "Setup Sweeper", "bvs": {"hp": 70, "atk": 110, "def": 80, "spa": 55, "spd": 80, "spe": 105}, "stats": {"hp": 249, "atk": 228, "def": 178, "spa": 137, "spd": 178, "spe": 219}, "types": ["Bug", "Flying"]}}]}