{"id": "gen9randombattle-2641085058", "format": "[Gen 9] Random Battle", "players": ["notmetbh102", "Obaidelphox"], "log": "|j|\u2606notmetbh102\n|j|\u2606Obaidelphox\n|t:|1782738263\n|gametype|singles\n|player|p1|notmetbh102|2|1978\n|player|p2|Obaidelphox|102|1939\n|gen|9\n|tier|[Gen 9] Random Battle\n|rated|\n|rule|Species Clause: Limit one of each Pok\u00e9mon\n|rule|HP Percentage Mod: HP is shown in percentages\n|rule|Sleep Clause Mod: Limit one foe put to sleep\n|rule|Illusion Level Mod: Illusion disguises the Pok\u00e9mon's true level\n|\n|t:|1782738263\n|teamsize|p1|6\n|teamsize|p2|6\n|start\n|switch|p1a: Revavroom|Revavroom, L79, M|256/256\n|switch|p2a: Mightyena|Mightyena, L96, M|290/290\n|-ability|p2a: Mightyena|Intimidate|boost\n|-unboost|p1a: Revavroom|atk|1\n|turn|1\n|inactive|Battle timer is ON: inactive players will automatically lose when time's up. (requested by notmetbh102)\n|c|\u2606notmetbh102|hf\n|\n|t:|1782738278\n|move|p2a: Mightyena|Throat Chop|p1a: Revavroom\n|-damage|p1a: Revavroom|145/256\n|-start|p1a: Revavroom|Throat Chop|[silent]\n|move|p1a: Revavroom|Shift Gear|p1a: Revavroom\n|-boost|p1a: Revavroom|spe|2\n|-boost|p1a: Revavroom|atk|1\n|\n|upkeep\n|turn|2\n|\n|t:|1782738283\n|move|p1a: Revavroom|Gunk Shot|p2a: Mightyena|[miss]\n|-miss|p1a: Revavroom|p2a: Mightyena\n|move|p2a: Mightyena|Throat Chop|p1a: Revavroom\n|-damage|p1a: Revavroom|37/256\n|\n|-end|p1a: Revavroom|Throat Chop|[silent]\n|upkeep\n|turn|3\n|\n|t:|1782738288\n|switch|p1a: Volcanion|Volcanion, L79|255/255\n|move|p2a: Mightyena|Sucker Punch||[still]\n|-fail|p2a: Mightyena\n|\n|upkeep\n|turn|4\n|\n|t:|1782738300\n|move|p2a: Mightyena|Poison Fang|p1a: Volcanion\n|-damage|p1a: Volcanion|219/255\n|move|p1a: Volcanion|Steam Eruption|p2a: Mightyena\n|-damage|p2a: Mightyena|196/290\n|\n|upkeep\n|turn|5\n|\n|t:|1782738305\n|move|p2a: Mightyena|Poison Fang|p1a: Volcanion\n|-damage|p1a: Volcanion|185/255\n|-status|p1a: Volcanion|tox\n|move|p1a: Volcanion|Steam Eruption|p2a: Mightyena\n|-damage|p2a: Mightyena|90/290\n|-status|p2a: Mightyena|brn\n|\n|-damage|p1a: Volcanion|170/255 tox|[from] psn\n|-damage|p2a: Mightyena|72/290 brn|[from] brn\n|upkeep\n|turn|6\n|\n|t:|1782738312\n|move|p2a: Mightyena|Throat Chop|p1a: Volcanion\n|-damage|p1a: Volcanion|128/255 tox\n|-start|p1a: Volcanion|Throat Chop|[silent]\n|move|p1a: Volcanion|Flame Charge|p2a: Mightyena\n|-damage|p2a: Mightyena|17/290 brn\n|-boost|p1a: Volcanion|spe|1\n|\n|-damage|p1a: Volcanion|98/255 tox|[from] psn\n|-damage|p2a: Mightyena|0 fnt|[from] brn\n|faint|p2a: Mightyena\n|upkeep\n|inactive|Obaidelphox has 120 seconds left.\n|\n|t:|1782738364\n|switch|p2a: Archaludon|Archaludon, L78, M|268/268\n|turn|7\n|\n|t:|1782738370\n|move|p1a: Volcanion|Flamethrower|p2a: Archaludon\n|-damage|p2a: Archaludon|163/268\n|-ability|p2a: Archaludon|Stamina|boost\n|-boost|p2a: Archaludon|def|1\n|move|p2a: Archaludon|Body Press|p1a: Volcanion\n|-damage|p1a: Volcanion|15/255 tox\n|\n|-damage|p1a: Volcanion|0 fnt|[from] psn\n|faint|p1a: Volcanion\n|upkeep\n|\n|t:|1782738371\n|switch|p1a: Oricorio|Oricorio-Sensu, L85, M|266/266\n|turn|8\n|inactive|Obaidelphox has 90 seconds left.\n|\n|t:|1782738412\n|move|p1a: Oricorio|Revelation Dance|p2a: Archaludon\n|-damage|p2a: Archaludon|66/268\n|-ability|p2a: Archaludon|Stamina|boost\n|-boost|p2a: Archaludon|def|1\n|move|p2a: Archaludon|Dragon Tail|p1a: Oricorio\n|-damage|p1a: Oricorio|197/266\n|drag|p1a: Froslass|Froslass, L87, F|263/263\n|\n|upkeep\n|turn|9\n|\n|t:|1782738422\n|switch|p1a: Gastrodon|Gastrodon-East, L86, F|331/331\n|move|p2a: Archaludon|Flash Cannon|p1a: Gastrodon\n|-resisted|p1a: Gastrodon\n|-damage|p1a: Gastrodon|283/331\n|\n|-heal|p1a: Gastrodon|303/331|[from] item: Leftovers\n|upkeep\n|turn|10\n|\n|t:|1782738425\n|move|p2a: Archaludon|Body Press|p1a: Gastrodon\n|-damage|p1a: Gastrodon|154/331\n|move|p1a: Gastrodon|Earthquake|p2a: Archaludon\n|-supereffective|p2a: Archaludon\n|-damage|p2a: Archaludon|0 fnt\n|faint|p2a: Archaludon\n|\n|-heal|p1a: Gastrodon|174/331|[from] item: Leftovers\n|upkeep\n|inactive|Obaidelphox has 90 seconds left.\n|\n|t:|1782738455\n|switch|p2a: Tsareena|Tsareena, L87, F|267/267\n|turn|11\n|\n|t:|1782738462\n|-terastallize|p1a: Gastrodon|Poison\n|move|p2a: Tsareena|Triple Axel|p1a: Gastrodon\n|-damage|p1a: Gastrodon|140/331\n|-damage|p1a: Gastrodon|73/331\n|-damage|p1a: Gastrodon|0 fnt\n|faint|p1a: Gastrodon\n|-hitcount|p1: Gastrodon|3\n|\n|upkeep\n|\n|t:|1782738463\n|switch|p1a: Froslass|Froslass, L87, F|263/263\n|turn|12\n|\n|t:|1782738481\n|switch|p2a: Deoxys|Deoxys-Speed, L82|216/216\n|-ability|p2a: Deoxys|Pressure\n|move|p1a: Froslass|Will-O-Wisp|p2a: Deoxys\n|-status|p2a: Deoxys|brn\n|\n|-damage|p2a: Deoxys|203/216 brn|[from] brn\n|upkeep\n|turn|13\n|\n|t:|1782738489\n|move|p2a: Deoxys|Dark Pulse|p1a: Froslass\n|-supereffective|p1a: Froslass\n|-damage|p1a: Froslass|94/263\n|-damage|p2a: Deoxys|182/216 brn|[from] item: Life Orb\n|move|p1a: Froslass|Poltergeist|p2a: Deoxys\n|-activate|p2a: Deoxys|move: Poltergeist|Life Orb\n|-supereffective|p2a: Deoxys\n|-damage|p2a: Deoxys|0 fnt\n|faint|p2a: Deoxys\n|\n|upkeep\n|\n|t:|1782738502\n|switch|p2a: Quaquaval|Quaquaval, L79, F|264/264\n|turn|14\n|\n|t:|1782738505\n|move|p1a: Froslass|Destiny Bond|p1a: Froslass\n|-singlemove|p1a: Froslass|Destiny Bond\n|move|p2a: Quaquaval|Aqua Step|p1a: Froslass\n|-damage|p1a: Froslass|0 fnt\n|-boost|p2a: Quaquaval|spe|1\n|-start|p2a: Quaquaval|Disable|Aqua Step|[from] ability: Cursed Body|[of] p1a: Froslass\n|faint|p1a: Froslass\n|-activate|p1a: Froslass|move: Destiny Bond\n|faint|p2a: Quaquaval\n|\n|upkeep\n|\n|t:|1782738517\n|switch|p1a: Revavroom|Revavroom, L79, M|37/256\n|switch|p2a: Alcremie|Alcremie-Ruby-Swirl, L90, F|263/263\n|turn|15\n|\n|t:|1782738528\n|-terastallize|p2a: Alcremie|Poison\n|move|p1a: Revavroom|Iron Head|p2a: Alcremie\n|-damage|p2a: Alcremie|138/263\n|-damage|p1a: Revavroom|12/256|[from] item: Life Orb\n|cant|p2a: Alcremie|flinch\n|\n|-heal|p2a: Alcremie|154/263|[from] item: Leftovers\n|upkeep\n|turn|16\n|\n|t:|1782738536\n|switch|p2a: Tsareena|Tsareena, L87, F|267/267\n|move|p1a: Revavroom|High Horsepower|p2a: Tsareena\n|-resisted|p2a: Tsareena\n|-damage|p2a: Tsareena|223/267\n|-damage|p1a: Revavroom|0 fnt|[from] item: Life Orb\n|faint|p1a: Revavroom\n|\n|upkeep\n|\n|t:|1782738537\n|switch|p1a: Goodra|Goodra-Hisui, L82, M|265/265\n|turn|17\n|\n|t:|1782738541\n|move|p2a: Tsareena|Triple Axel|p1a: Goodra\n|-damage|p1a: Goodra|241/265\n|-hitcount|p1a: Goodra|1\n|move|p1a: Goodra|Fire Blast|p2a: Tsareena\n|-supereffective|p2a: Tsareena\n|-damage|p2a: Tsareena|89/267\n|\n|upkeep\n|turn|18\n|inactive|Obaidelphox has 90 seconds left.\n|\n|t:|1782738572\n|move|p2a: Tsareena|Triple Axel|p1a: Goodra\n|-damage|p1a: Goodra|217/265\n|-damage|p1a: Goodra|168/265\n|-damage|p1a: Goodra|97/265\n|-hitcount|p1a: Goodra|3\n|move|p1a: Goodra|Heavy Slam|p2a: Tsareena\n|-damage|p2a: Tsareena|0 fnt\n|faint|p2a: Tsareena\n|\n|upkeep\n|\n|t:|1782738578\n|switch|p2a: Alcremie|Alcremie-Ruby-Swirl, L90, F, tera:Poison|154/263\n|turn|19\n|\n|t:|1782738582\n|move|p2a: Alcremie|Alluring Voice|p1a: Goodra\n|-damage|p1a: Goodra|43/265\n|move|p1a: Goodra|Heavy Slam|p2a: Alcremie\n|-damage|p2a: Alcremie|21/263\n|\n|-heal|p2a: Alcremie|37/263|[from] item: Leftovers\n|upkeep\n|turn|20\n|inactive|Obaidelphox has 90 seconds left.\n|\n|t:|1782738589\n|move|p2a: Alcremie|Recover|p2a: Alcremie\n|-heal|p2a: Alcremie|169/263\n|move|p1a: Goodra|Heavy Slam|p2a: Alcremie\n|-damage|p2a: Alcremie|39/263\n|\n|-heal|p2a: Alcremie|55/263|[from] item: Leftovers\n|upkeep\n|turn|21\n|inactive|Obaidelphox has 90 seconds left.\n|\n|t:|1782738599\n|move|p2a: Alcremie|Recover|p2a: Alcremie\n|-heal|p2a: Alcremie|187/263\n|move|p1a: Goodra|Heavy Slam|p2a: Alcremie\n|-damage|p2a: Alcremie|64/263\n|\n|-heal|p2a: Alcremie|80/263|[from] item: Leftovers\n|upkeep\n|turn|22\n|\n|t:|1782738602\n|move|p2a: Alcremie|Recover|p2a: Alcremie\n|-heal|p2a: Alcremie|212/263\n|move|p1a: Goodra|Heavy Slam|p2a: Alcremie\n|-damage|p2a: Alcremie|71/263\n|\n|-heal|p2a: Alcremie|87/263|[from] item: Leftovers\n|upkeep\n|turn|23\n|\n|t:|1782738605\n|move|p2a: Alcremie|Recover|p2a: Alcremie\n|-heal|p2a: Alcremie|219/263\n|move|p1a: Goodra|Heavy Slam|p2a: Alcremie\n|-crit|p2a: Alcremie\n|-damage|p2a: Alcremie|30/263\n|\n|-heal|p2a: Alcremie|46/263|[from] item: Leftovers\n|upkeep\n|turn|24\n|\n|t:|1782738624\n|move|p2a: Alcremie|Alluring Voice|p1a: Goodra\n|-crit|p1a: Goodra\n|-damage|p1a: Goodra|0 fnt\n|faint|p1a: Goodra\n|\n|-heal|p2a: Alcremie|62/263|[from] item: Leftovers\n|upkeep\n|\n|t:|1782738625\n|switch|p1a: Oricorio|Oricorio-Sensu, L85, M|197/266\n|turn|25\n|-message|Obaidelphox forfeited.\n|\n|win|notmetbh102\n|raw|notmetbh102's rating: 1978 &rarr; <strong>1996</strong><br />(+18 for winning)\n|raw|Obaidelphox's rating: 1939 &rarr; <strong>1921</strong><br />(-18 for losing)\n|c|\u2606notmetbh102|gg\n|l|\u2606Obaidelphox\n|player|p2|\n", "inputlog": ">version f8ac14003a5f27e1bdc8d8c59608a773c1cb96e5\n>start {\"formatid\":\"gen9randombattle\",\"seed\":\"sodium,a001fd700677b8032f8af18681aecbaf\",\"rated\":\"Rated battle\"}\n>player p1 {\"name\":\"notmetbh102\",\"avatar\":\"2\",\"rating\":1978,\"seed\":\"sodium,c8e9ad50344a73a8c4eda6c5bc0014e2\"}\n>player p2 {\"name\":\"Obaidelphox\",\"avatar\":\"102\",\"rating\":1939,\"seed\":\"sodium,bffe09198771660a82f13fcf25fdc4b3\"}\n>chat \u2606notmetbh102|hf\n>p1 move shiftgear\n>p2 move throatchop\n>p1 move gunkshot\n>p2 move throatchop\n>p1 switch 4\n>p2 move suckerpunch\n>p1 move steameruption\n>p2 move poisonfang\n>p1 move steameruption\n>p2 move poisonfang\n>p1 move flamecharge\n>p2 move throatchop\n>p2 switch 6\n>p1 move flamethrower\n>p2 move bodypress\n>p1 switch 3\n>p1 move revelationdance\n>p2 move dragontail\n>p1 switch 2\n>p2 move flashcannon\n>p1 move earthquake\n>p2 move bodypress\n>p2 switch 2\n>p1 move recover terastallize\n>p2 move tripleaxel\n>p1 switch 2\n>p1 move willowisp\n>p2 switch 3\n>p1 move poltergeist\n>p2 move darkpulse\n>p2 switch 5\n>p1 move destinybond\n>p2 move aquastep\n>p1 switch 4\n>p2 switch 4\n>p1 move ironhead\n>p2 move alluringvoice terastallize\n>p1 move highhorsepower\n>p2 switch 3\n>p1 switch 5\n>p1 move fireblast\n>p2 move tripleaxel\n>p1 move heavyslam\n>p2 move tripleaxel\n>p2 switch 3\n>p1 move heavyslam\n>p2 move alluringvoice\n>p1 move heavyslam\n>p2 move recover\n>p1 move heavyslam\n>p2 move recover\n>p1 move heavyslam\n>p2 move recover\n>p1 move heavyslam\n>p2 move recover\n>p1 move heavyslam\n>p2 move alluringvoice\n>p1 switch 6\n>forcelose p2", "uploadtime": 1782738265, "views": 6, "formatid": "gen9randombattle", "rating": 1921, "private": 0, "password": null, "player_dets": [{"name": "notmetbh102", "avatar": "2", "rating": 1978, "seed": "sodium,c8e9ad50344a73a8c4eda6c5bc0014e2"}, {"name": "Obaidelphox", "avatar": "102", "rating": 1939, "seed": "sodium,bffe09198771660a82f13fcf25fdc4b3"}], "teams_full": [{"Revavroom": {"name": "Revavroom", "species": "Revavroom", "speciesId": "revavroom", "gender": "M", "shiny": false, "level": 79, "moves": ["gunkshot", "shiftgear", "ironhead", "highhorsepower"], "ability": "Filter", "evs": {"hp": 85, "atk": 85, "def": 85, "spa": 85, "spd": 85, "spe": 85}, "ivs": {"hp": 31, "atk": 31, "def": 31, "spa": 31, "spd": 31, "spe": 31}, "item": "Life Orb", "teraType": "Ground", "role": "Fast Attacker", "bvs": {"hp": 80, "atk": 119, "def": 90, "spa": 54, "spd": 67, "spe": 90}, "stats": {"hp": 256, "atk": 234, "def": 188, "spa": 131, "spd": 151, "spe": 188}, "types": ["Steel", "Poison"]}, "Gastrodon": {"name": "Gastrodon", "species": "Gastrodon-East", "speciesId": "gastrodon", "gender": "F", "shiny": false, "level": 86, "moves": ["icebeam", "spikes", "recover", "earthquake"], "ability": "Storm Drain", "evs": {"hp": 85, "atk": 85, "def": 85, "spa": 85, "spd": 85, "spe": 85}, "ivs": {"hp": 31, "atk": 31, "def": 31, "spa": 31, "spd": 31, "spe": 31}, "item": "Leftovers", "teraType": "Poison", "role": "Bulky Attacker", "bvs": {"hp": 111, "atk": 83, "def": 68, "spa": 92, "spd": 82, "spe": 39}, "stats": {"hp": 331, "atk": 192, "def": 166, "spa": 207, "spd": 190, "spe": 116}, "types": ["Water", "Ground"]}, "Oricorio": {"name": "Oricorio", "species": "Oricorio-Sensu", "speciesId": "oricoriosensu", "gender": "M", "shiny": false, "level": 85, "moves": ["roost", "quiverdance", "hurricane", "revelationdance"], "ability": "Dancer", "evs": {"hp": 85, "atk": 0, "def": 85, "spa": 85, "spd": 85, "spe": 85}, "ivs": {"hp": 31, "atk": 0, "def": 31, "spa": 31, "spd": 31, "spe": 31}, "item": "Heavy-Duty Boots", "teraType": "Fighting", "role": "Setup Sweeper", "bvs": {"hp": 75, "atk": 70, "def": 70, "spa": 98, "spd": 70, "spe": 93}, "stats": {"hp": 266, "atk": 124, "def": 168, "spa": 215, "spd": 168, "spe": 207}, "types": ["Ghost", "Flying"]}, "Volcanion": {"name": "Volcanion", "species": "Volcanion", "speciesId": "volcanion", "gender": "N", "shiny": false, "level": 79, "moves": ["sludgebomb", "steameruption", "flamecharge", "flamethrower"], "ability": "Water Absorb", "evs": {"hp": 81, "atk": 85, "def": 85, "spa": 85, "spd": 85, "spe": 85}, "ivs": {"hp": 31, "atk": 31, "def": 31, "spa": 31, "spd": 31, "spe": 31}, "item": "Assault Vest", "teraType": "Water", "role": "Bulky Attacker", "bvs": {"hp": 80, "atk": 110, "def": 120, "spa": 130, "spd": 90, "spe": 70}, "stats": {"hp": 255, "atk": 219, "def": 235, "spa": 251, "spd": 188, "spe": 156}, "types": ["Fire", "Water"]}, "Goodra": {"name": "Goodra", "species": "Goodra-Hisui", "speciesId": "goodrahisui", "gender": "M", "shiny": false, "level": 82, "moves": ["thunderbolt", "dracometeor", "heavyslam", "fireblast"], "ability": "Sap Sipper", "evs": {"hp": 85, "atk": 85, "def": 85, "spa": 85, "spd": 85, "spe": 85}, "ivs": {"hp": 31, "atk": 31, "def": 31, "spa": 31, "spd": 31, "spe": 31}, "item": "Assault Vest", "teraType": "Dragon", "role": "AV Pivot", "bvs": {"hp": 80, "atk": 100, "def": 100, "spa": 110, "spd": 150, "spe": 60}, "stats": {"hp": 265, "atk": 211, "def": 211, "spa": 228, "spd": 293, "spe": 146}, "types": ["Steel", "Dragon"]}, "Froslass": {"name": "Froslass", "species": "Froslass", "speciesId": "froslass", "gender": "F", "shiny": false, "level": 87, "moves": ["destinybond", "poltergeist", "willowisp", "tripleaxel"], "ability": "Cursed Body", "evs": {"hp": 81, "atk": 85, "def": 85, "spa": 85, "spd": 85, "spe": 85}, "ivs": {"hp": 31, "atk": 31, "def": 31, "spa": 31, "spd": 31, "spe": 31}, "item": "Wide Lens", "teraType": "Ghost", "role": "Fast Support", "bvs": {"hp": 70, "atk": 80, "def": 70, "spa": 80, "spd": 70, "spe": 110}, "stats": {"hp": 263, "atk": 189, "def": 172, "spa": 189, "spd": 172, "spe": 241}, "types": ["Ice", "Ghost"]}}, {"Mightyena": {"name": "Mightyena", "species": "Mightyena", "speciesId": "mightyena", "gender": "M", "shiny": false, "level": 96, "moves": ["poisonfang", "superfang", "throatchop", "suckerpunch"], "ability": "Intimidate", "evs": {"hp": 85, "atk": 85, "def": 85, "spa": 85, "spd": 85, "spe": 85}, "ivs": {"hp": 31, "atk": 31, "def": 31, "spa": 31, "spd": 31, "spe": 31}, "item": "Assault Vest", "teraType": "Poison", "role": "AV Pivot", "bvs": {"hp": 70, "atk": 90, "def": 70, "spa": 60, "spd": 60, "spe": 70}, "stats": {"hp": 290, "atk": 227, "def": 189, "spa": 170, "spd": 170, "spe": 189}, "types": ["Dark"]}, "Tsareena": {"name": "Tsareena", "species": "Tsareena", "speciesId": "tsareena", "gender": "F", "shiny": false, "level": 87, "moves": ["highjumpkick", "uturn", "powerwhip", "tripleaxel"], "ability": "Queenly Majesty", "evs": {"hp": 85, "atk": 85, "def": 85, "spa": 85, "spd": 85, "spe": 85}, "ivs": {"hp": 31, "atk": 31, "def": 31, "spa": 31, "spd": 31, "spe": 31}, "item": "Choice Band", "teraType": "Fighting", "role": "Fast Support", "bvs": {"hp": 72, "atk": 120, "def": 98, "spa": 50, "spd": 98, "spe": 72}, "stats": {"hp": 267, "atk": 259, "def": 220, "spa": 137, "spd": 220, "spe": 175}, "types": ["Grass"]}, "Deoxys": {"name": "Deoxys", "species": "Deoxys-Speed", "speciesId": "deoxysspeed", "gender": "N", "shiny": false, "level": 82, "moves": ["darkpulse", "focusblast", "nastyplot", "psychoboost"], "ability": "Pressure", "evs": {"hp": 85, "atk": 0, "def": 85, "spa": 85, "spd": 85, "spe": 85}, "ivs": {"hp": 31, "atk": 0, "def": 31, "spa": 31, "spd": 31, "spe": 31}, "item": "Life Orb", "teraType": "Dark", "role": "Setup Sweeper", "bvs": {"hp": 50, "atk": 95, "def": 90, "spa": 95, "spd": 90, "spe": 180}, "stats": {"hp": 216, "atk": 160, "def": 195, "spa": 203, "spd": 195, "spe": 342}, "types": ["Psychic"]}, "Alcremie": {"name": "Alcremie", "species": "Alcremie-Ruby-Swirl", "speciesId": "alcremie", "gender": "F", "shiny": false, "level": 90, "moves": ["calmmind", "alluringvoice", "psyshock", "recover"], "ability": "Aroma Veil", "evs": {"hp": 85, "atk": 0, "def": 85, "spa": 85, "spd": 85, "spe": 85}, "ivs": {"hp": 31, "atk": 0, "def": 31, "spa": 31, "spd": 31, "spe": 31}, "item": "Leftovers", "teraType": "Poison", "role": "Bulky Setup", "bvs": {"hp": 65, "atk": 60, "def": 75, "spa": 110, "spd": 121, "spe": 64}, "stats": {"hp": 263, "atk": 113, "def": 186, "spa": 249, "spd": 269, "spe": 167}, "types": ["Fairy"]}, "Quaquaval": {"name": "Quaquaval", "species": "Quaquaval", "speciesId": "quaquaval", "gender": "F", "shiny": false, "level": 79, "moves": ["closecombat", "encore", "aquastep", "swordsdance"], "ability": "Moxie", "evs": {"hp": 85, "atk": 85, "def": 85, "spa": 85, "spd": 85, "spe": 85}, "ivs": {"hp": 31, "atk": 31, "def": 31, "spa": 31, "spd": 31, "spe": 31}, "item": "Life Orb", "teraType": "Fighting", "role": "Setup Sweeper", "bvs": {"hp": 85, "atk": 120, "def": 80, "spa": 85, "spd": 75, "spe": 85}, "stats": {"hp": 264, "atk": 235, "def": 172, "spa": 180, "spd": 164, "spe": 180}, "types": ["Water", "Fighting"]}, "Archaludon": {"name": "Archaludon", "species": "Archaludon", "speciesId": "archaludon", "gender": "M", "shiny": false, "level": 78, "moves": ["dragontail", "flashcannon", "dracometeor", "bodypress"], "ability": "Stamina", "evs": {"hp": 85, "atk": 85, "def": 85, "spa": 85, "spd": 85, "spe": 85}, "ivs": {"hp": 31, "atk": 31, "def": 31, "spa": 31, "spd": 31, "spe": 31}, "item": "Assault Vest", "teraType": "Fighting", "role": "Bulky Attacker", "bvs": {"hp": 90, "atk": 105, "def": 130, "spa": 125, "spd": 65, "spe": 85}, "stats": {"hp": 268, "atk": 209, "def": 248, "spa": 240, "spd": 146, "spe": 178}, "types": ["Steel", "Dragon"]}}]}