{"id": "gen9randombattle-2641235477", "format": "[Gen 9] Random Battle", "players": ["Fortre", "PeterPmpknEater69"], "log": "|j|\u2606Fortre\n|j|\u2606PeterPmpknEater69\n|t:|1782757217\n|gametype|singles\n|player|p1|Fortre|1|1984\n|player|p2|PeterPmpknEater69|101|2001\n|gen|9\n|tier|[Gen 9] Random Battle\n|rated|\n|rule|Species Clause: Limit one of each Pok\u00e9mon\n|rule|HP Percentage Mod: HP is shown in percentages\n|rule|Sleep Clause Mod: Limit one foe put to sleep\n|rule|Illusion Level Mod: Illusion disguises the Pok\u00e9mon's true level\n|\n|t:|1782757217\n|teamsize|p1|6\n|teamsize|p2|6\n|start\n|switch|p1a: Gallade|Gallade, L80, M|240/240\n|switch|p2a: Archaludon|Archaludon, L78, M|268/268\n|turn|1\n|\n|t:|1782757240\n|switch|p2a: Gholdengo|Gholdengo, L77|261/261\n|switch|p1a: Okidogi|Okidogi, L77, M|262/262\n|\n|upkeep\n|turn|2\n|\n|t:|1782757259\n|move|p2a: Gholdengo|Nasty Plot|p2a: Gholdengo\n|-boost|p2a: Gholdengo|spa|2\n|move|p1a: Okidogi|Knock Off|p2a: Gholdengo\n|-supereffective|p2a: Gholdengo\n|-damage|p2a: Gholdengo|121/261\n|-enditem|p2a: Gholdengo|Leftovers|[from] move: Knock Off|[of] p1a: Okidogi\n|\n|upkeep\n|turn|3\n|\n|t:|1782757265\n|move|p2a: Gholdengo|Recover|p2a: Gholdengo\n|-heal|p2a: Gholdengo|252/261\n|move|p1a: Okidogi|High Horsepower|p2a: Gholdengo\n|-supereffective|p2a: Gholdengo\n|-damage|p2a: Gholdengo|114/261\n|\n|upkeep\n|turn|4\n|\n|t:|1782757272\n|move|p2a: Gholdengo|Make It Rain|p1a: Okidogi\n|-crit|p1a: Okidogi\n|-damage|p1a: Okidogi|0 fnt\n|-unboost|p2a: Gholdengo|spa|1\n|faint|p1a: Okidogi\n|\n|upkeep\n|\n|t:|1782757280\n|switch|p1a: Bombirdier|Bombirdier, L85, M|258/258\n|turn|5\n|\n|t:|1782757303\n|switch|p2a: Gouging Fire|Gouging Fire, L74|277/277\n|move|p1a: Bombirdier|Knock Off|p2a: Gouging Fire\n|-damage|p2a: Gouging Fire|175/277\n|-enditem|p2a: Gouging Fire|Heavy-Duty Boots|[from] move: Knock Off|[of] p1a: Bombirdier\n|\n|upkeep\n|turn|6\n|\n|t:|1782757312\n|switch|p1a: Lapras|Lapras, L87, M|367/367\n|move|p2a: Gouging Fire|Dragon Dance|p2a: Gouging Fire\n|-boost|p2a: Gouging Fire|atk|1\n|-boost|p2a: Gouging Fire|spe|1\n|\n|upkeep\n|turn|7\n|\n|t:|1782757323\n|move|p2a: Gouging Fire|Outrage|p1a: Lapras\n|-damage|p1a: Lapras|183/367\n|move|p1a: Lapras|Icicle Spear|p2a: Gouging Fire\n|-damage|p2a: Gouging Fire|151/277\n|-damage|p2a: Gouging Fire|127/277\n|-damage|p2a: Gouging Fire|103/277\n|-damage|p2a: Gouging Fire|78/277\n|-damage|p2a: Gouging Fire|56/277\n|-hitcount|p2a: Gouging Fire|5\n|\n|upkeep\n|turn|8\n|\n|t:|1782757333\n|move|p2a: Gouging Fire|Outrage|p1a: Lapras|[from] lockedmove\n|-damage|p1a: Lapras|23/367\n|move|p1a: Lapras|Icicle Spear|p2a: Gouging Fire\n|-damage|p2a: Gouging Fire|32/277\n|-damage|p2a: Gouging Fire|7/277\n|-damage|p2a: Gouging Fire|0 fnt\n|faint|p2a: Gouging Fire\n|-end|p2a: Gouging Fire|Protosynthesis|[silent]\n|-hitcount|p2: Gouging Fire|3\n|\n|upkeep\n|\n|t:|1782757354\n|switch|p2a: Archaludon|Archaludon, L78, M|268/268\n|turn|9\n|\n|t:|1782757360\n|move|p2a: Archaludon|Flash Cannon|p1a: Lapras\n|-damage|p1a: Lapras|0 fnt\n|faint|p1a: Lapras\n|\n|upkeep\n|\n|t:|1782757363\n|switch|p1a: Gallade|Gallade, L80, M|240/240\n|turn|10\n|\n|t:|1782757375\n|move|p2a: Archaludon|Draco Meteor|p1a: Gallade\n|-damage|p1a: Gallade|113/240\n|-unboost|p2a: Archaludon|spa|2\n|move|p1a: Gallade|Agility|p1a: Gallade\n|-boost|p1a: Gallade|spe|2\n|\n|upkeep\n|turn|11\n|\n|t:|1782757383\n|switch|p2a: Gholdengo|Gholdengo, L77|114/261\n|move|p1a: Gallade|Sacred Sword|p2a: Gholdengo\n|-immune|p2a: Gholdengo\n|\n|upkeep\n|turn|12\n|\n|t:|1782757389\n|move|p1a: Gallade|Night Slash|p2a: Gholdengo\n|-supereffective|p2a: Gholdengo\n|-damage|p2a: Gholdengo|0 fnt\n|faint|p2a: Gholdengo\n|-damage|p1a: Gallade|89/240|[from] item: Life Orb\n|\n|upkeep\n|\n|t:|1782757411\n|switch|p2a: Spidops|Spidops, L96, F|271/271\n|turn|13\n|\n|t:|1782757416\n|move|p1a: Gallade|Psycho Cut|p2a: Spidops\n|-damage|p2a: Spidops|137/271\n|-damage|p1a: Gallade|65/240|[from] item: Life Orb\n|move|p2a: Spidops|U-turn|p1a: Gallade\n|-damage|p1a: Gallade|0 fnt\n|faint|p1a: Gallade\n|\n|t:|1782757423\n|switch|p2a: Archaludon|Archaludon, L78, M|268/268|[from] U-turn\n|\n|upkeep\n|\n|t:|1782757432\n|switch|p1a: Jolteon|Jolteon, L84, F|246/246\n|turn|14\n|\n|t:|1782757441\n|move|p1a: Jolteon|Substitute|p1a: Jolteon\n|-start|p1a: Jolteon|Substitute\n|-damage|p1a: Jolteon|185/246\n|move|p2a: Archaludon|Body Press|p1a: Jolteon\n|-end|p1a: Jolteon|Substitute\n|\n|-heal|p1a: Jolteon|200/246|[from] item: Leftovers\n|upkeep\n|turn|15\n|\n|t:|1782757449\n|move|p1a: Jolteon|Calm Mind|p1a: Jolteon\n|-boost|p1a: Jolteon|spa|1\n|-boost|p1a: Jolteon|spd|1\n|move|p2a: Archaludon|Body Press|p1a: Jolteon\n|-damage|p1a: Jolteon|113/246\n|\n|-heal|p1a: Jolteon|128/246|[from] item: Leftovers\n|upkeep\n|turn|16\n|\n|t:|1782757458\n|-terastallize|p1a: Jolteon|Ice\n|move|p1a: Jolteon|Tera Blast|p2a: Archaludon|[anim] Tera Blast Ice\n|-damage|p2a: Archaludon|133/268\n|-ability|p2a: Archaludon|Stamina|boost\n|-boost|p2a: Archaludon|def|1\n|move|p2a: Archaludon|Body Press|p1a: Jolteon\n|-supereffective|p1a: Jolteon\n|-damage|p1a: Jolteon|0 fnt\n|faint|p1a: Jolteon\n|\n|upkeep\n|\n|t:|1782757461\n|switch|p1a: Avalugg|Avalugg, L88, F|310/310\n|turn|17\n|\n|t:|1782757469\n|move|p2a: Archaludon|Flash Cannon|p1a: Avalugg\n|-supereffective|p1a: Avalugg\n|-damage|p1a: Avalugg|40/310\n|move|p1a: Avalugg|Body Press|p2a: Archaludon\n|-supereffective|p2a: Archaludon\n|-damage|p2a: Archaludon|11/268\n|-ability|p2a: Archaludon|Stamina|boost\n|-boost|p2a: Archaludon|def|1\n|\n|upkeep\n|turn|18\n|\n|t:|1782757476\n|move|p2a: Archaludon|Flash Cannon|p1a: Avalugg\n|-supereffective|p1a: Avalugg\n|-damage|p1a: Avalugg|0 fnt\n|faint|p1a: Avalugg\n|\n|upkeep\n|\n|t:|1782757487\n|switch|p1a: Bombirdier|Bombirdier, L85, M|258/258\n|turn|19\n|\n|t:|1782757490\n|move|p1a: Bombirdier|Brave Bird|p2a: Archaludon\n|-resisted|p2a: Archaludon\n|-damage|p2a: Archaludon|0 fnt\n|faint|p2a: Archaludon\n|-damage|p1a: Bombirdier|254/258|[from] Recoil\n|\n|upkeep\n|\n|t:|1782757499\n|switch|p2a: Spidops|Spidops, L96, F|137/271\n|turn|20\n|\n|t:|1782757502\n|move|p1a: Bombirdier|Brave Bird|p2a: Spidops\n|-supereffective|p2a: Spidops\n|-damage|p2a: Spidops|0 fnt\n|faint|p2a: Spidops\n|-damage|p1a: Bombirdier|209/258|[from] Recoil\n|\n|upkeep\n|\n|t:|1782757515\n|switch|p2a: Drifblim|Drifblim, L86, M|396/396\n|turn|21\n|\n|t:|1782757554\n|move|p1a: Bombirdier|Brave Bird|p2a: Drifblim\n|-damage|p2a: Drifblim|174/396\n|-enditem|p2a: Drifblim|Sitrus Berry|[eat]\n|-heal|p2a: Drifblim|273/396|[from] item: Sitrus Berry\n|-damage|p1a: Bombirdier|136/258|[from] Recoil\n|move|p2a: Drifblim|Strength Sap|p1a: Bombirdier\n|-unboost|p1a: Bombirdier|atk|1\n|-heal|p2a: Drifblim|396/396\n|\n|upkeep\n|turn|22\n|-message|Fortre forfeited.\n|\n|win|PeterPmpknEater69\n", "inputlog": ">version f8ac14003a5f27e1bdc8d8c59608a773c1cb96e5\n>start {\"formatid\":\"gen9randombattle\",\"seed\":\"sodium,665621dcf89198eebb91751ce75a4317\",\"rated\":\"Rated battle\"}\n>player p1 {\"name\":\"Fortre\",\"avatar\":\"1\",\"rating\":1984,\"seed\":\"sodium,bee9c52bff241eb4fda1d9041a7e8822\"}\n>player p2 {\"name\":\"PeterPmpknEater69\",\"avatar\":\"101\",\"rating\":2001,\"seed\":\"sodium,727eeb58b8e2f308698769eb4f61619a\"}\n>p1 switch 2\n>p2 switch 4\n>p1 move knockoff\n>p2 move nastyplot\n>p1 move highhorsepower\n>p2 move recover\n>p1 move highhorsepower\n>p2 move makeitrain\n>p1 switch 4\n>p1 move knockoff\n>p2 switch 3\n>p1 switch 5\n>p2 move dragondance\n>p1 move iciclespear\n>p2 move outrage\n>p1 move iciclespear\n>p2 move outrage\n>p2 switch 4\n>p1 move dragondance\n>p2 move flashcannon\n>p1 switch 2\n>p1 move agility\n>p2 move dracometeor\n>p1 move sacredsword\n>p2 switch 3\n>p1 move nightslash\n>p2 move shadowball\n>p2 switch 5\n>p1 move psychocut\n>p2 move uturn\n>p2 switch 3\n>p1 switch 6\n>p1 move substitute\n>p2 move bodypress\n>p1 move calmmind\n>p2 move bodypress\n>p1 move terablast terastallize\n>p2 move bodypress\n>p1 switch 3\n>p1 move bodypress\n>p2 move flashcannon\n>p1 move avalanche\n>p2 move flashcannon\n>p1 switch 5\n>p1 move bravebird\n>p2 move bodypress\n>p2 switch 3\n>p1 move bravebird\n>p2 move uturn\n>p2 switch 6\n>p1 move bravebird\n>p2 move strengthsap\n>forcelose p1", "uploadtime": 1782757220, "views": 5, "formatid": "gen9randombattle", "rating": null, "private": 0, "password": null, "player_dets": [{"name": "Fortre", "avatar": "1", "rating": 1984, "seed": "sodium,bee9c52bff241eb4fda1d9041a7e8822"}, {"name": "PeterPmpknEater69", "avatar": "101", "rating": 2001, "seed": "sodium,727eeb58b8e2f308698769eb4f61619a"}], "teams_full": [{"Gallade": {"name": "Gallade", "species": "Gallade", "speciesId": "gallade", "gender": "M", "shiny": false, "level": 80, "moves": ["agility", "sacredsword", "nightslash", "psychocut"], "ability": "Sharpness", "evs": {"hp": 85, "atk": 85, "def": 85, "spa": 85, "spd": 85, "spe": 85}, "ivs": {"hp": 31, "atk": 31, "def": 31, "spa": 31, "spd": 31, "spe": 31}, "item": "Life Orb", "teraType": "Dark", "role": "Setup Sweeper", "bvs": {"hp": 68, "atk": 125, "def": 65, "spa": 65, "spd": 115, "spe": 80}, "stats": {"hp": 240, "atk": 246, "def": 150, "spa": 150, "spd": 230, "spe": 174}, "types": ["Psychic", "Fighting"]}, "Okidogi": {"name": "Okidogi", "species": "Okidogi", "speciesId": "okidogi", "gender": "M", "shiny": false, "level": 77, "moves": ["highhorsepower", "gunkshot", "drainpunch", "knockoff"], "ability": "Toxic Chain", "evs": {"hp": 85, "atk": 85, "def": 85, "spa": 85, "spd": 85, "spe": 85}, "ivs": {"hp": 31, "atk": 31, "def": 31, "spa": 31, "spd": 31, "spe": 31}, "item": "Assault Vest", "teraType": "Dark", "role": "AV Pivot", "bvs": {"hp": 88, "atk": 128, "def": 115, "spa": 58, "spd": 86, "spe": 80}, "stats": {"hp": 262, "atk": 242, "def": 222, "spa": 134, "spd": 177, "spe": 168}, "types": ["Poison", "Fighting"]}, "Avalugg": {"name": "Avalugg", "species": "Avalugg", "speciesId": "avalugg", "gender": "F", "shiny": false, "level": 88, "moves": ["recover", "avalanche", "bodypress", "rapidspin"], "ability": "Sturdy", "evs": {"hp": 85, "atk": 85, "def": 85, "spa": 85, "spd": 85, "spe": 85}, "ivs": {"hp": 31, "atk": 31, "def": 31, "spa": 31, "spd": 31, "spe": 31}, "item": "Heavy-Duty Boots", "teraType": "Fighting", "role": "Bulky Support", "bvs": {"hp": 95, "atk": 117, "def": 184, "spa": 44, "spd": 46, "spe": 28}, "stats": {"hp": 310, "atk": 256, "def": 374, "spa": 128, "spd": 131, "spe": 100}, "types": ["Ice"]}, "Bombirdier": {"name": "Bombirdier", "species": "Bombirdier", "speciesId": "bombirdier", "gender": "M", "shiny": false, "level": 85, "moves": ["uturn", "knockoff", "stoneedge", "bravebird"], "ability": "Rocky Payload", "evs": {"hp": 85, "atk": 85, "def": 85, "spa": 85, "spd": 85, "spe": 85}, "ivs": {"hp": 31, "atk": 31, "def": 31, "spa": 31, "spd": 31, "spe": 31}, "item": "Choice Scarf", "teraType": "Rock", "role": "Fast Attacker", "bvs": {"hp": 70, "atk": 103, "def": 85, "spa": 60, "spd": 85, "spe": 82}, "stats": {"hp": 258, "atk": 224, "def": 193, "spa": 151, "spd": 193, "spe": 188}, "types": ["Flying", "Dark"]}, "Lapras": {"name": "Lapras", "species": "Lapras", "speciesId": "lapras", "gender": "M", "shiny": false, "level": 87, "moves": ["waterfall", "dragondance", "earthquake", "iciclespear"], "ability": "Water Absorb", "evs": {"hp": 81, "atk": 85, "def": 85, "spa": 85, "spd": 85, "spe": 85}, "ivs": {"hp": 31, "atk": 31, "def": 31, "spa": 31, "spd": 31, "spe": 31}, "item": "Loaded Dice", "teraType": "Ground", "role": "Setup Sweeper", "bvs": {"hp": 130, "atk": 85, "def": 80, "spa": 85, "spd": 95, "spe": 60}, "stats": {"hp": 367, "atk": 198, "def": 189, "spa": 198, "spd": 215, "spe": 154}, "types": ["Water", "Ice"]}, "Jolteon": {"name": "Jolteon", "species": "Jolteon", "speciesId": "jolteon", "gender": "F", "shiny": false, "level": 84, "moves": ["thunderbolt", "calmmind", "substitute", "terablast"], "ability": "Volt Absorb", "evs": {"hp": 85, "atk": 0, "def": 85, "spa": 85, "spd": 85, "spe": 85}, "ivs": {"hp": 31, "atk": 0, "def": 31, "spa": 31, "spd": 31, "spe": 31}, "item": "Leftovers", "teraType": "Ice", "role": "Tera Blast user", "bvs": {"hp": 65, "atk": 65, "def": 60, "spa": 110, "spd": 95, "spe": 130}, "stats": {"hp": 246, "atk": 114, "def": 149, "spa": 233, "spd": 208, "spe": 267}, "types": ["Electric"]}}, {"Archaludon": {"name": "Archaludon", "species": "Archaludon", "speciesId": "archaludon", "gender": "M", "shiny": false, "level": 78, "moves": ["bodypress", "flashcannon", "dracometeor", "thunderbolt"], "ability": "Stamina", "evs": {"hp": 85, "atk": 0, "def": 85, "spa": 85, "spd": 85, "spe": 85}, "ivs": {"hp": 31, "atk": 0, "def": 31, "spa": 31, "spd": 31, "spe": 31}, "item": "Assault Vest", "teraType": "Fighting", "role": "Bulky Attacker", "bvs": {"hp": 90, "atk": 105, "def": 130, "spa": 125, "spd": 65, "spe": 85}, "stats": {"hp": 268, "atk": 168, "def": 248, "spa": 240, "spd": 146, "spe": 178}, "types": ["Steel", "Dragon"]}, "Terapagos": {"name": "Terapagos", "species": "Terapagos", "speciesId": "terapagos", "gender": "F", "shiny": false, "level": 77, "moves": ["rapidspin", "calmmind", "terastarstorm", "earthpower"], "ability": "Tera Shift", "evs": {"hp": 85, "atk": 85, "def": 85, "spa": 85, "spd": 85, "spe": 85}, "ivs": {"hp": 31, "atk": 31, "def": 31, "spa": 31, "spd": 31, "spe": 31}, "item": "Heavy-Duty Boots", "teraType": "Stellar", "role": "Fast Bulky Setup", "bvs": {"hp": 90, "atk": 65, "def": 85, "spa": 65, "spd": 85, "spe": 60}, "stats": {"hp": 265, "atk": 145, "def": 175, "spa": 145, "spd": 175, "spe": 137}, "types": ["Normal"]}, "Gouging Fire": {"name": "Gouging Fire", "species": "Gouging Fire", "speciesId": "gougingfire", "gender": "N", "shiny": false, "level": 74, "moves": ["heatcrash", "dragondance", "outrage", "earthquake"], "ability": "Protosynthesis", "evs": {"hp": 85, "atk": 85, "def": 85, "spa": 85, "spd": 85, "spe": 85}, "ivs": {"hp": 31, "atk": 31, "def": 31, "spa": 31, "spd": 31, "spe": 31}, "item": "Heavy-Duty Boots", "teraType": "Ground", "role": "Setup Sweeper", "bvs": {"hp": 105, "atk": 115, "def": 121, "spa": 65, "spd": 93, "spe": 91}, "stats": {"hp": 277, "atk": 213, "def": 222, "spa": 139, "spd": 181, "spe": 178}, "types": ["Fire", "Dragon"]}, "Gholdengo": {"name": "Gholdengo", "species": "Gholdengo", "speciesId": "gholdengo", "gender": "N", "shiny": false, "level": 77, "moves": ["shadowball", "nastyplot", "makeitrain", "recover"], "ability": "Good as Gold", "evs": {"hp": 85, "atk": 0, "def": 85, "spa": 85, "spd": 85, "spe": 85}, "ivs": {"hp": 31, "atk": 0, "def": 31, "spa": 31, "spd": 31, "spe": 31}, "item": "Leftovers", "teraType": "Water", "role": "Bulky Support", "bvs": {"hp": 87, "atk": 60, "def": 95, "spa": 133, "spd": 91, "spe": 84}, "stats": {"hp": 261, "atk": 97, "def": 191, "spa": 249, "spd": 185, "spe": 174}, "types": ["Steel", "Ghost"]}, "Spidops": {"name": "Spidops", "species": "Spidops", "speciesId": "spidops", "gender": "F", "shiny": false, "level": 96, "moves": ["uturn", "circlethrow", "stickyweb", "knockoff"], "ability": "Stakeout", "evs": {"hp": 85, "atk": 85, "def": 85, "spa": 85, "spd": 85, "spe": 85}, "ivs": {"hp": 31, "atk": 31, "def": 31, "spa": 31, "spd": 31, "spe": 31}, "item": "Heavy-Duty Boots", "teraType": "Ghost", "role": "Bulky Support", "bvs": {"hp": 60, "atk": 79, "def": 92, "spa": 52, "spd": 86, "spe": 35}, "stats": {"hp": 271, "atk": 206, "def": 231, "spa": 154, "spd": 220, "spe": 122}, "types": ["Bug"]}, "Drifblim": {"name": "Drifblim", "species": "Drifblim", "speciesId": "drifblim", "gender": "M", "shiny": false, "level": 86, "moves": ["calmmind", "shadowball", "airslash", "strengthsap"], "ability": "Unburden", "evs": {"hp": 73, "atk": 0, "def": 85, "spa": 85, "spd": 85, "spe": 85}, "ivs": {"hp": 31, "atk": 0, "def": 31, "spa": 31, "spd": 31, "spe": 31}, "item": "Sitrus Berry", "teraType": "Fairy", "role": "Bulky Attacker", "bvs": {"hp": 150, "atk": 80, "def": 44, "spa": 90, "spd": 54, "spe": 80}, "stats": {"hp": 396, "atk": 142, "def": 125, "spa": 204, "spd": 142, "spe": 187}, "types": ["Ghost", "Flying"]}}]}