{"id": "gen9randombattle-2641469073", "format": "[Gen 9] Random Battle", "players": ["testbotcif", "Familiar Puma"], "log": "|j|\u2606testbotcif\n|j|\u2606Familiar Puma\n|t:|1782789605\n|gametype|singles\n|player|p1|testbotcif|266|1247\n|player|p2|Familiar Puma|falkner|1239\n|gen|9\n|tier|[Gen 9] Random Battle\n|rated|\n|rule|Species Clause: Limit one of each Pok\u00e9mon\n|rule|HP Percentage Mod: HP is shown in percentages\n|rule|Sleep Clause Mod: Limit one foe put to sleep\n|rule|Illusion Level Mod: Illusion disguises the Pok\u00e9mon's true level\n|\n|t:|1782789605\n|teamsize|p1|6\n|teamsize|p2|6\n|start\n|switch|p1a: Muk|Muk, L86, F|321/321\n|switch|p2a: Wigglytuff|Wigglytuff, L96, M|424/424\n|turn|1\n|inactive|Battle timer is ON: inactive players will automatically lose when time's up. (requested by Familiar Puma)\n|inactive|testbotcif also wants the timer to be on.\n|c|\u2606testbotcif|rlhf\n|\n|t:|1782789622\n|move|p2a: Wigglytuff|Thunder Wave|p1a: Muk\n|-status|p1a: Muk|par\n|cant|p1a: Muk|par\n|\n|upkeep\n|turn|2\n|\n|t:|1782789631\n|switch|p2a: Hoopa|Hoopa-Unbound, L80|259/259\n|move|p1a: Muk|Drain Punch|p2a: Hoopa\n|-damage|p2a: Hoopa|171/259\n|-status|p2a: Hoopa|psn|[from] ability: Poison Touch|[of] p1a: Muk\n|\n|-damage|p2a: Hoopa|139/259 psn|[from] psn\n|upkeep\n|turn|3\n|\n|t:|1782789642\n|-terastallize|p1a: Muk|Dark\n|move|p2a: Hoopa|Drain Punch|p1a: Muk\n|-supereffective|p1a: Muk\n|-damage|p1a: Muk|97/321 par\n|-heal|p2a: Hoopa|251/259 psn|[from] drain|[of] p1a: Muk\n|move|p1a: Muk|Poison Jab|p2a: Hoopa\n|-damage|p2a: Hoopa|124/259 psn\n|\n|-heal|p1a: Muk|117/321 par|[from] item: Leftovers\n|-damage|p2a: Hoopa|92/259 psn|[from] psn\n|upkeep\n|turn|4\n|\n|t:|1782789648\n|move|p2a: Hoopa|Drain Punch|p1a: Muk\n|-supereffective|p1a: Muk\n|-damage|p1a: Muk|0 fnt\n|-heal|p2a: Hoopa|151/259 psn|[from] drain|[of] p1a: Muk\n|faint|p1a: Muk\n|\n|-damage|p2a: Hoopa|119/259 psn|[from] psn\n|upkeep\n|\n|t:|1782789648\n|switch|p1a: Politoed|Politoed, L88, F|302/302\n|-weather|RainDance|[from] ability: Drizzle|[of] p1a: Politoed\n|turn|5\n|\n|t:|1782789656\n|switch|p2a: Cryogonal|Cryogonal, L89|287/287\n|move|p1a: Politoed|Hydro Pump|p2a: Cryogonal\n|-damage|p2a: Cryogonal|112/287\n|\n|-weather|RainDance|[upkeep]\n|upkeep\n|turn|6\n|\n|t:|1782789661\n|move|p2a: Cryogonal|Freeze-Dry|p1a: Politoed\n|-supereffective|p1a: Politoed\n|-damage|p1a: Politoed|152/302\n|move|p1a: Politoed|Hydro Pump|p2a: Cryogonal\n|-damage|p2a: Cryogonal|0 fnt\n|faint|p2a: Cryogonal\n|\n|-weather|RainDance|[upkeep]\n|upkeep\n|\n|t:|1782789665\n|switch|p2a: Hoopa|Hoopa-Unbound, L80|119/259 psn\n|turn|7\n|\n|t:|1782789667\n|move|p2a: Hoopa|Trick|p1a: Politoed\n|-activate|p2a: Hoopa|move: Trick|[of] p1a: Politoed\n|-item|p1a: Politoed|Choice Band|[from] move: Trick\n|-item|p2a: Hoopa|Choice Specs|[from] move: Trick\n|move|p1a: Politoed|Hydro Pump|p2a: Hoopa\n|-damage|p2a: Hoopa|0 fnt\n|faint|p2a: Hoopa\n|\n|-weather|RainDance|[upkeep]\n|upkeep\n|\n|t:|1782789683\n|switch|p2a: Sawsbuck|Sawsbuck-Summer, L88, F|284/284\n|turn|8\n|\n|t:|1782789688\n|switch|p1a: Infernape|Infernape, L82, F|259/259\n|move|p2a: Sawsbuck|Swords Dance|p2a: Sawsbuck\n|-boost|p2a: Sawsbuck|atk|2\n|\n|-weather|RainDance|[upkeep]\n|upkeep\n|turn|9\n|\n|t:|1782789695\n|-terastallize|p2a: Sawsbuck|Ground\n|move|p1a: Infernape|Close Combat|p2a: Sawsbuck\n|-damage|p2a: Sawsbuck|88/284\n|-unboost|p1a: Infernape|def|1\n|-unboost|p1a: Infernape|spd|1\n|-damage|p1a: Infernape|234/259|[from] item: Life Orb\n|move|p2a: Sawsbuck|Swords Dance|p2a: Sawsbuck\n|-boost|p2a: Sawsbuck|atk|2\n|\n|-weather|none\n|upkeep\n|turn|10\n|\n|t:|1782789702\n|move|p1a: Infernape|Overheat|p2a: Sawsbuck\n|-damage|p2a: Sawsbuck|0 fnt\n|-unboost|p1a: Infernape|spa|2\n|faint|p2a: Sawsbuck\n|-damage|p1a: Infernape|209/259|[from] item: Life Orb\n|\n|upkeep\n|\n|t:|1782789706\n|switch|p2a: Wigglytuff|Wigglytuff, L96, M|424/424\n|turn|11\n|\n|t:|1782789711\n|move|p1a: Infernape|Gunk Shot|p2a: Wigglytuff\n|-supereffective|p2a: Wigglytuff\n|-damage|p2a: Wigglytuff|120/424\n|-damage|p1a: Infernape|184/259|[from] item: Life Orb\n|move|p2a: Wigglytuff|Thunder Wave|p1a: Infernape\n|-status|p1a: Infernape|par\n|\n|-heal|p2a: Wigglytuff|146/424|[from] item: Leftovers\n|upkeep\n|turn|12\n|\n|t:|1782789715\n|move|p2a: Wigglytuff|Dazzling Gleam|p1a: Infernape\n|-damage|p1a: Infernape|0 fnt\n|faint|p1a: Infernape\n|\n|-heal|p2a: Wigglytuff|172/424|[from] item: Leftovers\n|upkeep\n|\n|t:|1782789715\n|switch|p1a: Deoxys|Deoxys, L74|196/196\n|-ability|p1a: Deoxys|Pressure\n|turn|13\n|\n|t:|1782789719\n|move|p1a: Deoxys|Psycho Boost|p2a: Wigglytuff\n|-damage|p2a: Wigglytuff|0 fnt\n|-unboost|p1a: Deoxys|spa|2\n|faint|p2a: Wigglytuff\n|-damage|p1a: Deoxys|177/196|[from] item: Life Orb\n|\n|upkeep\n|\n|t:|1782789728\n|switch|p2a: Delphox|Delphox, L84, M|263/263\n|turn|14\n|\n|t:|1782789743\n|move|p1a: Deoxys|Knock Off|p2a: Delphox\n|-supereffective|p2a: Delphox\n|-damage|p2a: Delphox|24/263\n|-enditem|p2a: Delphox|Heavy-Duty Boots|[from] move: Knock Off|[of] p1a: Deoxys\n|-damage|p1a: Deoxys|158/196|[from] item: Life Orb\n|move|p2a: Delphox|Psyshock|p1a: Deoxys\n|-resisted|p1a: Deoxys\n|-damage|p1a: Deoxys|74/196\n|\n|upkeep\n|turn|15\n|\n|t:|1782789745\n|move|p1a: Deoxys|Knock Off|p2a: Delphox\n|-supereffective|p2a: Delphox\n|-damage|p2a: Delphox|0 fnt\n|faint|p2a: Delphox\n|-damage|p1a: Deoxys|55/196|[from] item: Life Orb\n|\n|upkeep\n|\n|t:|1782789749\n|switch|p2a: Entei|Entei, L78|307/307\n|turn|16\n|\n|t:|1782789753\n|move|p2a: Entei|Extreme Speed|p1a: Deoxys\n|-damage|p1a: Deoxys|0 fnt\n|faint|p1a: Deoxys\n|\n|upkeep\n|\n|t:|1782789753\n|switch|p1a: Bruxish|Bruxish, L85, M|254/254\n|turn|17\n|\n|t:|1782789758\n|move|p2a: Entei|Extreme Speed|p1a: Bruxish\n|-damage|p1a: Bruxish|156/254\n|move|p1a: Bruxish|Wave Crash|p2a: Entei\n|-supereffective|p2a: Entei\n|-damage|p2a: Entei|0 fnt\n|faint|p2a: Entei\n|-damage|p1a: Bruxish|55/254|[from] Recoil\n|-damage|p1a: Bruxish|30/254|[from] item: Life Orb\n|\n|win|testbotcif\n|raw|testbotcif's rating: 1247 &rarr; <strong>1271</strong><br />(+24 for winning)\n|raw|Familiar Puma's rating: 1239 &rarr; <strong>1215</strong><br />(-24 for losing)\n", "inputlog": ">version f8ac14003a5f27e1bdc8d8c59608a773c1cb96e5\n>start {\"formatid\":\"gen9randombattle\",\"seed\":\"sodium,762d72290c4c7a6b02adae16997adc7c\",\"rated\":\"Rated battle\"}\n>player p1 {\"name\":\"testbotcif\",\"avatar\":\"266\",\"rating\":1247,\"seed\":\"sodium,271249322d587c3d9931387600982439\"}\n>player p2 {\"name\":\"Familiar Puma\",\"avatar\":\"falkner\",\"rating\":1239,\"seed\":\"sodium,86c40b37c3000c6b1181ab16c3352f9d\"}\n>chat \u2606testbotcif|rlhf\n>p1 move poisonjab\n>p2 move thunderwave\n>p1 move drainpunch\n>p2 switch 3\n>p1 move poisonjab terastallize\n>p2 move drainpunch\n>p1 move drainpunch\n>p2 move drainpunch\n>p1 switch 2\n>p1 move hydropump\n>p2 switch 5\n>p1 move hydropump\n>p2 move freezedry\n>p2 switch 5\n>p1 move hydropump\n>p2 move trick\n>p2 switch 2\n>p1 switch 5\n>p2 move swordsdance\n>p1 move closecombat\n>p2 move swordsdance terastallize\n>p1 move overheat\n>p2 move hornleech\n>p2 switch 3\n>p1 move gunkshot\n>p2 move thunderwave\n>p1 move closecombat\n>p2 move dazzlinggleam\n>p1 switch 3\n>p1 move psychoboost\n>p2 move thunderwave\n>p2 switch 6\n>p1 move knockoff\n>p2 move psyshock\n>p1 move knockoff\n>p2 move psyshock\n>p2 switch 4\n>p1 move superpower\n>p2 move extremespeed\n>p1 switch 6\n>p1 move wavecrash\n>p2 move extremespeed", "uploadtime": 1782789758, "views": 3, "formatid": "gen9randombattle", "rating": 1215, "private": 0, "password": null, "player_dets": [{"name": "testbotcif", "avatar": "266", "rating": 1247, "seed": "sodium,271249322d587c3d9931387600982439"}, {"name": "Familiar Puma", "avatar": "falkner", "rating": 1239, "seed": "sodium,86c40b37c3000c6b1181ab16c3352f9d"}], "teams_full": [{"Muk": {"name": "Muk", "species": "Muk", "speciesId": "muk", "gender": "F", "shiny": false, "level": 86, "moves": ["drainpunch", "poisonjab", "knockoff", "haze"], "ability": "Poison Touch", "evs": {"hp": 85, "atk": 85, "def": 85, "spa": 85, "spd": 85, "spe": 85}, "ivs": {"hp": 31, "atk": 31, "def": 31, "spa": 31, "spd": 31, "spe": 31}, "item": "Leftovers", "teraType": "Dark", "role": "Bulky Attacker", "bvs": {"hp": 105, "atk": 105, "def": 75, "spa": 65, "spd": 100, "spe": 50}, "stats": {"hp": 321, "atk": 230, "def": 178, "spa": 161, "spd": 221, "spe": 135}, "types": ["Poison"]}, "Politoed": {"name": "Politoed", "species": "Politoed", "speciesId": "politoed", "gender": "F", "shiny": false, "level": 88, "moves": ["icebeam", "hydropump", "focusblast", "weatherball"], "ability": "Drizzle", "evs": {"hp": 85, "atk": 0, "def": 85, "spa": 85, "spd": 85, "spe": 85}, "ivs": {"hp": 31, "atk": 0, "def": 31, "spa": 31, "spd": 31, "spe": 31}, "item": "Choice Specs", "teraType": "Water", "role": "Fast Attacker", "bvs": {"hp": 90, "atk": 75, "def": 75, "spa": 90, "spd": 100, "spe": 70}, "stats": {"hp": 302, "atk": 137, "def": 182, "spa": 209, "spd": 226, "spe": 173}, "types": ["Water"]}, "Deoxys": {"name": "Deoxys", "species": "Deoxys", "speciesId": "deoxys", "gender": "N", "shiny": false, "level": 74, "moves": ["superpower", "knockoff", "psychoboost", "extremespeed"], "ability": "Pressure", "evs": {"hp": 85, "atk": 85, "def": 85, "spa": 85, "spd": 85, "spe": 85}, "ivs": {"hp": 31, "atk": 31, "def": 31, "spa": 31, "spd": 31, "spe": 31}, "item": "Life Orb", "teraType": "Psychic", "role": "Fast Attacker", "bvs": {"hp": 50, "atk": 150, "def": 50, "spa": 150, "spd": 50, "spe": 150}, "stats": {"hp": 196, "atk": 265, "def": 117, "spa": 265, "spd": 117, "spe": 265}, "types": ["Psychic"]}, "Glalie": {"name": "Glalie", "species": "Glalie", "speciesId": "glalie", "gender": "M", "shiny": false, "level": 96, "moves": ["spikes", "taunt", "earthquake", "freezedry"], "ability": "Inner Focus", "evs": {"hp": 85, "atk": 85, "def": 85, "spa": 85, "spd": 85, "spe": 85}, "ivs": {"hp": 31, "atk": 31, "def": 31, "spa": 31, "spd": 31, "spe": 31}, "item": "Heavy-Duty Boots", "teraType": "Ghost", "role": "Fast Support", "bvs": {"hp": 80, "atk": 80, "def": 80, "spa": 80, "spd": 80, "spe": 80}, "stats": {"hp": 309, "atk": 208, "def": 208, "spa": 208, "spd": 208, "spe": 208}, "types": ["Ice"]}, "Infernape": {"name": "Infernape", "species": "Infernape", "speciesId": "infernape", "gender": "F", "shiny": false, "level": 82, "moves": ["knockoff", "overheat", "gunkshot", "closecombat"], "ability": "Blaze", "evs": {"hp": 85, "atk": 85, "def": 85, "spa": 85, "spd": 85, "spe": 85}, "ivs": {"hp": 31, "atk": 31, "def": 31, "spa": 31, "spd": 31, "spe": 31}, "item": "Life Orb", "teraType": "Fire", "role": "Fast Attacker", "bvs": {"hp": 76, "atk": 104, "def": 71, "spa": 104, "spd": 71, "spe": 108}, "stats": {"hp": 259, "atk": 218, "def": 164, "spa": 218, "spd": 164, "spe": 224}, "types": ["Fire", "Fighting"]}, "Bruxish": {"name": "Bruxish", "species": "Bruxish", "speciesId": "bruxish", "gender": "M", "shiny": false, "level": 85, "moves": ["crunch", "wavecrash", "psychicfangs", "swordsdance"], "ability": "Strong Jaw", "evs": {"hp": 85, "atk": 85, "def": 85, "spa": 85, "spd": 85, "spe": 85}, "ivs": {"hp": 31, "atk": 31, "def": 31, "spa": 31, "spd": 31, "spe": 31}, "item": "Life Orb", "teraType": "Dark", "role": "Fast Attacker", "bvs": {"hp": 68, "atk": 105, "def": 70, "spa": 70, "spd": 70, "spe": 92}, "stats": {"hp": 254, "atk": 227, "def": 168, "spa": 168, "spd": 168, "spe": 205}, "types": ["Water", "Psychic"]}}, {"Wigglytuff": {"name": "Wigglytuff", "species": "Wigglytuff", "speciesId": "wigglytuff", "gender": "M", "shiny": false, "level": 96, "moves": ["dazzlinggleam", "thunderwave", "protect", "wish"], "ability": "Competitive", "evs": {"hp": 85, "atk": 0, "def": 85, "spa": 85, "spd": 85, "spe": 85}, "ivs": {"hp": 31, "atk": 0, "def": 31, "spa": 31, "spd": 31, "spe": 31}, "item": "Leftovers", "teraType": "Steel", "role": "Bulky Support", "bvs": {"hp": 140, "atk": 70, "def": 45, "spa": 85, "spd": 50, "spe": 45}, "stats": {"hp": 424, "atk": 139, "def": 141, "spa": 218, "spd": 150, "spe": 141}, "types": ["Normal", "Fairy"]}, "Sawsbuck": {"name": "Sawsbuck", "species": "Sawsbuck-Summer", "speciesId": "sawsbuck", "gender": "F", "shiny": false, "level": 88, "moves": ["highhorsepower", "hornleech", "doubleedge", "swordsdance"], "ability": "Sap Sipper", "evs": {"hp": 85, "atk": 85, "def": 85, "spa": 85, "spd": 85, "spe": 85}, "ivs": {"hp": 31, "atk": 31, "def": 31, "spa": 31, "spd": 31, "spe": 31}, "item": "Life Orb", "teraType": "Ground", "role": "Setup Sweeper", "bvs": {"hp": 80, "atk": 100, "def": 70, "spa": 60, "spd": 70, "spe": 95}, "stats": {"hp": 284, "atk": 226, "def": 173, "spa": 156, "spd": 173, "spe": 217}, "types": ["Normal", "Grass"]}, "Hoopa": {"name": "Hoopa", "species": "Hoopa-Unbound", "speciesId": "hoopaunbound", "gender": "N", "shiny": false, "level": 80, "moves": ["trick", "hyperspacefury", "zenheadbutt", "drainpunch"], "ability": "Magician", "evs": {"hp": 85, "atk": 85, "def": 85, "spa": 85, "spd": 85, "spe": 85}, "ivs": {"hp": 31, "atk": 31, "def": 31, "spa": 31, "spd": 31, "spe": 31}, "item": "Choice Band", "teraType": "Fighting", "role": "Wallbreaker", "bvs": {"hp": 80, "atk": 160, "def": 60, "spa": 170, "spd": 130, "spe": 80}, "stats": {"hp": 259, "atk": 302, "def": 142, "spa": 318, "spd": 254, "spe": 174}, "types": ["Psychic", "Dark"]}, "Entei": {"name": "Entei", "species": "Entei", "speciesId": "entei", "gender": "N", "shiny": false, "level": 78, "moves": ["extremespeed", "sacredfire", "flareblitz", "stoneedge"], "ability": "Inner Focus", "evs": {"hp": 85, "atk": 85, "def": 85, "spa": 85, "spd": 85, "spe": 85}, "ivs": {"hp": 31, "atk": 31, "def": 31, "spa": 31, "spd": 31, "spe": 31}, "item": "Choice Band", "teraType": "Fire", "role": "Fast Attacker", "bvs": {"hp": 115, "atk": 115, "def": 85, "spa": 90, "spd": 75, "spe": 100}, "stats": {"hp": 307, "atk": 224, "def": 178, "spa": 185, "spd": 162, "spe": 201}, "types": ["Fire"]}, "Cryogonal": {"name": "Cryogonal", "species": "Cryogonal", "speciesId": "cryogonal", "gender": "N", "shiny": false, "level": 89, "moves": ["freezedry", "rapidspin", "flashcannon", "recover"], "ability": "Levitate", "evs": {"hp": 85, "atk": 85, "def": 85, "spa": 85, "spd": 85, "spe": 85}, "ivs": {"hp": 31, "atk": 31, "def": 31, "spa": 31, "spd": 31, "spe": 31}, "item": "Heavy-Duty Boots", "teraType": "Poison", "role": "Bulky Support", "bvs": {"hp": 80, "atk": 50, "def": 50, "spa": 95, "spd": 135, "spe": 105}, "stats": {"hp": 287, "atk": 140, "def": 140, "spa": 220, "spd": 291, "spe": 238}, "types": ["Ice"]}, "Delphox": {"name": "Delphox", "species": "Delphox", "speciesId": "delphox", "gender": "M", "shiny": false, "level": 84, "moves": ["fireblast", "psyshock", "grassknot", "nastyplot"], "ability": "Blaze", "evs": {"hp": 85, "atk": 0, "def": 85, "spa": 85, "spd": 85, "spe": 85}, "ivs": {"hp": 31, "atk": 0, "def": 31, "spa": 31, "spd": 31, "spe": 31}, "item": "Heavy-Duty Boots", "teraType": "Grass", "role": "Fast Attacker", "bvs": {"hp": 75, "atk": 69, "def": 72, "spa": 114, "spd": 100, "spe": 104}, "stats": {"hp": 263, "atk": 120, "def": 169, "spa": 240, "spd": 216, "spe": 223}, "types": ["Fire", "Psychic"]}}]}