{"id": "gen9randombattle-2641742706", "format": "[Gen 9] Random Battle", "players": ["a rabbit", "Smucky"], "log": "|badge|p1|bronze|gen9randombattle|100-9\n|html|<div class=\"broadcast-red\"><strong>This battle is required to be public due to one or more player having a season medal.</strong><br />During the public phase, you can discuss the state of the ladder <a href=\"/seasondiscussion\">in a special chatroom.</a></div>\n|uhtml|medal-msg|<div class=\"broadcast-blue\">Curious what those medals under the avatar are? PS now has Ladder Seasons! For more information, check out the <a href=\"https://www.smogon.com/forums/threads/3740067/\">thread on Smogon.</a></div>\n|j|\u2606a rabbit\n|j|\u2606Smucky\n|t:|1782836576\n|gametype|singles\n|player|p1|a rabbit|#scl2breakers|2288\n|player|p2|Smucky|cynthia-gen7|2189\n|gen|9\n|tier|[Gen 9] Random Battle\n|rated|\n|rule|Species Clause: Limit one of each Pok\u00e9mon\n|rule|HP Percentage Mod: HP is shown in percentages\n|rule|Sleep Clause Mod: Limit one foe put to sleep\n|rule|Illusion Level Mod: Illusion disguises the Pok\u00e9mon's true level\n|\n|t:|1782836576\n|teamsize|p1|6\n|teamsize|p2|6\n|start\n|switch|p1a: Araquanid|Araquanid, L82, F|246/246\n|switch|p2a: Spiritomb|Spiritomb, L89, M|234/234\n|turn|1\n|\n|t:|1782836586\n|move|p1a: Araquanid|Sticky Web|p2a: Spiritomb\n|-sidestart|p2: Smucky|move: Sticky Web\n|move|p2a: Spiritomb|Poltergeist|p1a: Araquanid\n|-activate|p1a: Araquanid|move: Poltergeist|Heavy-Duty Boots\n|-damage|p1a: Araquanid|125/246\n|\n|upkeep\n|turn|2\n|\n|t:|1782836591\n|move|p1a: Araquanid|Liquidation|p2a: Spiritomb\n|-damage|p2a: Spiritomb|125/234\n|move|p2a: Spiritomb|Poltergeist|p1a: Araquanid\n|-activate|p1a: Araquanid|move: Poltergeist|Heavy-Duty Boots\n|-damage|p1a: Araquanid|7/246\n|\n|-heal|p2a: Spiritomb|139/234|[from] item: Leftovers\n|upkeep\n|turn|3\n|\n|t:|1782836597\n|move|p1a: Araquanid|Liquidation|p2a: Spiritomb\n|-crit|p2a: Spiritomb\n|-damage|p2a: Spiritomb|0 fnt\n|faint|p2a: Spiritomb\n|\n|upkeep\n|\n|t:|1782836601\n|switch|p2a: Tsareena|Tsareena, L87, F|267/267\n|turn|4\n|\n|t:|1782836607\n|switch|p1a: Gogoat|Gogoat, L88, F|360/360\n|move|p2a: Tsareena|Rapid Spin|p1a: Gogoat\n|-damage|p1a: Gogoat|302/360\n|-boost|p2a: Tsareena|spe|1\n|-sideend|p2: Smucky|Sticky Web|[from] move: Rapid Spin|[of] p2a: Tsareena\n|\n|-heal|p1a: Gogoat|324/360|[from] item: Leftovers\n|upkeep\n|turn|5\n|\n|t:|1782836617\n|switch|p2a: Altaria|Altaria, L89, M|278/278\n|move|p1a: Gogoat|Bulk Up|p1a: Gogoat\n|-boost|p1a: Gogoat|atk|1\n|-boost|p1a: Gogoat|def|1\n|\n|-heal|p1a: Gogoat|346/360|[from] item: Leftovers\n|upkeep\n|turn|6\n|\n|t:|1782836637\n|switch|p1a: Diancie|Diancie, L82|216/216\n|move|p2a: Altaria|Dragon Dance|p2a: Altaria\n|-boost|p2a: Altaria|atk|1\n|-boost|p2a: Altaria|spe|1\n|\n|upkeep\n|turn|7\n|\n|t:|1782836645\n|move|p2a: Altaria|Earthquake|p1a: Diancie\n|-supereffective|p1a: Diancie\n|-damage|p1a: Diancie|100/216\n|move|p1a: Diancie|Diamond Storm|p2a: Altaria\n|-supereffective|p2a: Altaria\n|-damage|p2a: Altaria|74/278\n|-boost|p1a: Diancie|def|2\n|\n|-heal|p1a: Diancie|113/216|[from] item: Leftovers\n|upkeep\n|turn|8\n|\n|t:|1782836653\n|switch|p2a: Tsareena|Tsareena, L87, F|267/267\n|move|p1a: Diancie|Draining Kiss|p2a: Tsareena\n|-damage|p2a: Tsareena|219/267\n|-heal|p1a: Diancie|149/216|[from] drain|[of] p2a: Tsareena\n|\n|-heal|p1a: Diancie|162/216|[from] item: Leftovers\n|upkeep\n|turn|9\n|\n|t:|1782836668\n|switch|p2a: Altaria|Altaria, L89, M|74/278\n|switch|p1a: Gogoat|Gogoat, L88, F|346/360\n|\n|-heal|p1a: Gogoat|360/360|[from] item: Leftovers\n|upkeep\n|turn|10\n|\n|t:|1782836671\n|switch|p1a: Diancie|Diancie, L82|162/216\n|move|p2a: Altaria|Roost|p2a: Altaria\n|-heal|p2a: Altaria|213/278\n|-singleturn|p2a: Altaria|move: Roost\n|\n|-heal|p1a: Diancie|175/216|[from] item: Leftovers\n|upkeep\n|turn|11\n|\n|t:|1782836677\n|switch|p2a: Tsareena|Tsareena, L87, F|219/267\n|move|p1a: Diancie|Diamond Storm|p2a: Tsareena\n|-damage|p2a: Tsareena|126/267\n|\n|-heal|p1a: Diancie|188/216|[from] item: Leftovers\n|upkeep\n|turn|12\n|\n|t:|1782836680\n|switch|p1a: Gogoat|Gogoat, L88, F|360/360\n|move|p2a: Tsareena|Synthesis|p2a: Tsareena\n|-heal|p2a: Tsareena|259/267\n|\n|upkeep\n|turn|13\n|\n|t:|1782836685\n|switch|p2a: Altaria|Altaria, L89, M|213/278\n|move|p1a: Gogoat|Bulk Up|p1a: Gogoat\n|-boost|p1a: Gogoat|atk|1\n|-boost|p1a: Gogoat|def|1\n|\n|upkeep\n|turn|14\n|\n|t:|1782836689\n|switch|p1a: Lapras|Lapras, L87, F|367/367\n|move|p2a: Altaria|Earthquake|p1a: Lapras\n|-damage|p1a: Lapras|303/367\n|\n|upkeep\n|turn|15\n|\n|t:|1782836694\n|switch|p2a: Frosmoth|Frosmoth, L82, M|249/249\n|move|p1a: Lapras|Ice Beam|p2a: Frosmoth\n|-resisted|p2a: Frosmoth\n|-damage|p2a: Frosmoth|216/249\n|\n|upkeep\n|turn|16\n|\n|t:|1782836704\n|switch|p1a: Diancie|Diancie, L82|188/216\n|move|p2a: Frosmoth|Giga Drain|p1a: Diancie\n|-supereffective|p1a: Diancie\n|-damage|p1a: Diancie|102/216\n|-heal|p2a: Frosmoth|249/249|[from] drain|[of] p1a: Diancie\n|\n|-heal|p1a: Diancie|115/216|[from] item: Leftovers\n|upkeep\n|turn|17\n|\n|t:|1782836711\n|switch|p2a: Tsareena|Tsareena, L87, F|259/267\n|move|p1a: Diancie|Diamond Storm|p2a: Tsareena\n|-damage|p2a: Tsareena|172/267\n|\n|-heal|p1a: Diancie|128/216|[from] item: Leftovers\n|upkeep\n|turn|18\n|\n|t:|1782836718\n|switch|p1a: Gogoat|Gogoat, L88, F|360/360\n|move|p2a: Tsareena|Power Whip|p1a: Gogoat\n|-ability|p1a: Gogoat|Sap Sipper|boost\n|-boost|p1a: Gogoat|atk|1\n|\n|upkeep\n|turn|19\n|\n|t:|1782836724\n|switch|p1a: Diancie|Diancie, L82|128/216\n|move|p2a: Tsareena|Power Whip|p1a: Diancie\n|-supereffective|p1a: Diancie\n|-damage|p1a: Diancie|0 fnt\n|faint|p1a: Diancie\n|\n|upkeep\n|\n|t:|1782836731\n|switch|p1a: Minior|Minior-Yellow, L79|224/224\n|-formechange|p1a: Minior|Minior-Meteor||[from] ability: Shields Down\n|turn|20\n|\n|t:|1782836740\n|switch|p2a: Regirock|Regirock, L83|268/268\n|move|p1a: Minior|Shell Smash|p1a: Minior\n|-unboost|p1a: Minior|def|1\n|-unboost|p1a: Minior|spd|1\n|-boost|p1a: Minior|atk|2\n|-boost|p1a: Minior|spa|2\n|-boost|p1a: Minior|spe|2\n|-enditem|p1a: Minior|White Herb\n|-clearnegativeboost|p1a: Minior|[silent]\n|\n|upkeep\n|turn|21\n|\n|t:|1782836745\n|move|p1a: Minior|Earthquake|p2a: Regirock\n|-supereffective|p2a: Regirock\n|-damage|p2a: Regirock|176/268\n|move|p2a: Regirock|Curse|p2a: Regirock\n|-unboost|p2a: Regirock|spe|1\n|-boost|p2a: Regirock|atk|1\n|-boost|p2a: Regirock|def|1\n|\n|upkeep\n|turn|22\n|\n|t:|1782836750\n|switch|p1a: Araquanid|Araquanid, L82, F|7/246\n|move|p2a: Regirock|Stone Edge|p1a: Araquanid\n|-supereffective|p1a: Araquanid\n|-damage|p1a: Araquanid|0 fnt\n|faint|p1a: Araquanid\n|\n|upkeep\n|\n|t:|1782836754\n|switch|p1a: Lapras|Lapras, L87, F|303/367\n|turn|23\n|\n|t:|1782836759\n|switch|p2a: Frosmoth|Frosmoth, L82, M|249/249\n|move|p1a: Lapras|Sparkling Aria|p2a: Frosmoth\n|-damage|p2a: Frosmoth|181/249\n|\n|upkeep\n|turn|24\n|\n|t:|1782836768\n|move|p1a: Lapras|Sparkling Aria|p2a: Frosmoth\n|-damage|p2a: Frosmoth|115/249\n|move|p2a: Frosmoth|Ice Beam|p1a: Lapras\n|-resisted|p1a: Lapras\n|-damage|p1a: Lapras|276/367\n|\n|upkeep\n|turn|25\n|\n|t:|1782836775\n|-terastallize|p1a: Lapras|Water\n|move|p2a: Frosmoth|Quiver Dance|p2a: Frosmoth\n|-boost|p2a: Frosmoth|spa|1\n|-boost|p2a: Frosmoth|spd|1\n|-boost|p2a: Frosmoth|spe|1\n|move|p1a: Lapras|Sparkling Aria|p2a: Frosmoth\n|-damage|p2a: Frosmoth|58/249\n|\n|upkeep\n|turn|26\n|\n|t:|1782836788\n|switch|p1a: Gogoat|Gogoat, L88, F|360/360\n|move|p2a: Frosmoth|Giga Drain|p1a: Gogoat\n|-ability|p1a: Gogoat|Sap Sipper|boost\n|-boost|p1a: Gogoat|atk|1\n|\n|upkeep\n|turn|27\n|\n|t:|1782836794\n|move|p2a: Frosmoth|Ice Beam|p1a: Gogoat\n|-supereffective|p1a: Gogoat\n|-damage|p1a: Gogoat|30/360\n|move|p1a: Gogoat|Horn Leech|p2a: Frosmoth\n|-resisted|p2a: Frosmoth\n|-crit|p2a: Frosmoth\n|-damage|p2a: Frosmoth|0 fnt\n|-heal|p1a: Gogoat|59/360|[from] drain|[of] p2a: Frosmoth\n|faint|p2a: Frosmoth\n|\n|-heal|p1a: Gogoat|81/360|[from] item: Leftovers\n|upkeep\n|\n|t:|1782836809\n|switch|p2a: Tsareena|Tsareena, L87, F|172/267\n|turn|28\n|\n|t:|1782836812\n|move|p2a: Tsareena|High Jump Kick|p1a: Gogoat\n|-damage|p1a: Gogoat|0 fnt\n|faint|p1a: Gogoat\n|\n|upkeep\n|\n|t:|1782836814\n|switch|p1a: Minior|Minior-Yellow, L79|224/224\n|-formechange|p1a: Minior|Minior-Meteor||[from] ability: Shields Down\n|turn|29\n|\n|t:|1782836822\n|switch|p2a: Regirock|Regirock, L83|176/268\n|move|p1a: Minior|Shell Smash|p1a: Minior\n|-unboost|p1a: Minior|def|1\n|-unboost|p1a: Minior|spd|1\n|-boost|p1a: Minior|atk|2\n|-boost|p1a: Minior|spa|2\n|-boost|p1a: Minior|spe|2\n|\n|upkeep\n|turn|30\n|\n|t:|1782836825\n|switch|p1a: Lapras|Lapras, L87, F, tera:Water|276/367\n|move|p2a: Regirock|Stone Edge|p1a: Lapras\n|-damage|p1a: Lapras|161/367\n|\n|upkeep\n|turn|31\n|\n|t:|1782836832\n|switch|p2a: Tsareena|Tsareena, L87, F|172/267\n|move|p1a: Lapras|Hydro Pump|p2a: Tsareena\n|-resisted|p2a: Tsareena\n|-damage|p2a: Tsareena|73/267\n|\n|upkeep\n|turn|32\n|\n|t:|1782836839\n|switch|p1a: Minior|Minior-Yellow, L79|224/224\n|-formechange|p1a: Minior|Minior-Meteor||[from] ability: Shields Down\n|move|p2a: Tsareena|Synthesis|p2a: Tsareena\n|-heal|p2a: Tsareena|206/267\n|\n|upkeep\n|turn|33\n|\n|t:|1782836844\n|switch|p2a: Regirock|Regirock, L83|176/268\n|move|p1a: Minior|Shell Smash|p1a: Minior\n|-unboost|p1a: Minior|def|1\n|-unboost|p1a: Minior|spd|1\n|-boost|p1a: Minior|atk|2\n|-boost|p1a: Minior|spa|2\n|-boost|p1a: Minior|spe|2\n|\n|upkeep\n|turn|34\n|\n|t:|1782836847\n|switch|p1a: Breloom|Breloom, L83, F|235/235\n|move|p2a: Regirock|Stone Edge|p1a: Breloom|[miss]\n|-miss|p2a: Regirock|p1a: Breloom\n|\n|upkeep\n|turn|35\n|\n|t:|1782836852\n|switch|p2a: Tsareena|Tsareena, L87, F|206/267\n|move|p1a: Breloom|Rock Tomb|p2a: Tsareena\n|-damage|p2a: Tsareena|111/267\n|-unboost|p2a: Tsareena|spe|1\n|-damage|p1a: Breloom|212/235|[from] item: Life Orb\n|\n|upkeep\n|turn|36\n|\n|t:|1782836859\n|move|p1a: Breloom|Swords Dance|p1a: Breloom\n|-boost|p1a: Breloom|atk|2\n|move|p2a: Tsareena|Synthesis|p2a: Tsareena\n|-heal|p2a: Tsareena|244/267\n|\n|upkeep\n|turn|37\n|\n|t:|1782836865\n|move|p1a: Breloom|Rock Tomb|p2a: Tsareena\n|-damage|p2a: Tsareena|76/267\n|-unboost|p2a: Tsareena|spe|1\n|-damage|p1a: Breloom|189/235|[from] item: Life Orb\n|move|p2a: Tsareena|High Jump Kick|p1a: Breloom\n|-damage|p1a: Breloom|59/235\n|\n|upkeep\n|turn|38\n|\n|t:|1782836870\n|move|p1a: Breloom|Bullet Seed|p2a: Tsareena\n|-resisted|p2a: Tsareena\n|-damage|p2a: Tsareena|21/267\n|-resisted|p2a: Tsareena\n|-damage|p2a: Tsareena|0 fnt\n|faint|p2a: Tsareena\n|-hitcount|p2: Tsareena|2\n|-damage|p1a: Breloom|36/235|[from] item: Life Orb\n|\n|upkeep\n|\n|t:|1782836872\n|switch|p2a: Altaria|Altaria, L89, M|213/278\n|turn|39\n|\n|t:|1782836878\n|switch|p1a: Minior|Minior-Yellow, L79|224/224\n|-formechange|p1a: Minior|Minior-Meteor||[from] ability: Shields Down\n|move|p2a: Altaria|Brave Bird|p1a: Minior\n|-resisted|p1a: Minior\n|-damage|p1a: Minior|172/224\n|-damage|p2a: Altaria|196/278|[from] Recoil\n|\n|upkeep\n|turn|40\n|\n|t:|1782836886\n|switch|p2a: Regirock|Regirock, L83|176/268\n|switch|p1a: Lapras|Lapras, L87, F, tera:Water|161/367\n|\n|upkeep\n|turn|41\n|\n|t:|1782836891\n|switch|p2a: Altaria|Altaria, L89, M|196/278\n|move|p1a: Lapras|Ice Beam|p2a: Altaria\n|-supereffective|p2a: Altaria\n|-damage|p2a: Altaria|0 fnt\n|faint|p2a: Altaria\n|\n|upkeep\n|\n|t:|1782836893\n|switch|p2a: Zekrom|Zekrom, L71|259/259\n|-ability|p2a: Zekrom|Teravolt\n|turn|42\n|\n|t:|1782836898\n|-terastallize|p2a: Zekrom|Electric\n|move|p2a: Zekrom|Dragon Dance|p2a: Zekrom\n|-boost|p2a: Zekrom|atk|1\n|-boost|p2a: Zekrom|spe|1\n|move|p1a: Lapras|Ice Beam|p2a: Zekrom\n|-damage|p2a: Zekrom|114/259\n|\n|-heal|p2a: Zekrom|130/259|[from] item: Leftovers\n|upkeep\n|turn|43\n|\n|t:|1782836905\n|switch|p1a: Minior|Minior-Yellow, L79|172/224\n|-formechange|p1a: Minior|Minior-Meteor||[from] ability: Shields Down\n|move|p2a: Zekrom|Bolt Strike|p1a: Minior\n|-supereffective|p1a: Minior\n|-damage|p1a: Minior|0 fnt\n|faint|p1a: Minior\n|\n|-heal|p2a: Zekrom|146/259|[from] item: Leftovers\n|upkeep\n|\n|t:|1782836906\n|switch|p1a: Breloom|Breloom, L83, F|36/235\n|turn|44\n|\n|t:|1782836910\n|move|p1a: Breloom|Mach Punch|p2a: Zekrom\n|-damage|p2a: Zekrom|56/259\n|-damage|p1a: Breloom|13/235|[from] item: Life Orb\n|move|p2a: Zekrom|Outrage|p1a: Breloom\n|-damage|p1a: Breloom|0 fnt\n|faint|p1a: Breloom\n|\n|-heal|p2a: Zekrom|72/259|[from] item: Leftovers\n|upkeep\n|\n|t:|1782836913\n|switch|p1a: Lapras|Lapras, L87, F, tera:Water|161/367\n|turn|45\n|\n|t:|1782836915\n|move|p2a: Zekrom|Outrage|p1a: Lapras|[from] lockedmove\n|-damage|p1a: Lapras|0 fnt\n|faint|p1a: Lapras\n|\n|win|Smucky\n|raw|a rabbit's rating: 2288 &rarr; <strong>2262</strong><br />(-26 for losing)\n|raw|Smucky's rating: 2189 &rarr; <strong>2215</strong><br />(+26 for winning)\n", "inputlog": ">version f8ac14003a5f27e1bdc8d8c59608a773c1cb96e5\n>start {\"formatid\":\"gen9randombattle\",\"seed\":\"sodium,b9e21c73ea970560f21d85259a8b9142\",\"rated\":\"Rated battle\"}\n>player p1 {\"name\":\"a rabbit\",\"avatar\":\"#scl2breakers\",\"rating\":2288,\"seed\":\"sodium,86f3861cfeaf3ed9ad0d77e26d5860cd\"}\n>player p2 {\"name\":\"Smucky\",\"avatar\":\"cynthia-gen7\",\"rating\":2189,\"seed\":\"sodium,f2f8b133acfe29a792fbb7d12b1fd400\"}\n>p1 move stickyweb\n>p2 move poltergeist\n>p1 move liquidation\n>p2 move poltergeist\n>p1 move liquidation\n>p2 move foulplay\n>p2 switch 2\n>p1 switch 5\n>p2 move rapidspin\n>p1 move bulkup\n>p2 switch 3\n>p1 switch 6\n>p2 move dragondance\n>p1 move diamondstorm\n>p2 move earthquake\n>p1 move drainingkiss\n>p2 switch 3\n>p1 switch 6\n>p2 switch 3\n>p1 switch 6\n>p2 move roost\n>p1 move diamondstorm\n>p2 switch 3\n>p1 switch 6\n>p2 move synthesis\n>p1 move bulkup\n>p2 switch 3\n>p1 switch 2\n>p2 move earthquake\n>p1 move icebeam\n>p2 switch 6\n>p1 switch 6\n>p2 move gigadrain\n>p1 move diamondstorm\n>p2 switch 3\n>p1 switch 2\n>p2 move powerwhip\n>p1 switch 2\n>p2 move powerwhip\n>p1 switch 4\n>p1 move shellsmash\n>p2 switch 5\n>p1 move earthquake\n>p2 move curse\n>p1 switch 5\n>p2 move stoneedge\n>p1 switch 6\n>p1 move sparklingaria\n>p2 switch 3\n>p1 move sparklingaria\n>p2 move icebeam\n>p1 move sparklingaria terastallize\n>p2 move quiverdance\n>p1 switch 2\n>p2 move gigadrain\n>p1 move hornleech\n>p2 move icebeam\n>p2 switch 5\n>p1 move milkdrink\n>p2 move highjumpkick\n>p1 switch 5\n>p1 move shellsmash\n>p2 switch 3\n>p1 switch 2\n>p2 move stoneedge\n>p1 move hydropump\n>p2 switch 3\n>p1 switch 2\n>p2 move synthesis\n>p1 move shellsmash\n>p2 switch 3\n>p1 switch 3\n>p2 move stoneedge\n>p1 move rocktomb\n>p2 switch 3\n>p1 move swordsdance\n>p2 move synthesis\n>p1 move rocktomb\n>p2 move highjumpkick\n>p1 move bulletseed\n>p2 move synthesis\n>p2 switch 6\n>p1 switch 3\n>p2 move bravebird\n>p1 switch 2\n>p2 switch 3\n>p1 move icebeam\n>p2 switch 3\n>p2 switch 4\n>p1 move icebeam\n>p2 move dragondance terastallize\n>p1 switch 2\n>p2 move boltstrike\n>p1 switch 3\n>p1 move machpunch\n>p2 move outrage\n>p1 switch 2\n>p1 move sparklingaria\n>p2 move outrage", "uploadtime": 1782836579, "views": 8, "formatid": "gen9randombattle", "rating": 2215, "private": 0, "password": null, "player_dets": [{"name": "a rabbit", "avatar": "#scl2breakers", "rating": 2288, "seed": "sodium,86f3861cfeaf3ed9ad0d77e26d5860cd"}, {"name": "Smucky", "avatar": "cynthia-gen7", "rating": 2189, "seed": "sodium,f2f8b133acfe29a792fbb7d12b1fd400"}], "teams_full": [{"Araquanid": {"name": "Araquanid", "species": "Araquanid", "speciesId": "araquanid", "gender": "F", "shiny": false, "level": 82, "moves": ["leechlife", "hydropump", "stickyweb", "liquidation"], "ability": "Water Bubble", "evs": {"hp": 85, "atk": 85, "def": 85, "spa": 85, "spd": 85, "spe": 85}, "ivs": {"hp": 31, "atk": 31, "def": 31, "spa": 31, "spd": 31, "spe": 31}, "item": "Heavy-Duty Boots", "teraType": "Water", "role": "Bulky Attacker", "bvs": {"hp": 68, "atk": 70, "def": 92, "spa": 50, "spd": 132, "spe": 42}, "stats": {"hp": 246, "atk": 162, "def": 198, "spa": 129, "spd": 264, "spe": 116}, "types": ["Water", "Bug"]}, "Lapras": {"name": "Lapras", "species": "Lapras", "speciesId": "lapras", "gender": "F", "shiny": false, "level": 87, "moves": ["icebeam", "sparklingaria", "freezedry", "hydropump"], "ability": "Water Absorb", "evs": {"hp": 81, "atk": 0, "def": 85, "spa": 85, "spd": 85, "spe": 85}, "ivs": {"hp": 31, "atk": 0, "def": 31, "spa": 31, "spd": 31, "spe": 31}, "item": "Choice Specs", "teraType": "Water", "role": "Wallbreaker", "bvs": {"hp": 130, "atk": 85, "def": 80, "spa": 85, "spd": 95, "spe": 60}, "stats": {"hp": 367, "atk": 152, "def": 189, "spa": 198, "spd": 215, "spe": 154}, "types": ["Water", "Ice"]}, "Breloom": {"name": "Breloom", "species": "Breloom", "speciesId": "breloom", "gender": "F", "shiny": false, "level": 83, "moves": ["machpunch", "rocktomb", "bulletseed", "swordsdance"], "ability": "Technician", "evs": {"hp": 85, "atk": 85, "def": 85, "spa": 85, "spd": 85, "spe": 85}, "ivs": {"hp": 31, "atk": 31, "def": 31, "spa": 31, "spd": 31, "spe": 31}, "item": "Life Orb", "teraType": "Rock", "role": "Fast Attacker", "bvs": {"hp": 60, "atk": 130, "def": 80, "spa": 60, "spd": 60, "spe": 70}, "stats": {"hp": 235, "atk": 263, "def": 180, "spa": 147, "spd": 147, "spe": 164}, "types": ["Grass", "Fighting"]}, "Minior": {"name": "Minior", "species": "Minior-Yellow", "speciesId": "minior", "gender": "N", "shiny": false, "level": 79, "moves": ["powergem", "earthquake", "acrobatics", "shellsmash"], "ability": "Shields Down", "evs": {"hp": 85, "atk": 85, "def": 85, "spa": 85, "spd": 85, "spe": 85}, "ivs": {"hp": 31, "atk": 31, "def": 31, "spa": 31, "spd": 31, "spe": 31}, "item": "White Herb", "teraType": "Flying", "role": "Setup Sweeper", "bvs": {"hp": 60, "atk": 100, "def": 60, "spa": 100, "spd": 60, "spe": 120}, "stats": {"hp": 224, "atk": 204, "def": 140, "spa": 204, "spd": 140, "spe": 235}, "types": ["Rock", "Flying"]}, "Gogoat": {"name": "Gogoat", "species": "Gogoat", "speciesId": "gogoat", "gender": "F", "shiny": false, "level": 88, "moves": ["hornleech", "earthquake", "milkdrink", "bulkup"], "ability": "Sap Sipper", "evs": {"hp": 85, "atk": 85, "def": 85, "spa": 85, "spd": 85, "spe": 85}, "ivs": {"hp": 31, "atk": 31, "def": 31, "spa": 31, "spd": 31, "spe": 31}, "item": "Leftovers", "teraType": "Ground", "role": "Bulky Setup", "bvs": {"hp": 123, "atk": 100, "def": 62, "spa": 97, "spd": 81, "spe": 68}, "stats": {"hp": 360, "atk": 226, "def": 159, "spa": 221, "spd": 193, "spe": 170}, "types": ["Grass"]}, "Diancie": {"name": "Diancie", "species": "Diancie", "speciesId": "diancie", "gender": "N", "shiny": false, "level": 82, "moves": ["earthpower", "drainingkiss", "diamondstorm", "calmmind"], "ability": "Clear Body", "evs": {"hp": 85, "atk": 85, "def": 85, "spa": 85, "spd": 85, "spe": 85}, "ivs": {"hp": 31, "atk": 31, "def": 31, "spa": 31, "spd": 31, "spe": 31}, "item": "Leftovers", "teraType": "Fairy", "role": "Bulky Setup", "bvs": {"hp": 50, "atk": 100, "def": 150, "spa": 100, "spd": 150, "spe": 50}, "stats": {"hp": 216, "atk": 211, "def": 293, "spa": 211, "spd": 293, "spe": 129}, "types": ["Rock", "Fairy"]}}, {"Spiritomb": {"name": "Spiritomb", "species": "Spiritomb", "speciesId": "spiritomb", "gender": "M", "shiny": false, "level": 89, "moves": ["poltergeist", "painsplit", "willowisp", "foulplay"], "ability": "Infiltrator", "evs": {"hp": 85, "atk": 85, "def": 85, "spa": 85, "spd": 85, "spe": 85}, "ivs": {"hp": 31, "atk": 31, "def": 31, "spa": 31, "spd": 31, "spe": 31}, "item": "Leftovers", "teraType": "Steel", "role": "Bulky Support", "bvs": {"hp": 50, "atk": 92, "def": 108, "spa": 92, "spd": 108, "spe": 35}, "stats": {"hp": 234, "atk": 215, "def": 243, "spa": 215, "spd": 243, "spe": 113}, "types": ["Ghost", "Dark"]}, "Tsareena": {"name": "Tsareena", "species": "Tsareena", "speciesId": "tsareena", "gender": "F", "shiny": false, "level": 87, "moves": ["rapidspin", "highjumpkick", "powerwhip", "synthesis"], "ability": "Queenly Majesty", "evs": {"hp": 85, "atk": 85, "def": 85, "spa": 85, "spd": 85, "spe": 85}, "ivs": {"hp": 31, "atk": 31, "def": 31, "spa": 31, "spd": 31, "spe": 31}, "item": "Heavy-Duty Boots", "teraType": "Fighting", "role": "Fast Support", "bvs": {"hp": 72, "atk": 120, "def": 98, "spa": 50, "spd": 98, "spe": 72}, "stats": {"hp": 267, "atk": 259, "def": 220, "spa": 137, "spd": 220, "spe": 175}, "types": ["Grass"]}, "Altaria": {"name": "Altaria", "species": "Altaria", "speciesId": "altaria", "gender": "M", "shiny": false, "level": 89, "moves": ["roost", "dragondance", "earthquake", "bravebird"], "ability": "Natural Cure", "evs": {"hp": 85, "atk": 85, "def": 85, "spa": 85, "spd": 85, "spe": 85}, "ivs": {"hp": 31, "atk": 31, "def": 31, "spa": 31, "spd": 31, "spe": 31}, "item": "Heavy-Duty Boots", "teraType": "Ground", "role": "Bulky Setup", "bvs": {"hp": 75, "atk": 70, "def": 90, "spa": 70, "spd": 105, "spe": 80}, "stats": {"hp": 278, "atk": 175, "def": 211, "spa": 175, "spd": 238, "spe": 193}, "types": ["Dragon", "Flying"]}, "Zekrom": {"name": "Zekrom", "species": "Zekrom", "speciesId": "zekrom", "gender": "N", "shiny": false, "level": 71, "moves": ["outrage", "substitute", "boltstrike", "dragondance"], "ability": "Teravolt", "evs": {"hp": 85, "atk": 85, "def": 85, "spa": 85, "spd": 85, "spe": 85}, "ivs": {"hp": 31, "atk": 31, "def": 31, "spa": 31, "spd": 31, "spe": 31}, "item": "Leftovers", "teraType": "Electric", "role": "Setup Sweeper", "bvs": {"hp": 100, "atk": 150, "def": 120, "spa": 120, "spd": 100, "spe": 90}, "stats": {"hp": 259, "atk": 254, "def": 212, "spa": 212, "spd": 183, "spe": 169}, "types": ["Dragon", "Electric"]}, "Regirock": {"name": "Regirock", "species": "Regirock", "speciesId": "regirock", "gender": "N", "shiny": false, "level": 83, "moves": ["curse", "rest", "bodypress", "stoneedge"], "ability": "Clear Body", "evs": {"hp": 85, "atk": 85, "def": 85, "spa": 85, "spd": 85, "spe": 85}, "ivs": {"hp": 31, "atk": 31, "def": 31, "spa": 31, "spd": 31, "spe": 31}, "item": "Chesto Berry", "teraType": "Fighting", "role": "Bulky Setup", "bvs": {"hp": 80, "atk": 100, "def": 200, "spa": 50, "spd": 100, "spe": 50}, "stats": {"hp": 268, "atk": 214, "def": 380, "spa": 131, "spd": 214, "spe": 131}, "types": ["Rock"]}, "Frosmoth": {"name": "Frosmoth", "species": "Frosmoth", "speciesId": "frosmoth", "gender": "M", "shiny": false, "level": 82, "moves": ["icebeam", "quiverdance", "terablast", "gigadrain"], "ability": "Ice Scales", "evs": {"hp": 85, "atk": 0, "def": 85, "spa": 85, "spd": 85, "spe": 85}, "ivs": {"hp": 31, "atk": 0, "def": 31, "spa": 31, "spd": 31, "spe": 31}, "item": "Heavy-Duty Boots", "teraType": "Ground", "role": "Tera Blast user", "bvs": {"hp": 70, "atk": 65, "def": 60, "spa": 125, "spd": 90, "spe": 65}, "stats": {"hp": 249, "atk": 111, "def": 146, "spa": 252, "spd": 195, "spe": 154}, "types": ["Ice", "Bug"]}}]}