{"id": "gen9randombattle-2641099771", "format": "[Gen 9] Random Battle", "players": ["CSHERO", "HadesOD"], "log": "|j|\u2606CSHERO\n|j|\u2606HadesOD\n|t:|1782740326\n|gametype|singles\n|player|p1|CSHERO|265|1378\n|player|p2|HadesOD|266|1399\n|gen|9\n|tier|[Gen 9] Random Battle\n|rated|\n|rule|Species Clause: Limit one of each Pok\u00e9mon\n|rule|HP Percentage Mod: HP is shown in percentages\n|rule|Sleep Clause Mod: Limit one foe put to sleep\n|rule|Illusion Level Mod: Illusion disguises the Pok\u00e9mon's true level\n|\n|t:|1782740326\n|teamsize|p1|6\n|teamsize|p2|6\n|start\n|switch|p1a: Pachirisu|Pachirisu, L96, F|271/271\n|switch|p2a: Girafarig|Girafarig, L89, F|269/269\n|turn|1\n|inactive|Battle timer is ON: inactive players will automatically lose when time's up. (requested by CSHERO)\n|\n|t:|1782740340\n|move|p1a: Pachirisu|Super Fang|p2a: Girafarig\n|-damage|p2a: Girafarig|135/269\n|move|p2a: Girafarig|Nasty Plot|p2a: Girafarig\n|-boost|p2a: Girafarig|spa|2\n|\n|upkeep\n|turn|2\n|\n|t:|1782740361\n|switch|p2a: Landorus|Landorus, L75, M|257/257\n|move|p1a: Pachirisu|Super Fang|p2a: Landorus\n|-damage|p2a: Landorus|129/257\n|\n|upkeep\n|turn|3\n|\n|t:|1782740370\n|move|p1a: Pachirisu|U-turn|p2a: Landorus\n|-resisted|p2a: Landorus\n|-damage|p2a: Landorus|108/257\n|\n|t:|1782740380\n|switch|p1a: Altaria|Altaria, L89, F|278/278|[from] U-turn\n|move|p2a: Landorus|Earth Power|p1a: Altaria\n|-immune|p1a: Altaria\n|\n|upkeep\n|turn|4\n|\n|t:|1782740404\n|move|p2a: Landorus|Sludge Wave|p1a: Altaria\n|-damage|p1a: Altaria|196/278\n|move|p1a: Altaria|Dragon Dance|p1a: Altaria\n|-boost|p1a: Altaria|atk|1\n|-boost|p1a: Altaria|spe|1\n|\n|upkeep\n|turn|5\n|\n|t:|1782740416\n|move|p1a: Altaria|Brave Bird|p2a: Landorus\n|-damage|p2a: Landorus|0 fnt\n|faint|p2a: Landorus\n|-damage|p1a: Altaria|160/278|[from] Recoil\n|\n|upkeep\n|\n|t:|1782740425\n|switch|p2a: Regirock|Regirock, L83|268/268\n|turn|6\n|\n|t:|1782740444\n|move|p1a: Altaria|Earthquake|p2a: Regirock\n|-supereffective|p2a: Regirock\n|-damage|p2a: Regirock|174/268\n|move|p2a: Regirock|Curse|p2a: Regirock\n|-unboost|p2a: Regirock|spe|1\n|-boost|p2a: Regirock|atk|1\n|-boost|p2a: Regirock|def|1\n|\n|upkeep\n|turn|7\n|\n|t:|1782740469\n|switch|p1a: Sawsbuck|Sawsbuck-Summer, L88, M|284/284\n|move|p2a: Regirock|Curse|p2a: Regirock\n|-unboost|p2a: Regirock|spe|1\n|-boost|p2a: Regirock|atk|1\n|-boost|p2a: Regirock|def|1\n|\n|upkeep\n|turn|8\n|\n|t:|1782740481\n|move|p1a: Sawsbuck|Swords Dance|p1a: Sawsbuck\n|-boost|p1a: Sawsbuck|atk|2\n|move|p2a: Regirock|Body Press|p1a: Sawsbuck\n|-supereffective|p1a: Sawsbuck\n|-damage|p1a: Sawsbuck|0 fnt\n|faint|p1a: Sawsbuck\n|\n|upkeep\n|\n|t:|1782740488\n|switch|p1a: Iron Leaves|Iron Leaves, L80|275/275\n|turn|9\n|\n|t:|1782740500\n|move|p1a: Iron Leaves|Leaf Blade|p2a: Regirock\n|-supereffective|p2a: Regirock\n|-damage|p2a: Regirock|88/268\n|move|p2a: Regirock|Body Press|p1a: Iron Leaves\n|-resisted|p1a: Iron Leaves\n|-damage|p1a: Iron Leaves|166/275\n|\n|upkeep\n|turn|10\n|\n|t:|1782740510\n|move|p1a: Iron Leaves|Leaf Blade|p2a: Regirock\n|-supereffective|p2a: Regirock\n|-damage|p2a: Regirock|0 fnt\n|faint|p2a: Regirock\n|\n|upkeep\n|inactive|HadesOD has 120 seconds left.\n|\n|t:|1782740529\n|switch|p2a: Dodrio|Dodrio, L85, F|241/241\n|turn|11\n|\n|t:|1782740540\n|-end|p1a: Iron Leaves|Quark Drive|[silent]\n|switch|p1a: Drednaw|Drednaw, L81, F|278/278\n|move|p2a: Dodrio|Swords Dance|p2a: Dodrio\n|-boost|p2a: Dodrio|atk|2\n|\n|upkeep\n|turn|12\n|\n|t:|1782740555\n|move|p2a: Dodrio|Drill Run|p1a: Drednaw\n|-supereffective|p1a: Drednaw\n|-damage|p1a: Drednaw|8/278\n|move|p1a: Drednaw|Shell Smash|p1a: Drednaw\n|-unboost|p1a: Drednaw|def|1\n|-unboost|p1a: Drednaw|spd|1\n|-boost|p1a: Drednaw|atk|2\n|-boost|p1a: Drednaw|spa|2\n|-boost|p1a: Drednaw|spe|2\n|-enditem|p1a: Drednaw|White Herb\n|-clearnegativeboost|p1a: Drednaw|[silent]\n|\n|upkeep\n|turn|13\n|inactive|HadesOD has 120 seconds left.\n|\n|t:|1782740576\n|move|p1a: Drednaw|Stone Edge|p2a: Dodrio\n|-supereffective|p2a: Dodrio\n|-damage|p2a: Dodrio|0 fnt\n|faint|p2a: Dodrio\n|\n|upkeep\n|\n|t:|1782740592\n|switch|p2a: Mimikyu|Mimikyu, L79, F|216/216\n|turn|14\n|\n|t:|1782740597\n|move|p2a: Mimikyu|Shadow Sneak|p1a: Drednaw\n|-damage|p1a: Drednaw|0 fnt\n|faint|p1a: Drednaw\n|-damage|p2a: Mimikyu|195/216|[from] item: Life Orb\n|\n|upkeep\n|\n|t:|1782740604\n|switch|p1a: Altaria|Altaria, L89, F|160/278\n|turn|15\n|\n|t:|1782740614\n|move|p2a: Mimikyu|Swords Dance|p2a: Mimikyu\n|-boost|p2a: Mimikyu|atk|2\n|move|p1a: Altaria|Earthquake|p2a: Mimikyu\n|-activate|p2a: Mimikyu|ability: Disguise\n|-damage|p2a: Mimikyu|195/216\n|detailschange|p2a: Mimikyu|Mimikyu-Busted, L79, F\n|-damage|p2a: Mimikyu|168/216|[from] pokemon: Mimikyu-Busted\n|\n|upkeep\n|turn|16\n|\n|t:|1782740628\n|-terastallize|p1a: Altaria|Steel\n|move|p2a: Mimikyu|Play Rough|p1a: Altaria\n|-resisted|p1a: Altaria\n|-damage|p1a: Altaria|70/278\n|-damage|p2a: Mimikyu|147/216|[from] item: Life Orb\n|move|p1a: Altaria|Roost|p1a: Altaria\n|-heal|p1a: Altaria|209/278\n|\n|upkeep\n|turn|17\n|inactive|HadesOD has 120 seconds left.\n|\n|t:|1782740654\n|move|p2a: Mimikyu|Shadow Claw|p1a: Altaria\n|-damage|p1a: Altaria|67/278\n|-damage|p2a: Mimikyu|126/216|[from] item: Life Orb\n|move|p1a: Altaria|Brave Bird|p2a: Mimikyu\n|-damage|p2a: Mimikyu|0 fnt\n|faint|p2a: Mimikyu\n|-damage|p1a: Altaria|25/278|[from] Recoil\n|\n|upkeep\n|\n|t:|1782740663\n|switch|p2a: Medicham|Medicham, L86, F|243/243\n|turn|18\n|inactive|HadesOD has 120 seconds left.\n|\n|t:|1782740675\n|move|p2a: Medicham|Zen Headbutt|p1a: Altaria\n|-resisted|p1a: Altaria\n|-damage|p1a: Altaria|0 fnt\n|faint|p1a: Altaria\n|\n|upkeep\n|\n|t:|1782740682\n|switch|p1a: Iron Leaves|Iron Leaves, L80|166/275\n|turn|19\n|\n|t:|1782740690\n|switch|p2a: Girafarig|Girafarig, L89, F|135/269\n|move|p1a: Iron Leaves|Leaf Blade|p2a: Girafarig\n|-ability|p2a: Girafarig|Sap Sipper|boost\n|-boost|p2a: Girafarig|atk|1\n|\n|upkeep\n|turn|20\n|inactive|HadesOD has 120 seconds left.\n|\n|t:|1782740716\n|-end|p1a: Iron Leaves|Quark Drive|[silent]\n|switch|p1a: Pachirisu|Pachirisu, L96, F|271/271\n|move|p2a: Girafarig|Dazzling Gleam|p1a: Pachirisu\n|-damage|p1a: Pachirisu|238/271\n|\n|upkeep\n|turn|21\n|\n|t:|1782740728\n|move|p1a: Pachirisu|Super Fang|p2a: Girafarig\n|-damage|p2a: Girafarig|68/269\n|move|p2a: Girafarig|Psyshock|p1a: Pachirisu\n|-damage|p1a: Pachirisu|150/271\n|\n|upkeep\n|turn|22\n|\n|t:|1782740746\n|move|p1a: Pachirisu|U-turn|p2a: Girafarig\n|-supereffective|p2a: Girafarig\n|-damage|p2a: Girafarig|6/269\n|\n|t:|1782740749\n|switch|p1a: Iron Leaves|Iron Leaves, L80|166/275|[from] U-turn\n|move|p2a: Girafarig|Psyshock|p1a: Iron Leaves\n|-resisted|p1a: Iron Leaves\n|-damage|p1a: Iron Leaves|121/275\n|\n|upkeep\n|turn|23\n|\n|t:|1782740762\n|move|p1a: Iron Leaves|Psyblade|p2a: Girafarig\n|-resisted|p2a: Girafarig\n|-damage|p2a: Girafarig|0 fnt\n|faint|p2a: Girafarig\n|\n|upkeep\n|\n|t:|1782740764\n|switch|p2a: Medicham|Medicham, L86, F|243/243\n|turn|24\n|inactive|HadesOD has 120 seconds left.\n|\n|t:|1782740790\n|-terastallize|p2a: Medicham|Fighting\n|move|p2a: Medicham|Close Combat|p1a: Iron Leaves\n|-resisted|p1a: Iron Leaves\n|-damage|p1a: Iron Leaves|0 fnt\n|-unboost|p2a: Medicham|def|1\n|-unboost|p2a: Medicham|spd|1\n|faint|p1a: Iron Leaves\n|-end|p1a: Iron Leaves|Quark Drive|[silent]\n|\n|upkeep\n|\n|t:|1782740798\n|switch|p1a: Pachirisu|Pachirisu, L96, F|150/271\n|turn|25\n|\n|t:|1782740812\n|move|p2a: Medicham|Close Combat|p1a: Pachirisu\n|-damage|p1a: Pachirisu|0 fnt\n|-unboost|p2a: Medicham|def|1\n|-unboost|p2a: Medicham|spd|1\n|faint|p1a: Pachirisu\n|\n|upkeep\n|\n|t:|1782740817\n|switch|p1a: Tauros|Tauros-Paldea-Blaze, L81, M|252/252\n|turn|26\n|\n|t:|1782740825\n|move|p2a: Medicham|Close Combat|p1a: Tauros\n|-damage|p1a: Tauros|32/252\n|-unboost|p2a: Medicham|def|1\n|-unboost|p2a: Medicham|spd|1\n|-enditem|p1a: Tauros|Sitrus Berry|[eat]\n|-heal|p1a: Tauros|95/252|[from] item: Sitrus Berry\n|move|p1a: Tauros|Bulk Up|p1a: Tauros\n|-boost|p1a: Tauros|atk|1\n|-boost|p1a: Tauros|def|1\n|\n|upkeep\n|turn|27\n|\n|t:|1782740838\n|move|p2a: Medicham|Close Combat|p1a: Tauros\n|-damage|p1a: Tauros|0 fnt\n|-unboost|p2a: Medicham|def|1\n|-unboost|p2a: Medicham|spd|1\n|faint|p1a: Tauros\n|\n|win|HadesOD\n|raw|CSHERO's rating: 1378 &rarr; <strong>1359</strong><br />(-19 for losing)\n|raw|HadesOD's rating: 1399 &rarr; <strong>1418</strong><br />(+19 for winning)\n|l|\u2606CSHERO\n|player|p1|\n", "inputlog": ">version f8ac14003a5f27e1bdc8d8c59608a773c1cb96e5\n>start {\"formatid\":\"gen9randombattle\",\"seed\":\"sodium,584ad352297675e843b6f52e235afc8f\",\"rated\":\"Rated battle\"}\n>player p1 {\"name\":\"CSHERO\",\"avatar\":\"265\",\"rating\":1378,\"seed\":\"sodium,d67f2869d344b818dae464fb273ed200\"}\n>player p2 {\"name\":\"HadesOD\",\"avatar\":\"266\",\"rating\":1399,\"seed\":\"sodium,2046898882dabde14a882c9b24ee17a9\"}\n>p1 move superfang\n>p2 move nastyplot\n>p1 move superfang\n>p2 switch 2\n>p1 move uturn\n>p2 move earthpower\n>p1 switch 4\n>p1 move dragondance\n>p2 move sludgewave\n>p1 move bravebird\n>p2 move psychic\n>p2 switch 3\n>p1 move earthquake\n>p2 move curse\n>p1 switch 3\n>p2 move curse\n>p1 move swordsdance\n>p2 move bodypress\n>p1 switch 2\n>p1 move leafblade\n>p2 move bodypress\n>p1 move leafblade\n>p2 move rest\n>p2 switch 4\n>p1 switch 5\n>p2 move swordsdance\n>p1 move shellsmash\n>p2 move drillrun\n>p1 move stoneedge\n>p2 move doubleedge\n>p2 switch 5\n>p1 move liquidation\n>p2 move shadowsneak\n>p1 switch 3\n>p1 move earthquake\n>p2 move swordsdance\n>p1 move roost terastallize\n>p2 move playrough\n>p1 move bravebird\n>p2 move shadowclaw\n>p2 switch 6\n>p1 move bravebird\n>p2 move zenheadbutt\n>p1 switch 5\n>p1 move leafblade\n>p2 switch 2\n>p1 switch 4\n>p2 move dazzlinggleam\n>p1 move superfang\n>p2 move psyshock\n>p1 move uturn\n>p2 move psyshock\n>p1 switch 4\n>p1 move psyblade\n>p2 move dazzlinggleam\n>p2 switch 2\n>p1 move psyblade\n>p2 move closecombat terastallize\n>p1 switch 4\n>p1 move nuzzle\n>p2 move closecombat\n>p1 switch 6\n>p1 move bulkup\n>p2 move closecombat\n>p1 move closecombat\n>p2 move closecombat", "uploadtime": 1782740857, "views": 14, "formatid": "gen9randombattle", "rating": 1359, "private": 0, "password": null, "player_dets": [{"name": "CSHERO", "avatar": "265", "rating": 1378, "seed": "sodium,d67f2869d344b818dae464fb273ed200"}, {"name": "HadesOD", "avatar": "266", "rating": 1399, "seed": "sodium,2046898882dabde14a882c9b24ee17a9"}], "teams_full": [{"Pachirisu": {"name": "Pachirisu", "species": "Pachirisu", "speciesId": "pachirisu", "gender": "F", "shiny": false, "level": 96, "moves": ["superfang", "thunderbolt", "nuzzle", "uturn"], "ability": "Volt Absorb", "evs": {"hp": 85, "atk": 85, "def": 85, "spa": 85, "spd": 85, "spe": 85}, "ivs": {"hp": 31, "atk": 31, "def": 31, "spa": 31, "spd": 31, "spe": 31}, "item": "Assault Vest", "teraType": "Flying", "role": "AV Pivot", "bvs": {"hp": 60, "atk": 45, "def": 70, "spa": 45, "spd": 90, "spe": 95}, "stats": {"hp": 271, "atk": 141, "def": 189, "spa": 141, "spd": 227, "spe": 237}, "types": ["Electric"]}, "Iron Leaves": {"name": "Iron Leaves", "species": "Iron Leaves", "speciesId": "ironleaves", "gender": "N", "shiny": false, "level": 80, "moves": ["closecombat", "psyblade", "megahorn", "leafblade"], "ability": "Quark Drive", "evs": {"hp": 85, "atk": 85, "def": 85, "spa": 85, "spd": 85, "spe": 85}, "ivs": {"hp": 31, "atk": 31, "def": 31, "spa": 31, "spd": 31, "spe": 31}, "item": "Choice Band", "teraType": "Fighting", "role": "Wallbreaker", "bvs": {"hp": 90, "atk": 130, "def": 88, "spa": 70, "spd": 108, "spe": 104}, "stats": {"hp": 275, "atk": 254, "def": 187, "spa": 158, "spd": 219, "spe": 213}, "types": ["Grass", "Psychic"]}, "Sawsbuck": {"name": "Sawsbuck", "species": "Sawsbuck-Summer", "speciesId": "sawsbuck", "gender": "M", "shiny": false, "level": 88, "moves": ["highhorsepower", "doubleedge", "swordsdance", "hornleech"], "ability": "Sap Sipper", "evs": {"hp": 85, "atk": 85, "def": 85, "spa": 85, "spd": 85, "spe": 85}, "ivs": {"hp": 31, "atk": 31, "def": 31, "spa": 31, "spd": 31, "spe": 31}, "item": "Life Orb", "teraType": "Normal", "role": "Setup Sweeper", "bvs": {"hp": 80, "atk": 100, "def": 70, "spa": 60, "spd": 70, "spe": 95}, "stats": {"hp": 284, "atk": 226, "def": 173, "spa": 156, "spd": 173, "spe": 217}, "types": ["Normal", "Grass"]}, "Altaria": {"name": "Altaria", "species": "Altaria", "speciesId": "altaria", "gender": "F", "shiny": false, "level": 89, "moves": ["bravebird", "dragondance", "earthquake", "roost"], "ability": "Natural Cure", "evs": {"hp": 85, "atk": 85, "def": 85, "spa": 85, "spd": 85, "spe": 85}, "ivs": {"hp": 31, "atk": 31, "def": 31, "spa": 31, "spd": 31, "spe": 31}, "item": "Heavy-Duty Boots", "teraType": "Steel", "role": "Bulky Setup", "bvs": {"hp": 75, "atk": 70, "def": 90, "spa": 70, "spd": 105, "spe": 80}, "stats": {"hp": 278, "atk": 175, "def": 211, "spa": 175, "spd": 238, "spe": 193}, "types": ["Dragon", "Flying"]}, "Drednaw": {"name": "Drednaw", "species": "Drednaw", "speciesId": "drednaw", "gender": "F", "shiny": false, "level": 81, "moves": ["liquidation", "stoneedge", "crunch", "shellsmash"], "ability": "Strong Jaw", "evs": {"hp": 85, "atk": 85, "def": 85, "spa": 85, "spd": 85, "spe": 85}, "ivs": {"hp": 31, "atk": 31, "def": 31, "spa": 31, "spd": 31, "spe": 31}, "item": "White Herb", "teraType": "Dark", "role": "Setup Sweeper", "bvs": {"hp": 90, "atk": 115, "def": 90, "spa": 48, "spd": 68, "spe": 74}, "stats": {"hp": 278, "atk": 233, "def": 192, "spa": 124, "spd": 157, "spe": 167}, "types": ["Water", "Rock"]}, "Tauros": {"name": "Tauros", "species": "Tauros-Paldea-Blaze", "speciesId": "taurospaldeablaze", "gender": "M", "shiny": false, "level": 81, "moves": ["bulkup", "substitute", "closecombat", "ragingbull"], "ability": "Cud Chew", "evs": {"hp": 73, "atk": 85, "def": 85, "spa": 85, "spd": 85, "spe": 85}, "ivs": {"hp": 31, "atk": 31, "def": 31, "spa": 31, "spd": 31, "spe": 31}, "item": "Sitrus Berry", "teraType": "Water", "role": "Fast Bulky Setup", "bvs": {"hp": 75, "atk": 110, "def": 105, "spa": 30, "spd": 70, "spe": 100}, "stats": {"hp": 252, "atk": 225, "def": 217, "spa": 95, "spd": 160, "spe": 209}, "types": ["Fighting", "Fire"]}}, {"Girafarig": {"name": "Girafarig", "species": "Girafarig", "speciesId": "girafarig", "gender": "F", "shiny": false, "level": 89, "moves": ["dazzlinggleam", "psyshock", "thunderbolt", "nastyplot"], "ability": "Sap Sipper", "evs": {"hp": 85, "atk": 0, "def": 85, "spa": 85, "spd": 85, "spe": 85}, "ivs": {"hp": 31, "atk": 0, "def": 31, "spa": 31, "spd": 31, "spe": 31}, "item": "Eviolite", "teraType": "Electric", "role": "Bulky Setup", "bvs": {"hp": 70, "atk": 80, "def": 65, "spa": 90, "spd": 65, "spe": 85}, "stats": {"hp": 269, "atk": 147, "def": 166, "spa": 211, "spd": 166, "spe": 202}, "types": ["Normal", "Psychic"]}, "Landorus": {"name": "Landorus", "species": "Landorus", "speciesId": "landorus", "gender": "M", "shiny": false, "level": 75, "moves": ["earthpower", "sludgewave", "nastyplot", "psychic"], "ability": "Sheer Force", "evs": {"hp": 85, "atk": 0, "def": 85, "spa": 85, "spd": 85, "spe": 85}, "ivs": {"hp": 31, "atk": 0, "def": 31, "spa": 31, "spd": 31, "spe": 31}, "item": "Life Orb", "teraType": "Poison", "role": "Fast Attacker", "bvs": {"hp": 89, "atk": 125, "def": 90, "spa": 115, "spd": 80, "spe": 101}, "stats": {"hp": 257, "atk": 192, "def": 179, "spa": 216, "spd": 164, "spe": 195}, "types": ["Ground", "Flying"]}, "Regirock": {"name": "Regirock", "species": "Regirock", "speciesId": "regirock", "gender": "N", "shiny": false, "level": 83, "moves": ["curse", "bodypress", "rest", "stoneedge"], "ability": "Clear Body", "evs": {"hp": 85, "atk": 85, "def": 85, "spa": 85, "spd": 85, "spe": 85}, "ivs": {"hp": 31, "atk": 31, "def": 31, "spa": 31, "spd": 31, "spe": 31}, "item": "Chesto Berry", "teraType": "Fighting", "role": "Bulky Setup", "bvs": {"hp": 80, "atk": 100, "def": 200, "spa": 50, "spd": 100, "spe": 50}, "stats": {"hp": 268, "atk": 214, "def": 380, "spa": 131, "spd": 214, "spe": 131}, "types": ["Rock"]}, "Dodrio": {"name": "Dodrio", "species": "Dodrio", "speciesId": "dodrio", "gender": "F", "shiny": false, "level": 85, "moves": ["doubleedge", "bravebird", "drillrun", "swordsdance"], "ability": "Early Bird", "evs": {"hp": 85, "atk": 85, "def": 85, "spa": 85, "spd": 85, "spe": 85}, "ivs": {"hp": 31, "atk": 31, "def": 31, "spa": 31, "spd": 31, "spe": 31}, "item": "Heavy-Duty Boots", "teraType": "Flying", "role": "Setup Sweeper", "bvs": {"hp": 60, "atk": 110, "def": 70, "spa": 60, "spd": 60, "spe": 110}, "stats": {"hp": 241, "atk": 236, "def": 168, "spa": 151, "spd": 151, "spe": 236}, "types": ["Normal", "Flying"]}, "Mimikyu": {"name": "Mimikyu", "species": "Mimikyu", "speciesId": "mimikyu", "gender": "F", "shiny": false, "level": 79, "moves": ["swordsdance", "playrough", "shadowsneak", "shadowclaw"], "ability": "Disguise", "evs": {"hp": 85, "atk": 85, "def": 85, "spa": 85, "spd": 85, "spe": 85}, "ivs": {"hp": 31, "atk": 31, "def": 31, "spa": 31, "spd": 31, "spe": 31}, "item": "Life Orb", "teraType": "Fairy", "role": "Fast Bulky Setup", "bvs": {"hp": 55, "atk": 90, "def": 80, "spa": 50, "spd": 105, "spe": 96}, "stats": {"hp": 216, "atk": 188, "def": 172, "spa": 125, "spd": 211, "spe": 197}, "types": ["Ghost", "Fairy"]}, "Medicham": {"name": "Medicham", "species": "Medicham", "speciesId": "medicham", "gender": "F", "shiny": false, "level": 86, "moves": ["zenheadbutt", "closecombat", "icepunch", "trick"], "ability": "Pure Power", "evs": {"hp": 85, "atk": 85, "def": 85, "spa": 85, "spd": 85, "spe": 85}, "ivs": {"hp": 31, "atk": 31, "def": 31, "spa": 31, "spd": 31, "spe": 31}, "item": "Choice Scarf", "teraType": "Fighting", "role": "Fast Attacker", "bvs": {"hp": 60, "atk": 60, "def": 75, "spa": 60, "spd": 75, "spe": 80}, "stats": {"hp": 243, "atk": 152, "def": 178, "spa": 152, "spd": 178, "spe": 187}, "types": ["Fighting", "Psychic"]}}]}