{"id": "gen9randombattle-2641516152", "format": "[Gen 9] Random Battle", "players": ["testbotcif", "xaybay"], "log": "|j|\u2606testbotcif\n|j|\u2606xaybay\n|t:|1782798690\n|gametype|singles\n|player|p1|testbotcif|266|1294\n|player|p2|xaybay|101|1293\n|gen|9\n|tier|[Gen 9] Random Battle\n|rated|\n|rule|Species Clause: Limit one of each Pok\u00e9mon\n|rule|HP Percentage Mod: HP is shown in percentages\n|rule|Sleep Clause Mod: Limit one foe put to sleep\n|rule|Illusion Level Mod: Illusion disguises the Pok\u00e9mon's true level\n|\n|t:|1782798690\n|teamsize|p1|6\n|teamsize|p2|6\n|start\n|switch|p1a: Kingambit|Kingambit, L74, F|270/270\n|switch|p2a: Porygon-Z|Porygon-Z, L83|277/277\n|turn|1\n|inactive|Battle timer is ON: inactive players will automatically lose when time's up. (requested by testbotcif)\n|c|\u2606testbotcif|rlhf\n|inactive|xaybay has 120 seconds left.\n|\n|t:|1782798748\n|-terastallize|p1a: Kingambit|Dark\n|move|p2a: Porygon-Z|Nasty Plot|p2a: Porygon-Z\n|-boost|p2a: Porygon-Z|spa|2\n|move|p1a: Kingambit|Swords Dance|p1a: Kingambit\n|-boost|p1a: Kingambit|atk|2\n|\n|upkeep\n|turn|2\n|\n|t:|1782798771\n|-terastallize|p2a: Porygon-Z|Fighting\n|move|p2a: Porygon-Z|Tera Blast|p1a: Kingambit|[anim] Tera Blast Fighting\n|-supereffective|p1a: Kingambit\n|-damage|p1a: Kingambit|0 fnt\n|faint|p1a: Kingambit\n|-end|p1a: Kingambit|fallenundefined|[silent]\n|-damage|p2a: Porygon-Z|250/277|[from] item: Life Orb\n|\n|upkeep\n|\n|t:|1782798771\n|switch|p1a: Iron Valiant|Iron Valiant, L78|244/244\n|turn|3\n|inactive|xaybay has 120 seconds left.\n|inactive|xaybay has 90 seconds left.\n|\n|t:|1782798849\n|move|p1a: Iron Valiant|Close Combat|p2a: Porygon-Z\n|-damage|p2a: Porygon-Z|36/277\n|-unboost|p1a: Iron Valiant|def|1\n|-unboost|p1a: Iron Valiant|spd|1\n|-damage|p1a: Iron Valiant|220/244|[from] item: Life Orb\n|move|p2a: Porygon-Z|Agility|p2a: Porygon-Z\n|-boost|p2a: Porygon-Z|spe|2\n|\n|upkeep\n|turn|4\n|\n|t:|1782798858\n|move|p2a: Porygon-Z|Shadow Ball|p1a: Iron Valiant\n|-damage|p1a: Iron Valiant|0 fnt\n|faint|p1a: Iron Valiant\n|-end|p1a: Iron Valiant|Quark Drive|[silent]\n|-damage|p2a: Porygon-Z|9/277|[from] item: Life Orb\n|\n|upkeep\n|\n|t:|1782798858\n|switch|p1a: Registeel|Registeel, L81|262/262\n|turn|5\n|\n|t:|1782798863\n|move|p2a: Porygon-Z|Tera Blast|p1a: Registeel|[anim] Tera Blast Fighting\n|-supereffective|p1a: Registeel\n|-damage|p1a: Registeel|0 fnt\n|faint|p1a: Registeel\n|-damage|p2a: Porygon-Z|0 fnt|[from] item: Life Orb\n|faint|p2a: Porygon-Z\n|\n|upkeep\n|inactive|xaybay has 90 seconds left.\n|\n|t:|1782798872\n|switch|p2a: Galvantula|Galvantula, L82, F|249/249\n|switch|p1a: Munkidori|Munkidori, L79, M|269/269\n|turn|6\n|\n|t:|1782798882\n|move|p2a: Galvantula|Sticky Web|p1a: Munkidori\n|-sidestart|p1: testbotcif|move: Sticky Web\n|move|p1a: Munkidori|Sludge Wave|p2a: Galvantula\n|-damage|p2a: Galvantula|27/249\n|-status|p2a: Galvantula|tox|[from] ability: Toxic Chain|[of] p1a: Munkidori\n|\n|-damage|p2a: Galvantula|12/249 tox|[from] psn\n|upkeep\n|turn|7\n|\n|t:|1782798888\n|move|p2a: Galvantula|Thunder|p1a: Munkidori\n|-damage|p1a: Munkidori|160/269\n|move|p1a: Munkidori|Sludge Wave|p2a: Galvantula\n|-damage|p2a: Galvantula|0 fnt\n|faint|p2a: Galvantula\n|\n|upkeep\n|inactive|xaybay has 90 seconds left.\n|\n|t:|1782798909\n|switch|p2a: Ting-Lu|Ting-Lu, L78|370/370\n|-ability|p2a: Ting-Lu|Vessel of Ruin\n|turn|8\n|inactive|xaybay has 90 seconds left.\n|\n|t:|1782798934\n|switch|p1a: Luvdisc|Luvdisc, F|247/247\n|move|p2a: Ting-Lu|Spikes|p1a: Luvdisc\n|-sidestart|p1: testbotcif|Spikes\n|\n|upkeep\n|turn|9\n|\n|t:|1782798947\n|move|p1a: Luvdisc|Surf|p2a: Ting-Lu\n|-supereffective|p2a: Ting-Lu\n|-damage|p2a: Ting-Lu|248/370\n|move|p2a: Ting-Lu|Spikes|p1a: Luvdisc\n|-sidestart|p1: testbotcif|Spikes\n|\n|-heal|p2a: Ting-Lu|271/370|[from] item: Leftovers\n|upkeep\n|turn|10\n|\n|t:|1782798951\n|move|p1a: Luvdisc|Surf|p2a: Ting-Lu\n|-supereffective|p2a: Ting-Lu\n|-damage|p2a: Ting-Lu|151/370\n|move|p2a: Ting-Lu|Spikes|p1a: Luvdisc\n|-sidestart|p1: testbotcif|Spikes\n|\n|-heal|p2a: Ting-Lu|174/370|[from] item: Leftovers\n|upkeep\n|turn|11\n|\n|t:|1782798954\n|move|p1a: Luvdisc|Surf|p2a: Ting-Lu\n|-supereffective|p2a: Ting-Lu\n|-damage|p2a: Ting-Lu|36/370\n|move|p2a: Ting-Lu|Payback|p1a: Luvdisc\n|-damage|p1a: Luvdisc|120/247\n|\n|-heal|p2a: Ting-Lu|59/370|[from] item: Leftovers\n|upkeep\n|turn|12\n|inactive|xaybay has 90 seconds left.\n|\n|t:|1782798971\n|move|p1a: Luvdisc|Surf|p2a: Ting-Lu\n|-supereffective|p2a: Ting-Lu\n|-crit|p2a: Ting-Lu\n|-damage|p2a: Ting-Lu|0 fnt\n|faint|p2a: Ting-Lu\n|\n|upkeep\n|\n|t:|1782798974\n|switch|p2a: Minun|Minun, L95, F|268/268\n|turn|13\n|\n|t:|1782798979\n|move|p1a: Luvdisc|Flip Turn|p2a: Minun\n|-damage|p2a: Minun|211/268\n|\n|t:|1782798979\n|switch|p1a: Munkidori|Munkidori, L79, M|160/269|[from] Flip Turn\n|-activate|p1a: Munkidori|move: Sticky Web\n|-unboost|p1a: Munkidori|spe|1\n|-damage|p1a: Munkidori|93/269|[from] Spikes\n|move|p2a: Minun|Thunderbolt|p1a: Munkidori\n|-damage|p1a: Munkidori|0 fnt\n|faint|p1a: Munkidori\n|-damage|p2a: Minun|185/268|[from] item: Life Orb\n|\n|upkeep\n|\n|t:|1782798979\n|switch|p1a: Scyther|Scyther, L82, M|249/249\n|turn|14\n|\n|t:|1782799000\n|move|p2a: Minun|Thunderbolt|p1a: Scyther\n|-supereffective|p1a: Scyther\n|-damage|p1a: Scyther|0 fnt\n|faint|p1a: Scyther\n|-damage|p2a: Minun|159/268|[from] item: Life Orb\n|\n|upkeep\n|\n|t:|1782799000\n|switch|p1a: Luvdisc|Luvdisc, F|120/247\n|turn|15\n|\n|t:|1782799003\n|move|p1a: Luvdisc|Flip Turn|p2a: Minun\n|-damage|p2a: Minun|99/268\n|move|p2a: Minun|Thunderbolt|p1a: Luvdisc\n|-supereffective|p1a: Luvdisc\n|-damage|p1a: Luvdisc|0 fnt\n|faint|p1a: Luvdisc\n|-damage|p2a: Minun|73/268|[from] item: Life Orb\n|\n|win|xaybay\n|raw|testbotcif's rating: 1294 &rarr; <strong>1269</strong><br />(-25 for losing)\n|raw|xaybay's rating: 1293 &rarr; <strong>1318</strong><br />(+25 for winning)\n", "inputlog": ">version f8ac14003a5f27e1bdc8d8c59608a773c1cb96e5\n>start {\"formatid\":\"gen9randombattle\",\"seed\":\"sodium,7dfc84c5cf8414a717b0386ee8d3715c\",\"rated\":\"Rated battle\"}\n>player p1 {\"name\":\"testbotcif\",\"avatar\":\"266\",\"rating\":1294,\"seed\":\"sodium,82ae1daced25b4bc691125a5dc952e33\"}\n>player p2 {\"name\":\"xaybay\",\"avatar\":\"101\",\"rating\":1293,\"seed\":\"sodium,d0b17dc8a4d3be9a033f989462f02508\"}\n>chat \u2606testbotcif|rlhf\n>p1 move swordsdance terastallize\n>p2 move nastyplot\n>p1 move kowtowcleave\n>p2 move terablast terastallize\n>p1 switch 3\n>p1 move closecombat\n>p2 move agility\n>p1 move psychic\n>p2 move shadowball\n>p1 switch 5\n>p1 move irondefense\n>p2 move terablast\n>p1 switch 6\n>p2 switch 5\n>p1 move sludgewave\n>p2 move stickyweb\n>p1 move sludgewave\n>p2 move thunder\n>p2 switch 2\n>p1 switch 4\n>p2 move spikes\n>p1 move surf\n>p2 move spikes\n>p1 move surf\n>p2 move spikes\n>p1 move surf\n>p2 move payback\n>p1 move surf\n>p2 move payback\n>p2 switch 6\n>p1 move flipturn\n>p2 move thunderbolt\n>p1 switch 4\n>p1 switch 2\n>p1 move uturn\n>p2 move thunderbolt\n>p1 switch 4\n>p1 move flipturn\n>p2 move thunderbolt", "uploadtime": 1782799003, "views": 5, "formatid": "gen9randombattle", "rating": 1269, "private": 0, "password": null, "player_dets": [{"name": "testbotcif", "avatar": "266", "rating": 1294, "seed": "sodium,82ae1daced25b4bc691125a5dc952e33"}, {"name": "xaybay", "avatar": "101", "rating": 1293, "seed": "sodium,d0b17dc8a4d3be9a033f989462f02508"}], "teams_full": [{"Kingambit": {"name": "Kingambit", "species": "Kingambit", "speciesId": "kingambit", "gender": "F", "shiny": false, "level": 74, "moves": ["kowtowcleave", "ironhead", "swordsdance", "suckerpunch"], "ability": "Supreme Overlord", "evs": {"hp": 85, "atk": 85, "def": 85, "spa": 85, "spd": 85, "spe": 85}, "ivs": {"hp": 31, "atk": 31, "def": 31, "spa": 31, "spd": 31, "spe": 31}, "item": "Leftovers", "teraType": "Dark", "role": "Bulky Attacker", "bvs": {"hp": 100, "atk": 135, "def": 120, "spa": 60, "spd": 85, "spe": 50}, "stats": {"hp": 270, "atk": 243, "def": 221, "spa": 132, "spd": 169, "spe": 117}, "types": ["Dark", "Steel"]}, "Scyther": {"name": "Scyther", "species": "Scyther", "speciesId": "scyther", "gender": "M", "shiny": false, "level": 82, "moves": ["uturn", "closecombat", "defog", "dualwingbeat"], "ability": "Technician", "evs": {"hp": 85, "atk": 85, "def": 85, "spa": 85, "spd": 85, "spe": 85}, "ivs": {"hp": 31, "atk": 31, "def": 31, "spa": 31, "spd": 31, "spe": 31}, "item": "Heavy-Duty Boots", "teraType": "Fighting", "role": "Fast Support", "bvs": {"hp": 70, "atk": 110, "def": 80, "spa": 55, "spd": 80, "spe": 105}, "stats": {"hp": 249, "atk": 228, "def": 178, "spa": 137, "spd": 178, "spe": 219}, "types": ["Bug", "Flying"]}, "Iron Valiant": {"name": "Iron Valiant", "species": "Iron Valiant", "speciesId": "ironvaliant", "gender": "N", "shiny": false, "level": 78, "moves": ["closecombat", "moonblast", "psychic", "calmmind"], "ability": "Quark Drive", "evs": {"hp": 85, "atk": 85, "def": 85, "spa": 85, "spd": 85, "spe": 85}, "ivs": {"hp": 31, "atk": 31, "def": 31, "spa": 31, "spd": 31, "spe": 31}, "item": "Life Orb", "teraType": "Fairy", "role": "Fast Attacker", "bvs": {"hp": 74, "atk": 130, "def": 90, "spa": 120, "spd": 60, "spe": 116}, "stats": {"hp": 244, "atk": 248, "def": 185, "spa": 232, "spd": 139, "spe": 226}, "types": ["Fairy", "Fighting"]}, "Luvdisc": {"name": "Luvdisc", "species": "Luvdisc", "speciesId": "luvdisc", "gender": "F", "shiny": false, "level": 100, "moves": ["surf", "substitute", "flipturn", "endeavor"], "ability": "Swift Swim", "evs": {"hp": 81, "atk": 85, "def": 85, "spa": 85, "spd": 85, "spe": 85}, "ivs": {"hp": 31, "atk": 31, "def": 31, "spa": 31, "spd": 31, "spe": 31}, "item": "Heavy-Duty Boots", "teraType": "Ghost", "role": "Fast Support", "bvs": {"hp": 43, "atk": 30, "def": 55, "spa": 40, "spd": 65, "spe": 97}, "stats": {"hp": 247, "atk": 117, "def": 167, "spa": 137, "spd": 187, "spe": 251}, "types": ["Water"]}, "Registeel": {"name": "Registeel", "species": "Registeel", "speciesId": "registeel", "gender": "N", "shiny": false, "level": 81, "moves": ["ironhead", "irondefense", "rest", "bodypress"], "ability": "Clear Body", "evs": {"hp": 85, "atk": 85, "def": 85, "spa": 85, "spd": 85, "spe": 85}, "ivs": {"hp": 31, "atk": 31, "def": 31, "spa": 31, "spd": 31, "spe": 31}, "item": "Chesto Berry", "teraType": "Fighting", "role": "Bulky Setup", "bvs": {"hp": 80, "atk": 75, "def": 150, "spa": 75, "spd": 150, "spe": 50}, "stats": {"hp": 262, "atk": 168, "def": 290, "spa": 168, "spd": 290, "spe": 128}, "types": ["Steel"]}, "Munkidori": {"name": "Munkidori", "species": "Munkidori", "speciesId": "munkidori", "gender": "M", "shiny": false, "level": 79, "moves": ["uturn", "psyshock", "sludgewave", "focusblast"], "ability": "Toxic Chain", "evs": {"hp": 85, "atk": 85, "def": 85, "spa": 85, "spd": 85, "spe": 85}, "ivs": {"hp": 31, "atk": 31, "def": 31, "spa": 31, "spd": 31, "spe": 31}, "item": "Choice Specs", "teraType": "Poison", "role": "Fast Attacker", "bvs": {"hp": 88, "atk": 75, "def": 66, "spa": 130, "spd": 90, "spe": 106}, "stats": {"hp": 269, "atk": 164, "def": 150, "spa": 251, "spd": 188, "spe": 213}, "types": ["Poison", "Psychic"]}}, {"Porygon-Z": {"name": "Porygon-Z", "species": "Porygon-Z", "speciesId": "porygonz", "gender": "N", "shiny": false, "level": 83, "moves": ["shadowball", "agility", "terablast", "nastyplot"], "ability": "Adaptability", "evs": {"hp": 85, "atk": 0, "def": 85, "spa": 85, "spd": 85, "spe": 85}, "ivs": {"hp": 31, "atk": 0, "def": 31, "spa": 31, "spd": 31, "spe": 31}, "item": "Life Orb", "teraType": "Fighting", "role": "Tera Blast user", "bvs": {"hp": 85, "atk": 80, "def": 70, "spa": 135, "spd": 75, "spe": 90}, "stats": {"hp": 277, "atk": 137, "def": 164, "spa": 272, "spd": 172, "spe": 197}, "types": ["Normal"]}, "Ting-Lu": {"name": "Ting-Lu", "species": "Ting-Lu", "speciesId": "tinglu", "gender": "N", "shiny": false, "level": 78, "moves": ["earthquake", "heavyslam", "payback", "spikes"], "ability": "Vessel of Ruin", "evs": {"hp": 85, "atk": 85, "def": 85, "spa": 85, "spd": 85, "spe": 85}, "ivs": {"hp": 31, "atk": 31, "def": 31, "spa": 31, "spd": 31, "spe": 31}, "item": "Leftovers", "teraType": "Steel", "role": "Bulky Attacker", "bvs": {"hp": 155, "atk": 110, "def": 125, "spa": 55, "spd": 80, "spe": 45}, "stats": {"hp": 370, "atk": 217, "def": 240, "spa": 131, "spd": 170, "spe": 115}, "types": ["Dark", "Ground"]}, "Giratina": {"name": "Giratina", "species": "Giratina-Origin", "speciesId": "giratinaorigin", "gender": "N", "shiny": false, "level": 72, "moves": ["defog", "dracometeor", "poltergeist", "shadowsneak"], "ability": "Levitate", "evs": {"hp": 85, "atk": 85, "def": 85, "spa": 85, "spd": 85, "spe": 85}, "ivs": {"hp": 31, "atk": 31, "def": 31, "spa": 31, "spd": 31, "spe": 31}, "item": "Griseous Core", "teraType": "Ghost", "role": "Fast Attacker", "bvs": {"hp": 150, "atk": 120, "def": 100, "spa": 120, "spd": 100, "spe": 90}, "stats": {"hp": 335, "atk": 215, "def": 186, "spa": 215, "spd": 186, "spe": 172}, "types": ["Ghost", "Dragon"]}, "Gliscor": {"name": "Gliscor", "species": "Gliscor", "speciesId": "gliscor", "gender": "M", "shiny": false, "level": 76, "moves": ["protect", "earthquake", "substitute", "toxic"], "ability": "Poison Heal", "evs": {"hp": 85, "atk": 85, "def": 85, "spa": 85, "spd": 85, "spe": 85}, "ivs": {"hp": 31, "atk": 31, "def": 31, "spa": 31, "spd": 31, "spe": 31}, "item": "Toxic Orb", "teraType": "Water", "role": "Fast Support", "bvs": {"hp": 75, "atk": 95, "def": 125, "spa": 45, "spd": 75, "spe": 95}, "stats": {"hp": 239, "atk": 188, "def": 234, "spa": 112, "spd": 158, "spe": 188}, "types": ["Ground", "Flying"]}, "Galvantula": {"name": "Galvantula", "species": "Galvantula", "speciesId": "galvantula", "gender": "F", "shiny": false, "level": 82, "moves": ["stickyweb", "thunder", "bugbuzz", "energyball"], "ability": "Compound Eyes", "evs": {"hp": 85, "atk": 0, "def": 85, "spa": 85, "spd": 85, "spe": 85}, "ivs": {"hp": 31, "atk": 0, "def": 31, "spa": 31, "spd": 31, "spe": 31}, "item": "Heavy-Duty Boots", "teraType": "Electric", "role": "Fast Support", "bvs": {"hp": 70, "atk": 77, "def": 60, "spa": 97, "spd": 60, "spe": 108}, "stats": {"hp": 249, "atk": 131, "def": 146, "spa": 206, "spd": 146, "spe": 224}, "types": ["Bug", "Electric"]}, "Minun": {"name": "Minun", "species": "Minun", "speciesId": "minun", "gender": "F", "shiny": false, "level": 95, "moves": ["grassknot", "thunderbolt", "encore", "nastyplot"], "ability": "Volt Absorb", "evs": {"hp": 85, "atk": 0, "def": 85, "spa": 85, "spd": 85, "spe": 85}, "ivs": {"hp": 31, "atk": 0, "def": 31, "spa": 31, "spd": 31, "spe": 31}, "item": "Life Orb", "teraType": "Electric", "role": "Setup Sweeper", "bvs": {"hp": 60, "atk": 40, "def": 50, "spa": 75, "spd": 85, "spe": 95}, "stats": {"hp": 268, "atk": 81, "def": 149, "spa": 196, "spd": 215, "spe": 234}, "types": ["Electric"]}}]}