{"id": "gen9randombattle-2641286898", "format": "[Gen 9] Random Battle", "players": ["testbotcif", "AugustDawn"], "log": "|j|\u2606testbotcif\n|j|\u2606AugustDawn\n|t:|1782763463\n|gametype|singles\n|player|p1|testbotcif|266|1332\n|player|p2|AugustDawn|iris-gen5bw2|1372\n|gen|9\n|tier|[Gen 9] Random Battle\n|rated|\n|rule|Species Clause: Limit one of each Pok\u00e9mon\n|rule|HP Percentage Mod: HP is shown in percentages\n|rule|Sleep Clause Mod: Limit one foe put to sleep\n|rule|Illusion Level Mod: Illusion disguises the Pok\u00e9mon's true level\n|\n|t:|1782763463\n|teamsize|p1|6\n|teamsize|p2|6\n|start\n|switch|p1a: Solgaleo|Solgaleo, L74|325/325\n|switch|p2a: Brute Bonnet|Brute Bonnet, L80|309/309\n|turn|1\n|inactive|Battle timer is ON: inactive players will automatically lose when time's up. (requested by testbotcif)\n|c|\u2606testbotcif|rlhf\n|\n|t:|1782763484\n|move|p1a: Solgaleo|Sunsteel Strike|p2a: Brute Bonnet\n|-damage|p2a: Brute Bonnet|200/309\n|move|p2a: Brute Bonnet|Crunch|p1a: Solgaleo\n|-supereffective|p1a: Solgaleo\n|-damage|p1a: Solgaleo|143/325\n|-enditem|p1a: Solgaleo|Weakness Policy\n|-boost|p1a: Solgaleo|atk|2|[from] item: Weakness Policy\n|-boost|p1a: Solgaleo|spa|2|[from] item: Weakness Policy\n|\n|-heal|p2a: Brute Bonnet|219/309|[from] item: Leftovers\n|upkeep\n|turn|2\n|c|\u2606AugustDawn|glhf\n|\n|t:|1782763500\n|move|p2a: Brute Bonnet|Sucker Punch|p1a: Solgaleo\n|-supereffective|p1a: Solgaleo\n|-damage|p1a: Solgaleo|0 fnt\n|faint|p1a: Solgaleo\n|\n|-heal|p2a: Brute Bonnet|238/309|[from] item: Leftovers\n|upkeep\n|\n|t:|1782763500\n|switch|p1a: Hitmonlee|Hitmonlee, L85, M|224/224\n|turn|3\n|\n|t:|1782763507\n|-end|p2a: Brute Bonnet|Protosynthesis|[silent]\n|switch|p2a: Mismagius|Mismagius, L86, M|243/243\n|move|p1a: Hitmonlee|Swords Dance|p1a: Hitmonlee\n|-boost|p1a: Hitmonlee|atk|2\n|\n|upkeep\n|turn|4\n|inactive|AugustDawn has 120 seconds left.\n|inactive|AugustDawn has 90 seconds left.\n|\n|t:|1782763580\n|move|p2a: Mismagius|Trick|p1a: Hitmonlee\n|-activate|p2a: Mismagius|move: Trick|[of] p1a: Hitmonlee\n|-item|p1a: Hitmonlee|Choice Specs|[from] move: Trick\n|-item|p2a: Mismagius|White Herb|[from] move: Trick\n|move|p1a: Hitmonlee|Knock Off|p2a: Mismagius\n|-supereffective|p2a: Mismagius\n|-damage|p2a: Mismagius|0 fnt\n|-enditem|p2a: Mismagius|White Herb|[from] move: Knock Off|[of] p1a: Hitmonlee\n|faint|p2a: Mismagius\n|\n|upkeep\n|\n|t:|1782763599\n|switch|p2a: Electivire|Electivire, L84, F|263/263\n|turn|5\n|\n|t:|1782763607\n|move|p2a: Electivire|Supercell Slam|p1a: Hitmonlee\n|-damage|p1a: Hitmonlee|0 fnt\n|faint|p1a: Hitmonlee\n|-damage|p2a: Electivire|237/263|[from] item: Life Orb\n|\n|upkeep\n|\n|t:|1782763607\n|switch|p1a: Zarude|Zarude, L77|288/288\n|turn|6\n|\n|t:|1782763615\n|move|p1a: Zarude|Power Whip|p2a: Electivire|[miss]\n|-miss|p1a: Zarude|p2a: Electivire\n|move|p2a: Electivire|Flamethrower|p1a: Zarude\n|-supereffective|p1a: Zarude\n|-damage|p1a: Zarude|114/288\n|-status|p1a: Zarude|brn\n|-damage|p2a: Electivire|211/263|[from] item: Life Orb\n|\n|-damage|p1a: Zarude|96/288 brn|[from] brn\n|upkeep\n|turn|7\n|inactive|AugustDawn has 90 seconds left.\n|\n|t:|1782763622\n|move|p1a: Zarude|Power Whip|p2a: Electivire\n|-damage|p2a: Electivire|134/263\n|move|p2a: Electivire|Flamethrower|p1a: Zarude\n|-supereffective|p1a: Zarude\n|-crit|p1a: Zarude\n|-damage|p1a: Zarude|0 fnt\n|faint|p1a: Zarude\n|-damage|p2a: Electivire|108/263|[from] item: Life Orb\n|\n|upkeep\n|\n|t:|1782763623\n|switch|p1a: Grafaiai|Grafaiai, L86, F|249/249\n|turn|8\n|inactive|AugustDawn has 90 seconds left.\n|\n|t:|1782763645\n|move|p1a: Grafaiai|Gunk Shot|p2a: Electivire\n|-damage|p2a: Electivire|0 fnt\n|faint|p2a: Electivire\n|\n|upkeep\n|inactive|AugustDawn has 60 seconds left.\n|\n|t:|1782763677\n|switch|p2a: Arceus|Arceus-Bug, L73|295/295\n|turn|9\n|\n|t:|1782763680\n|move|p1a: Grafaiai|Gunk Shot|p2a: Arceus\n|-damage|p2a: Arceus|174/295\n|move|p2a: Arceus|Fire Blast|p1a: Grafaiai\n|-damage|p1a: Grafaiai|171/249\n|\n|upkeep\n|turn|10\n|\n|t:|1782763690\n|move|p1a: Grafaiai|Gunk Shot|p2a: Arceus|[miss]\n|-miss|p1a: Grafaiai|p2a: Arceus\n|move|p2a: Arceus|Fire Blast|p1a: Grafaiai\n|-damage|p1a: Grafaiai|90/249\n|-status|p1a: Grafaiai|brn\n|\n|-damage|p1a: Grafaiai|75/249 brn|[from] brn\n|upkeep\n|turn|11\n|\n|t:|1782763697\n|move|p1a: Grafaiai|Gunk Shot|p2a: Arceus\n|-damage|p2a: Arceus|110/295\n|-status|p2a: Arceus|psn\n|move|p2a: Arceus|Recover|p2a: Arceus\n|-heal|p2a: Arceus|258/295 psn\n|\n|-damage|p2a: Arceus|222/295 psn|[from] psn\n|-damage|p1a: Grafaiai|60/249 brn|[from] brn\n|upkeep\n|turn|12\n|\n|t:|1782763702\n|move|p1a: Grafaiai|Parting Shot|p2a: Arceus\n|-unboost|p2a: Arceus|atk|1\n|-unboost|p2a: Arceus|spa|1\n|\n|t:|1782763703\n|switch|p1a: Meloetta|Meloetta, L82|298/298|[from] Parting Shot\n|move|p2a: Arceus|Fire Blast|p1a: Meloetta\n|-damage|p1a: Meloetta|259/298\n|\n|-damage|p2a: Arceus|186/295 psn|[from] psn\n|upkeep\n|turn|13\n|inactive|AugustDawn has 90 seconds left.\n|\n|t:|1782763719\n|switch|p2a: Chandelure|Chandelure, L83, F|235/235\n|move|p1a: Meloetta|Relic Song|p2a: Chandelure\n|-immune|p2a: Chandelure\n|\n|upkeep\n|turn|14\n|\n|t:|1782763734\n|move|p2a: Chandelure|Fire Blast|p1a: Meloetta|[miss]\n|-miss|p2a: Chandelure|p1a: Meloetta\n|move|p1a: Meloetta|Knock Off|p2a: Chandelure\n|-supereffective|p2a: Chandelure\n|-damage|p2a: Chandelure|95/235\n|-enditem|p2a: Chandelure|Choice Scarf|[from] move: Knock Off|[of] p1a: Meloetta\n|-damage|p1a: Meloetta|230/298|[from] item: Life Orb\n|\n|upkeep\n|turn|15\n|\n|t:|1782763745\n|move|p1a: Meloetta|Knock Off|p2a: Chandelure\n|-supereffective|p2a: Chandelure\n|-damage|p2a: Chandelure|0 fnt\n|faint|p2a: Chandelure\n|-damage|p1a: Meloetta|201/298|[from] item: Life Orb\n|\n|upkeep\n|\n|t:|1782763753\n|switch|p2a: Brute Bonnet|Brute Bonnet, L80|238/309\n|turn|16\n|\n|t:|1782763758\n|-terastallize|p1a: Meloetta|Fighting\n|move|p2a: Brute Bonnet|Sucker Punch|p1a: Meloetta\n|-resisted|p1a: Meloetta\n|-crit|p1a: Meloetta\n|-damage|p1a: Meloetta|133/298\n|move|p1a: Meloetta|Close Combat|p2a: Brute Bonnet\n|-supereffective|p2a: Brute Bonnet\n|-damage|p2a: Brute Bonnet|0 fnt\n|-unboost|p1a: Meloetta|def|1\n|-unboost|p1a: Meloetta|spd|1\n|faint|p2a: Brute Bonnet\n|-end|p2a: Brute Bonnet|Protosynthesis|[silent]\n|-damage|p1a: Meloetta|104/298|[from] item: Life Orb\n|\n|upkeep\n|\n|t:|1782763770\n|switch|p2a: Arceus|Arceus-Bug, L73|186/295 psn\n|turn|17\n|\n|t:|1782763778\n|move|p2a: Arceus|Fire Blast|p1a: Meloetta|[miss]\n|-miss|p2a: Arceus|p1a: Meloetta\n|move|p1a: Meloetta|Triple Axel|p2a: Arceus\n|-damage|p2a: Arceus|172/295 psn\n|-damage|p2a: Arceus|145/295 psn\n|-damage|p2a: Arceus|105/295 psn\n|-hitcount|p2a: Arceus|3\n|-damage|p1a: Meloetta|75/298|[from] item: Life Orb\n|\n|-damage|p2a: Arceus|69/295 psn|[from] psn\n|upkeep\n|turn|18\n|\n|t:|1782763782\n|move|p2a: Arceus|Fire Blast|p1a: Meloetta\n|-damage|p1a: Meloetta|0 fnt\n|faint|p1a: Meloetta\n|\n|-damage|p2a: Arceus|33/295 psn|[from] psn\n|upkeep\n|\n|t:|1782763782\n|switch|p1a: Grafaiai|Grafaiai, L86, F|60/249 brn\n|turn|19\n|\n|t:|1782763787\n|move|p1a: Grafaiai|Knock Off|p2a: Arceus\n|-damage|p2a: Arceus|11/295 psn\n|move|p2a: Arceus|Fire Blast|p1a: Grafaiai\n|-damage|p1a: Grafaiai|0 fnt\n|faint|p1a: Grafaiai\n|\n|-damage|p2a: Arceus|0 fnt|[from] psn\n|faint|p2a: Arceus\n|upkeep\n|\n|t:|1782763793\n|switch|p1a: Abomasnow|Abomasnow, L84, M|287/287\n|switch|p2a: Tyranitar|Tyranitar, L78, F|284/284\n|-weather|Snowscape|[from] ability: Snow Warning|[of] p1a: Abomasnow\n|-weather|Sandstorm|[from] ability: Sand Stream|[of] p2a: Tyranitar\n|turn|20\n|\n|t:|1782763815\n|move|p1a: Abomasnow|Wood Hammer|p2a: Tyranitar\n|-supereffective|p2a: Tyranitar\n|-damage|p2a: Tyranitar|56/284\n|-enditem|p2a: Tyranitar|Weakness Policy\n|-boost|p2a: Tyranitar|atk|2|[from] item: Weakness Policy\n|-boost|p2a: Tyranitar|spa|2|[from] item: Weakness Policy\n|-damage|p1a: Abomasnow|212/287|[from] Recoil\n|move|p2a: Tyranitar|Dragon Dance|p2a: Tyranitar\n|-boost|p2a: Tyranitar|atk|1\n|-boost|p2a: Tyranitar|spe|1\n|\n|-weather|Sandstorm|[upkeep]\n|-damage|p1a: Abomasnow|195/287|[from] Sandstorm\n|upkeep\n|turn|21\n|\n|t:|1782763827\n|move|p2a: Tyranitar|Stone Edge|p1a: Abomasnow\n|-supereffective|p1a: Abomasnow\n|-damage|p1a: Abomasnow|0 fnt\n|faint|p1a: Abomasnow\n|\n|win|AugustDawn\n|raw|testbotcif's rating: 1332 &rarr; <strong>1314</strong><br />(-18 for losing)\n|raw|AugustDawn's rating: 1372 &rarr; <strong>1390</strong><br />(+18 for winning)\n", "inputlog": ">version f8ac14003a5f27e1bdc8d8c59608a773c1cb96e5\n>start {\"formatid\":\"gen9randombattle\",\"seed\":\"sodium,f016214a0dabcf11920ce63ac24bbf33\",\"rated\":\"Rated battle\"}\n>player p1 {\"name\":\"testbotcif\",\"avatar\":\"266\",\"rating\":1332,\"seed\":\"sodium,cb9af52e9682e43d247afd2774487e64\"}\n>player p2 {\"name\":\"AugustDawn\",\"avatar\":\"iris-gen5bw2\",\"rating\":1372,\"seed\":\"sodium,5918fa27aca117f13e900420e921beec\"}\n>chat \u2606testbotcif|rlhf\n>p1 move sunsteelstrike\n>p2 move crunch\n>chat \u2606AugustDawn|glhf\n>p1 move sunsteelstrike\n>p2 move suckerpunch\n>p1 switch 2\n>p1 move swordsdance\n>p2 switch 4\n>p1 move knockoff\n>p2 move trick\n>p2 switch 3\n>p1 move knockoff\n>p2 move supercellslam\n>p1 switch 6\n>p1 move powerwhip\n>p2 move flamethrower\n>p1 move powerwhip\n>p2 move flamethrower\n>p1 switch 5\n>p1 move gunkshot\n>p2 move supercellslam\n>p2 switch 5\n>p1 move gunkshot\n>p2 move fireblast\n>p1 move gunkshot\n>p2 move fireblast\n>p1 move gunkshot\n>p2 move recover\n>p1 move partingshot\n>p2 move fireblast\n>p1 switch 3\n>p1 move relicsong\n>p2 switch 6\n>p1 move knockoff\n>p2 move fireblast\n>p1 move knockoff\n>p2 move fireblast\n>p2 switch 4\n>p1 move closecombat terastallize\n>p2 move suckerpunch\n>p2 switch 6\n>p1 move tripleaxel\n>p2 move fireblast\n>p1 move closecombat\n>p2 move fireblast\n>p1 switch 3\n>p1 move knockoff\n>p2 move fireblast\n>p1 switch 4\n>p2 switch 2\n>p1 move woodhammer\n>p2 move dragondance\n>p1 move woodhammer\n>p2 move stoneedge", "uploadtime": 1782763827, "views": 10, "formatid": "gen9randombattle", "rating": 1314, "private": 0, "password": null, "player_dets": [{"name": "testbotcif", "avatar": "266", "rating": 1332, "seed": "sodium,cb9af52e9682e43d247afd2774487e64"}, {"name": "AugustDawn", "avatar": "iris-gen5bw2", "rating": 1372, "seed": "sodium,5918fa27aca117f13e900420e921beec"}], "teams_full": [{"Solgaleo": {"name": "Solgaleo", "species": "Solgaleo", "speciesId": "solgaleo", "gender": "N", "shiny": false, "level": 74, "moves": ["earthquake", "knockoff", "flamecharge", "sunsteelstrike"], "ability": "Full Metal Body", "evs": {"hp": 85, "atk": 85, "def": 85, "spa": 85, "spd": 85, "spe": 85}, "ivs": {"hp": 31, "atk": 31, "def": 31, "spa": 31, "spd": 31, "spe": 31}, "item": "Weakness Policy", "teraType": "Ground", "role": "Bulky Setup", "bvs": {"hp": 137, "atk": 137, "def": 107, "spa": 113, "spd": 89, "spe": 97}, "stats": {"hp": 325, "atk": 246, "def": 201, "spa": 210, "spd": 175, "spe": 187}, "types": ["Psychic", "Steel"]}, "Hitmonlee": {"name": "Hitmonlee", "species": "Hitmonlee", "speciesId": "hitmonlee", "gender": "M", "shiny": false, "level": 85, "moves": ["swordsdance", "stoneedge", "knockoff", "closecombat"], "ability": "Unburden", "evs": {"hp": 85, "atk": 85, "def": 85, "spa": 85, "spd": 85, "spe": 85}, "ivs": {"hp": 31, "atk": 31, "def": 31, "spa": 31, "spd": 31, "spe": 31}, "item": "White Herb", "teraType": "Fighting", "role": "Setup Sweeper", "bvs": {"hp": 50, "atk": 120, "def": 53, "spa": 35, "spd": 110, "spe": 87}, "stats": {"hp": 224, "atk": 253, "def": 139, "spa": 108, "spd": 236, "spe": 197}, "types": ["Fighting"]}, "Meloetta": {"name": "Meloetta", "species": "Meloetta", "speciesId": "meloetta", "gender": "N", "shiny": false, "level": 82, "moves": ["knockoff", "tripleaxel", "closecombat", "relicsong"], "ability": "Serene Grace", "evs": {"hp": 85, "atk": 85, "def": 85, "spa": 85, "spd": 85, "spe": 85}, "ivs": {"hp": 31, "atk": 31, "def": 31, "spa": 31, "spd": 31, "spe": 31}, "item": "Life Orb", "teraType": "Fighting", "role": "Wallbreaker", "bvs": {"hp": 100, "atk": 77, "def": 77, "spa": 128, "spd": 128, "spe": 90}, "stats": {"hp": 298, "atk": 173, "def": 173, "spa": 257, "spd": 257, "spe": 195}, "types": ["Normal", "Psychic"]}, "Abomasnow": {"name": "Abomasnow", "species": "Abomasnow", "speciesId": "abomasnow", "gender": "M", "shiny": false, "level": 84, "moves": ["iceshard", "woodhammer", "blizzard", "auroraveil"], "ability": "Snow Warning", "evs": {"hp": 77, "atk": 85, "def": 85, "spa": 85, "spd": 85, "spe": 85}, "ivs": {"hp": 31, "atk": 31, "def": 31, "spa": 31, "spd": 31, "spe": 31}, "item": "Light Clay", "teraType": "Ghost", "role": "Bulky Support", "bvs": {"hp": 90, "atk": 92, "def": 75, "spa": 92, "spd": 85, "spe": 60}, "stats": {"hp": 287, "atk": 203, "def": 174, "spa": 203, "spd": 191, "spe": 149}, "types": ["Grass", "Ice"]}, "Grafaiai": {"name": "Grafaiai", "species": "Grafaiai", "speciesId": "grafaiai", "gender": "F", "shiny": false, "level": 86, "moves": ["partingshot", "gunkshot", "knockoff", "encore"], "ability": "Prankster", "evs": {"hp": 85, "atk": 85, "def": 85, "spa": 85, "spd": 85, "spe": 85}, "ivs": {"hp": 31, "atk": 31, "def": 31, "spa": 31, "spd": 31, "spe": 31}, "item": "Heavy-Duty Boots", "teraType": "Dark", "role": "Fast Support", "bvs": {"hp": 63, "atk": 95, "def": 65, "spa": 80, "spd": 72, "spe": 110}, "stats": {"hp": 249, "atk": 213, "def": 161, "spa": 187, "spd": 173, "spe": 238}, "types": ["Poison", "Normal"]}, "Zarude": {"name": "Zarude", "species": "Zarude", "speciesId": "zarude", "gender": "N", "shiny": false, "level": 77, "moves": ["powerwhip", "knockoff", "uturn", "closecombat"], "ability": "Leaf Guard", "evs": {"hp": 85, "atk": 85, "def": 85, "spa": 85, "spd": 85, "spe": 85}, "ivs": {"hp": 31, "atk": 31, "def": 31, "spa": 31, "spd": 31, "spe": 31}, "item": "Choice Scarf", "teraType": "Fighting", "role": "Fast Attacker", "bvs": {"hp": 105, "atk": 120, "def": 105, "spa": 70, "spd": 95, "spe": 105}, "stats": {"hp": 288, "atk": 229, "def": 206, "spa": 152, "spd": 191, "spe": 206}, "types": ["Dark", "Grass"]}}, {"Brute Bonnet": {"name": "Brute Bonnet", "species": "Brute Bonnet", "speciesId": "brutebonnet", "gender": "N", "shiny": false, "level": 80, "moves": ["suckerpunch", "crunch", "spore", "seedbomb"], "ability": "Protosynthesis", "evs": {"hp": 85, "atk": 85, "def": 85, "spa": 85, "spd": 85, "spe": 85}, "ivs": {"hp": 31, "atk": 31, "def": 31, "spa": 31, "spd": 31, "spe": 31}, "item": "Leftovers", "teraType": "Poison", "role": "Bulky Support", "bvs": {"hp": 111, "atk": 127, "def": 99, "spa": 79, "spd": 99, "spe": 55}, "stats": {"hp": 309, "atk": 249, "def": 205, "spa": 173, "spd": 205, "spe": 134}, "types": ["Grass", "Dark"]}, "Tyranitar": {"name": "Tyranitar", "species": "Tyranitar", "speciesId": "tyranitar", "gender": "F", "shiny": false, "level": 78, "moves": ["stoneedge", "earthquake", "dragondance", "knockoff"], "ability": "Sand Stream", "evs": {"hp": 85, "atk": 85, "def": 85, "spa": 85, "spd": 85, "spe": 85}, "ivs": {"hp": 31, "atk": 31, "def": 31, "spa": 31, "spd": 31, "spe": 31}, "item": "Weakness Policy", "teraType": "Ghost", "role": "Bulky Setup", "bvs": {"hp": 100, "atk": 134, "def": 110, "spa": 95, "spd": 100, "spe": 61}, "stats": {"hp": 284, "atk": 254, "def": 217, "spa": 193, "spd": 201, "spe": 140}, "types": ["Rock", "Dark"]}, "Electivire": {"name": "Electivire", "species": "Electivire", "speciesId": "electivire", "gender": "F", "shiny": false, "level": 84, "moves": ["flamethrower", "supercellslam", "knockoff", "icepunch"], "ability": "Motor Drive", "evs": {"hp": 85, "atk": 85, "def": 85, "spa": 85, "spd": 85, "spe": 85}, "ivs": {"hp": 31, "atk": 31, "def": 31, "spa": 31, "spd": 31, "spe": 31}, "item": "Life Orb", "teraType": "Dark", "role": "Fast Attacker", "bvs": {"hp": 75, "atk": 123, "def": 67, "spa": 95, "spd": 85, "spe": 95}, "stats": {"hp": 263, "atk": 255, "def": 161, "spa": 208, "spd": 191, "spe": 208}, "types": ["Electric"]}, "Mismagius": {"name": "Mismagius", "species": "Mismagius", "speciesId": "mismagius", "gender": "M", "shiny": false, "level": 86, "moves": ["trick", "mysticalfire", "shadowball", "dazzlinggleam"], "ability": "Levitate", "evs": {"hp": 85, "atk": 0, "def": 85, "spa": 85, "spd": 85, "spe": 85}, "ivs": {"hp": 31, "atk": 0, "def": 31, "spa": 31, "spd": 31, "spe": 31}, "item": "Choice Specs", "teraType": "Fairy", "role": "Wallbreaker", "bvs": {"hp": 60, "atk": 60, "def": 60, "spa": 105, "spd": 105, "spe": 105}, "stats": {"hp": 243, "atk": 108, "def": 152, "spa": 230, "spd": 230, "spe": 230}, "types": ["Ghost"]}, "Arceus": {"name": "Arceus", "species": "Arceus-Bug", "speciesId": "arceusbug", "gender": "N", "shiny": false, "level": 73, "moves": ["judgment", "calmmind", "fireblast", "recover"], "ability": "Multitype", "evs": {"hp": 81, "atk": 0, "def": 85, "spa": 85, "spd": 85, "spe": 85}, "ivs": {"hp": 31, "atk": 0, "def": 31, "spa": 31, "spd": 31, "spe": 31}, "item": "Insect Plate", "teraType": "Fire", "role": "Bulky Setup", "bvs": {"hp": 120, "atk": 120, "def": 120, "spa": 120, "spd": 120, "spe": 120}, "stats": {"hp": 295, "atk": 180, "def": 218, "spa": 218, "spd": 218, "spe": 218}, "types": ["Bug"]}, "Chandelure": {"name": "Chandelure", "species": "Chandelure", "speciesId": "chandelure", "gender": "F", "shiny": false, "level": 83, "moves": ["shadowball", "energyball", "trick", "fireblast"], "ability": "Flash Fire", "evs": {"hp": 85, "atk": 0, "def": 85, "spa": 85, "spd": 85, "spe": 85}, "ivs": {"hp": 31, "atk": 0, "def": 31, "spa": 31, "spd": 31, "spe": 31}, "item": "Choice Scarf", "teraType": "Grass", "role": "Fast Attacker", "bvs": {"hp": 60, "atk": 55, "def": 90, "spa": 145, "spd": 90, "spe": 80}, "stats": {"hp": 235, "atk": 96, "def": 197, "spa": 288, "spd": 197, "spe": 180}, "types": ["Ghost", "Fire"]}}]}