{"id": "gen9randombattle-2641626554", "format": "[Gen 9] Random Battle", "players": ["OnerousNote", "ItchinnBurnin"], "log": "|j|\u2606OnerousNote\n|j|\u2606ItchinnBurnin\n|t:|1782821170\n|gametype|singles\n|player|p1|OnerousNote|265|1904\n|player|p2|ItchinnBurnin|266|1919\n|gen|9\n|tier|[Gen 9] Random Battle\n|rated|\n|rule|Species Clause: Limit one of each Pok\u00e9mon\n|rule|HP Percentage Mod: HP is shown in percentages\n|rule|Sleep Clause Mod: Limit one foe put to sleep\n|rule|Illusion Level Mod: Illusion disguises the Pok\u00e9mon's true level\n|\n|t:|1782821170\n|teamsize|p1|6\n|teamsize|p2|6\n|start\n|switch|p1a: Krookodile|Krookodile, L79, M|280/280\n|switch|p2a: Heatran|Heatran, L79, F|273/273\n|-ability|p1a: Krookodile|Intimidate|boost\n|-unboost|p2a: Heatran|atk|1\n|-item|p2a: Heatran|Air Balloon\n|turn|1\n|\n|t:|1782821183\n|move|p1a: Krookodile|Knock Off|p2a: Heatran\n|-damage|p2a: Heatran|179/273\n|-enditem|p2a: Heatran|Air Balloon\n|move|p2a: Heatran|Stealth Rock|p1a: Krookodile\n|-sidestart|p1: OnerousNote|move: Stealth Rock\n|\n|upkeep\n|turn|2\n|\n|t:|1782821192\n|switch|p2a: Appletun|Appletun, L92, M|352/352\n|move|p1a: Krookodile|Bulk Up|p1a: Krookodile\n|-boost|p1a: Krookodile|atk|1\n|-boost|p1a: Krookodile|def|1\n|\n|upkeep\n|turn|3\n|\n|t:|1782821213\n|-terastallize|p2a: Appletun|Steel\n|move|p1a: Krookodile|Gunk Shot|p2a: Appletun\n|-immune|p2a: Appletun\n|move|p2a: Appletun|Dragon Tail|p1a: Krookodile\n|-damage|p1a: Krookodile|226/280\n|drag|p1a: Eelektross|Eelektross, L87, M|290/290\n|-damage|p1a: Eelektross|254/290|[from] Stealth Rock\n|\n|-heal|p1a: Eelektross|272/290|[from] item: Leftovers\n|upkeep\n|turn|4\n|\n|t:|1782821230\n|move|p1a: Eelektross|Knock Off|p2a: Appletun\n|-damage|p2a: Appletun|276/352\n|-enditem|p2a: Appletun|Leftovers|[from] move: Knock Off|[of] p1a: Eelektross\n|move|p2a: Appletun|Apple Acid|p1a: Eelektross\n|-damage|p1a: Eelektross|173/290\n|-unboost|p1a: Eelektross|spd|1\n|\n|-heal|p1a: Eelektross|191/290|[from] item: Leftovers\n|upkeep\n|turn|5\n|\n|t:|1782821241\n|switch|p2a: Jolteon|Jolteon, L84, M|246/246\n|move|p1a: Eelektross|Drain Punch|p2a: Jolteon\n|-damage|p2a: Jolteon|157/246\n|-heal|p1a: Eelektross|236/290|[from] drain|[of] p2a: Jolteon\n|\n|-heal|p2a: Jolteon|172/246|[from] item: Leftovers\n|-heal|p1a: Eelektross|254/290|[from] item: Leftovers\n|upkeep\n|turn|6\n|\n|t:|1782821255\n|move|p2a: Jolteon|Calm Mind|p2a: Jolteon\n|-boost|p2a: Jolteon|spa|1\n|-boost|p2a: Jolteon|spd|1\n|move|p1a: Eelektross|Knock Off|p2a: Jolteon\n|-damage|p2a: Jolteon|55/246\n|-enditem|p2a: Jolteon|Leftovers|[from] move: Knock Off|[of] p1a: Eelektross\n|\n|-heal|p1a: Eelektross|272/290|[from] item: Leftovers\n|upkeep\n|turn|7\n|\n|t:|1782821266\n|move|p2a: Jolteon|Tera Blast|p1a: Eelektross\n|-damage|p1a: Eelektross|137/290\n|move|p1a: Eelektross|Drain Punch|p2a: Jolteon\n|-damage|p2a: Jolteon|0 fnt\n|-heal|p1a: Eelektross|165/290|[from] drain|[of] p2a: Jolteon\n|faint|p2a: Jolteon\n|\n|-heal|p1a: Eelektross|183/290|[from] item: Leftovers\n|upkeep\n|inactive|Battle timer is ON: inactive players will automatically lose when time's up. (requested by OnerousNote)\n|\n|t:|1782821287\n|switch|p2a: Pecharunt|Pecharunt, L77|262/262\n|turn|8\n|\n|t:|1782821293\n|move|p2a: Pecharunt|Malignant Chain|p1a: Eelektross\n|-damage|p1a: Eelektross|59/290\n|move|p1a: Eelektross|Knock Off|p2a: Pecharunt\n|-supereffective|p2a: Pecharunt\n|-damage|p2a: Pecharunt|138/262\n|-enditem|p2a: Pecharunt|Leftovers|[from] move: Knock Off|[of] p1a: Eelektross\n|\n|-heal|p1a: Eelektross|77/290|[from] item: Leftovers\n|upkeep\n|turn|9\n|\n|t:|1782821307\n|move|p2a: Pecharunt|Recover|p2a: Pecharunt\n|-heal|p2a: Pecharunt|262/262\n|move|p1a: Eelektross|Knock Off|p2a: Pecharunt\n|-supereffective|p2a: Pecharunt\n|-damage|p2a: Pecharunt|192/262\n|\n|-heal|p1a: Eelektross|95/290|[from] item: Leftovers\n|upkeep\n|turn|10\n|\n|t:|1782821316\n|move|p2a: Pecharunt|Malignant Chain|p1a: Eelektross\n|-damage|p1a: Eelektross|0 fnt\n|faint|p1a: Eelektross\n|\n|upkeep\n|\n|t:|1782821323\n|switch|p1a: Krookodile|Krookodile, L79, M|226/280\n|-damage|p1a: Krookodile|209/280|[from] Stealth Rock\n|-ability|p1a: Krookodile|Intimidate|boost\n|-unboost|p2a: Pecharunt|atk|1\n|turn|11\n|\n|t:|1782821338\n|move|p1a: Krookodile|Earthquake|p2a: Pecharunt\n|-supereffective|p2a: Pecharunt\n|-damage|p2a: Pecharunt|34/262\n|move|p2a: Pecharunt|Malignant Chain|p1a: Krookodile\n|-resisted|p1a: Krookodile\n|-damage|p1a: Krookodile|154/280\n|\n|-heal|p1a: Krookodile|171/280|[from] item: Leftovers\n|upkeep\n|turn|12\n|\n|t:|1782821350\n|move|p1a: Krookodile|Earthquake|p2a: Pecharunt\n|-supereffective|p2a: Pecharunt\n|-damage|p2a: Pecharunt|0 fnt\n|faint|p2a: Pecharunt\n|\n|-heal|p1a: Krookodile|188/280|[from] item: Leftovers\n|upkeep\n|inactive|ItchinnBurnin has 120 seconds left.\n|\n|t:|1782821378\n|switch|p2a: Girafarig|Girafarig, L89, F|269/269\n|turn|13\n|\n|t:|1782821382\n|move|p2a: Girafarig|Hyper Voice|p1a: Krookodile\n|-damage|p1a: Krookodile|56/280\n|move|p1a: Krookodile|Knock Off|p2a: Girafarig\n|-supereffective|p2a: Girafarig\n|-damage|p2a: Girafarig|99/269\n|-enditem|p2a: Girafarig|Eviolite|[from] move: Knock Off|[of] p1a: Krookodile\n|\n|-heal|p1a: Krookodile|73/280|[from] item: Leftovers\n|upkeep\n|turn|14\n|\n|t:|1782821396\n|switch|p1a: Honchkrow|Honchkrow, L86, M|312/312\n|move|p2a: Girafarig|Hyper Voice|p1a: Honchkrow\n|-damage|p1a: Honchkrow|165/312\n|\n|upkeep\n|turn|15\n|\n|t:|1782821413\n|switch|p2a: Appletun|Appletun, L92, M, tera:Steel|276/352\n|move|p1a: Honchkrow|U-turn|p2a: Appletun\n|-resisted|p2a: Appletun\n|-crit|p2a: Appletun\n|-damage|p2a: Appletun|232/352\n|\n|t:|1782821420\n|switch|p1a: Krookodile|Krookodile, L79, M|73/280|[from] U-turn\n|-damage|p1a: Krookodile|56/280|[from] Stealth Rock\n|-ability|p1a: Krookodile|Intimidate|boost\n|-unboost|p2a: Appletun|atk|1\n|\n|-heal|p1a: Krookodile|73/280|[from] item: Leftovers\n|upkeep\n|turn|16\n|\n|t:|1782821429\n|move|p1a: Krookodile|Earthquake|p2a: Appletun\n|-supereffective|p2a: Appletun\n|-damage|p2a: Appletun|22/352\n|move|p2a: Appletun|Apple Acid|p1a: Krookodile\n|-supereffective|p1a: Krookodile\n|-damage|p1a: Krookodile|0 fnt\n|faint|p1a: Krookodile\n|\n|upkeep\n|\n|t:|1782821438\n|switch|p1a: Honchkrow|Honchkrow, L86, M|165/312\n|turn|17\n|\n|t:|1782821452\n|switch|p2a: Heatran|Heatran, L79, F|179/273\n|move|p1a: Honchkrow|Heat Wave|p2a: Heatran\n|-start|p2a: Heatran|ability: Flash Fire\n|\n|upkeep\n|turn|18\n|\n|t:|1782821460\n|move|p1a: Honchkrow|Sucker Punch|p2a: Heatran\n|-damage|p2a: Heatran|98/273\n|move|p2a: Heatran|Lava Plume|p1a: Honchkrow\n|-damage|p1a: Honchkrow|0 fnt\n|faint|p1a: Honchkrow\n|\n|upkeep\n|\n|t:|1782821474\n|switch|p1a: Calyrex|Calyrex-Shadow, L64|235/235\n|-ability|p1a: Calyrex|As One\n|-ability|p1a: Calyrex|Unnerve\n|-damage|p1a: Calyrex|206/235|[from] Stealth Rock\n|turn|19\n|\n|t:|1782821484\n|move|p1a: Calyrex|Astral Barrage|p2a: Heatran\n|-damage|p2a: Heatran|0 fnt\n|faint|p2a: Heatran\n|-ability|p1a: Calyrex|Grim Neigh|boost\n|-boost|p1a: Calyrex|spa|1\n|-damage|p1a: Calyrex|183/235|[from] item: Life Orb\n|\n|upkeep\n|\n|t:|1782821502\n|switch|p2a: Roaring Moon|Roaring Moon, L72|270/270\n|turn|20\n|\n|t:|1782821509\n|move|p1a: Calyrex|Pollen Puff|p2a: Roaring Moon\n|-supereffective|p2a: Roaring Moon\n|-damage|p2a: Roaring Moon|44/270\n|-damage|p1a: Calyrex|160/235|[from] item: Life Orb\n|move|p2a: Roaring Moon|Knock Off|p1a: Calyrex\n|-supereffective|p1a: Calyrex\n|-damage|p1a: Calyrex|0 fnt\n|-enditem|p1a: Calyrex|Life Orb|[from] move: Knock Off|[of] p2a: Roaring Moon\n|faint|p1a: Calyrex\n|\n|upkeep\n|\n|t:|1782821525\n|switch|p1a: Primarina|Primarina, L83, M|268/268\n|-damage|p1a: Primarina|235/268|[from] Stealth Rock\n|turn|21\n|\n|t:|1782821537\n|move|p2a: Roaring Moon|Iron Head|p1a: Primarina\n|-damage|p1a: Primarina|172/268\n|cant|p1a: Primarina|flinch\n|\n|-heal|p1a: Primarina|188/268|[from] item: Leftovers\n|upkeep\n|turn|22\n|\n|t:|1782821547\n|move|p2a: Roaring Moon|Knock Off|p1a: Primarina\n|-resisted|p1a: Primarina\n|-damage|p1a: Primarina|132/268\n|-enditem|p1a: Primarina|Leftovers|[from] move: Knock Off|[of] p2a: Roaring Moon\n|move|p1a: Primarina|Draining Kiss|p2a: Roaring Moon\n|-supereffective|p2a: Roaring Moon\n|-damage|p2a: Roaring Moon|0 fnt\n|-heal|p1a: Primarina|165/268|[from] drain|[of] p2a: Roaring Moon\n|faint|p2a: Roaring Moon\n|-end|p2a: Roaring Moon|Protosynthesis|[silent]\n|\n|upkeep\n|\n|t:|1782821557\n|switch|p2a: Girafarig|Girafarig, L89, F|99/269\n|turn|23\n|\n|t:|1782821562\n|move|p2a: Girafarig|Thunderbolt|p1a: Primarina\n|-supereffective|p1a: Primarina\n|-damage|p1a: Primarina|61/268\n|move|p1a: Primarina|Calm Mind|p1a: Primarina\n|-boost|p1a: Primarina|spa|1\n|-boost|p1a: Primarina|spd|1\n|\n|upkeep\n|turn|24\n|\n|t:|1782821571\n|move|p2a: Girafarig|Thunderbolt|p1a: Primarina\n|-supereffective|p1a: Primarina\n|-damage|p1a: Primarina|0 fnt\n|faint|p1a: Primarina\n|\n|upkeep\n|\n|t:|1782821578\n|switch|p1a: Coalossal|Coalossal, L89, M|341/341\n|turn|25\n|\n|t:|1782821599\n|move|p2a: Girafarig|Thunderbolt|p1a: Coalossal\n|-damage|p1a: Coalossal|282/341\n|-status|p1a: Coalossal|par\n|move|p1a: Coalossal|Rapid Spin|p2a: Girafarig\n|-damage|p2a: Girafarig|58/269\n|-boost|p1a: Coalossal|spe|1\n|-sideend|p1: OnerousNote|Stealth Rock|[from] move: Rapid Spin|[of] p1a: Coalossal\n|\n|upkeep\n|turn|26\n|\n|t:|1782821610\n|move|p2a: Girafarig|Psyshock|p1a: Coalossal\n|-damage|p1a: Coalossal|218/341 par\n|move|p1a: Coalossal|Flamethrower|p2a: Girafarig\n|-damage|p2a: Girafarig|0 fnt\n|faint|p2a: Girafarig\n|\n|upkeep\n|\n|t:|1782821615\n|switch|p2a: Appletun|Appletun, L92, M, tera:Steel|22/352\n|turn|27\n|\n|t:|1782821623\n|move|p2a: Appletun|Recover|p2a: Appletun\n|-heal|p2a: Appletun|198/352\n|cant|p1a: Coalossal|par\n|\n|upkeep\n|turn|28\n|\n|t:|1782821633\n|-terastallize|p1a: Coalossal|Grass\n|move|p2a: Appletun|Recover|p2a: Appletun\n|-heal|p2a: Appletun|352/352\n|move|p1a: Coalossal|Flamethrower|p2a: Appletun\n|-supereffective|p2a: Appletun\n|-damage|p2a: Appletun|260/352\n|\n|upkeep\n|turn|29\n|\n|t:|1782821645\n|move|p2a: Appletun|Apple Acid|p1a: Coalossal\n|-resisted|p1a: Coalossal\n|-damage|p1a: Coalossal|170/341 par\n|-unboost|p1a: Coalossal|spd|1\n|cant|p1a: Coalossal|par\n|\n|upkeep\n|turn|30\n|\n|t:|1782821653\n|move|p2a: Appletun|Apple Acid|p1a: Coalossal\n|-resisted|p1a: Coalossal\n|-damage|p1a: Coalossal|101/341 par\n|-unboost|p1a: Coalossal|spd|1\n|cant|p1a: Coalossal|par\n|\n|upkeep\n|turn|31\n|\n|t:|1782821660\n|move|p2a: Appletun|Apple Acid|p1a: Coalossal\n|-resisted|p1a: Coalossal\n|-damage|p1a: Coalossal|0 fnt\n|faint|p1a: Coalossal\n|\n|win|ItchinnBurnin\n", "inputlog": ">version f8ac14003a5f27e1bdc8d8c59608a773c1cb96e5\n>start {\"formatid\":\"gen9randombattle\",\"seed\":\"sodium,68be804be4b02c7ffab40bbe99dc067d\",\"rated\":\"Rated battle\"}\n>player p1 {\"name\":\"OnerousNote\",\"avatar\":\"265\",\"rating\":1904,\"seed\":\"sodium,d448283b5e3917bcad3d7a4b03fda14d\"}\n>player p2 {\"name\":\"ItchinnBurnin\",\"avatar\":\"266\",\"rating\":1919,\"seed\":\"sodium,57ac6cce36fb9b69e016e6b5cd4bb1bc\"}\n>p1 move knockoff\n>p2 move stealthrock\n>p1 move bulkup\n>p2 switch 3\n>p1 move gunkshot\n>p2 move dragontail terastallize\n>p1 move knockoff\n>p2 move appleacid\n>p1 move drainpunch\n>p2 switch 2\n>p1 move knockoff\n>p2 move calmmind\n>p1 move drainpunch\n>p2 move terablast\n>p2 switch 4\n>p1 move knockoff\n>p2 move malignantchain\n>p1 move knockoff\n>p2 move recover\n>p1 move supercellslam\n>p2 move malignantchain\n>p1 switch 5\n>p1 move earthquake\n>p2 move malignantchain\n>p1 move earthquake\n>p2 move malignantchain\n>p2 switch 6\n>p1 move knockoff\n>p2 move hypervoice\n>p1 switch 6\n>p2 move hypervoice\n>p1 move uturn\n>p2 switch 2\n>p1 switch 6\n>p1 move earthquake\n>p2 move appleacid\n>p1 switch 6\n>p1 move heatwave\n>p2 switch 3\n>p1 move suckerpunch\n>p2 move lavaplume\n>p1 switch 4\n>p1 move astralbarrage\n>p2 move lavaplume\n>p2 switch 5\n>p1 move pollenpuff\n>p2 move knockoff\n>p1 switch 3\n>p1 move drainingkiss\n>p2 move ironhead\n>p1 move drainingkiss\n>p2 move knockoff\n>p2 switch 2\n>p1 move calmmind\n>p2 move thunderbolt\n>p1 move drainingkiss\n>p2 move thunderbolt\n>p1 switch 2\n>p1 move rapidspin\n>p2 move thunderbolt\n>p1 move flamethrower\n>p2 move psyshock\n>p2 switch 3\n>p1 move flamethrower\n>p2 move recover\n>p1 move flamethrower terastallize\n>p2 move recover\n>p1 move flamethrower\n>p2 move appleacid\n>p1 move flamethrower\n>p2 move appleacid\n>p1 move flamethrower\n>p2 move appleacid", "uploadtime": 1782821173, "views": 3, "formatid": "gen9randombattle", "rating": null, "private": 0, "password": null, "player_dets": [{"name": "OnerousNote", "avatar": "265", "rating": 1904, "seed": "sodium,d448283b5e3917bcad3d7a4b03fda14d"}, {"name": "ItchinnBurnin", "avatar": "266", "rating": 1919, "seed": "sodium,57ac6cce36fb9b69e016e6b5cd4bb1bc"}], "teams_full": [{"Krookodile": {"name": "Krookodile", "species": "Krookodile", "speciesId": "krookodile", "gender": "M", "shiny": false, "level": 79, "moves": ["knockoff", "gunkshot", "bulkup", "earthquake"], "ability": "Intimidate", "evs": {"hp": 85, "atk": 85, "def": 85, "spa": 85, "spd": 85, "spe": 85}, "ivs": {"hp": 31, "atk": 31, "def": 31, "spa": 31, "spd": 31, "spe": 31}, "item": "Leftovers", "teraType": "Poison", "role": "Bulky Setup", "bvs": {"hp": 95, "atk": 117, "def": 80, "spa": 65, "spd": 70, "spe": 92}, "stats": {"hp": 280, "atk": 230, "def": 172, "spa": 148, "spd": 156, "spe": 191}, "types": ["Ground", "Dark"]}, "Coalossal": {"name": "Coalossal", "species": "Coalossal", "speciesId": "coalossal", "gender": "M", "shiny": false, "level": 89, "moves": ["rapidspin", "stoneedge", "flamethrower", "spikes"], "ability": "Flame Body", "evs": {"hp": 85, "atk": 85, "def": 85, "spa": 85, "spd": 85, "spe": 85}, "ivs": {"hp": 31, "atk": 31, "def": 31, "spa": 31, "spd": 31, "spe": 31}, "item": "Heavy-Duty Boots", "teraType": "Grass", "role": "Bulky Support", "bvs": {"hp": 110, "atk": 80, "def": 120, "spa": 80, "spd": 90, "spe": 30}, "stats": {"hp": 341, "atk": 193, "def": 264, "spa": 193, "spd": 211, "spe": 104}, "types": ["Rock", "Fire"]}, "Primarina": {"name": "Primarina", "species": "Primarina", "speciesId": "primarina", "gender": "M", "shiny": false, "level": 83, "moves": ["sparklingaria", "calmmind", "psychic", "drainingkiss"], "ability": "Torrent", "evs": {"hp": 85, "atk": 0, "def": 85, "spa": 85, "spd": 85, "spe": 85}, "ivs": {"hp": 31, "atk": 0, "def": 31, "spa": 31, "spd": 31, "spe": 31}, "item": "Leftovers", "teraType": "Fairy", "role": "Bulky Attacker", "bvs": {"hp": 80, "atk": 74, "def": 74, "spa": 126, "spd": 116, "spe": 60}, "stats": {"hp": 268, "atk": 127, "def": 171, "spa": 257, "spd": 240, "spe": 147}, "types": ["Water", "Fairy"]}, "Calyrex": {"name": "Calyrex", "species": "Calyrex-Shadow", "speciesId": "calyrexshadow", "gender": "N", "shiny": false, "level": 64, "moves": ["pollenpuff", "astralbarrage", "psyshock", "nastyplot"], "ability": "As One (Spectrier)", "evs": {"hp": 85, "atk": 0, "def": 85, "spa": 85, "spd": 85, "spe": 85}, "ivs": {"hp": 31, "atk": 0, "def": 31, "spa": 31, "spd": 31, "spe": 31}, "item": "Life Orb", "teraType": "Ghost", "role": "Fast Attacker", "bvs": {"hp": 100, "atk": 85, "def": 80, "spa": 165, "spd": 100, "spe": 150}, "stats": {"hp": 235, "atk": 113, "def": 140, "spa": 249, "spd": 166, "spe": 230}, "types": ["Psychic", "Ghost"]}, "Eelektross": {"name": "Eelektross", "species": "Eelektross", "speciesId": "eelektross", "gender": "M", "shiny": false, "level": 87, "moves": ["supercellslam", "coil", "drainpunch", "knockoff"], "ability": "Levitate", "evs": {"hp": 85, "atk": 85, "def": 85, "spa": 85, "spd": 85, "spe": 85}, "ivs": {"hp": 31, "atk": 31, "def": 31, "spa": 31, "spd": 31, "spe": 31}, "item": "Leftovers", "teraType": "Fighting", "role": "Bulky Setup", "bvs": {"hp": 85, "atk": 115, "def": 80, "spa": 105, "spd": 80, "spe": 50}, "stats": {"hp": 290, "atk": 250, "def": 189, "spa": 232, "spd": 189, "spe": 137}, "types": ["Electric"]}, "Honchkrow": {"name": "Honchkrow", "species": "Honchkrow", "speciesId": "honchkrow", "gender": "M", "shiny": false, "level": 86, "moves": ["uturn", "suckerpunch", "bravebird", "heatwave"], "ability": "Moxie", "evs": {"hp": 85, "atk": 85, "def": 85, "spa": 85, "spd": 85, "spe": 85}, "ivs": {"hp": 31, "atk": 31, "def": 31, "spa": 31, "spd": 31, "spe": 31}, "item": "Heavy-Duty Boots", "teraType": "Flying", "role": "Fast Attacker", "bvs": {"hp": 100, "atk": 125, "def": 52, "spa": 105, "spd": 52, "spe": 71}, "stats": {"hp": 312, "atk": 264, "def": 139, "spa": 230, "spd": 139, "spe": 171}, "types": ["Dark", "Flying"]}}, {"Heatran": {"name": "Heatran", "species": "Heatran", "speciesId": "heatran", "gender": "F", "shiny": false, "level": 79, "moves": ["lavaplume", "earthpower", "stealthrock", "heavyslam"], "ability": "Flash Fire", "evs": {"hp": 85, "atk": 85, "def": 85, "spa": 85, "spd": 85, "spe": 85}, "ivs": {"hp": 31, "atk": 31, "def": 31, "spa": 31, "spd": 31, "spe": 31}, "item": "Air Balloon", "teraType": "Grass", "role": "Bulky Support", "bvs": {"hp": 91, "atk": 90, "def": 106, "spa": 130, "spd": 106, "spe": 77}, "stats": {"hp": 273, "atk": 188, "def": 213, "spa": 251, "spd": 213, "spe": 167}, "types": ["Fire", "Steel"]}, "Jolteon": {"name": "Jolteon", "species": "Jolteon", "speciesId": "jolteon", "gender": "M", "shiny": false, "level": 84, "moves": ["thunderbolt", "terablast", "substitute", "calmmind"], "ability": "Volt Absorb", "evs": {"hp": 85, "atk": 0, "def": 85, "spa": 85, "spd": 85, "spe": 85}, "ivs": {"hp": 31, "atk": 0, "def": 31, "spa": 31, "spd": 31, "spe": 31}, "item": "Leftovers", "teraType": "Ice", "role": "Tera Blast user", "bvs": {"hp": 65, "atk": 65, "def": 60, "spa": 110, "spd": 95, "spe": 130}, "stats": {"hp": 246, "atk": 114, "def": 149, "spa": 233, "spd": 208, "spe": 267}, "types": ["Electric"]}, "Appletun": {"name": "Appletun", "species": "Appletun", "speciesId": "appletun", "gender": "M", "shiny": false, "level": 92, "moves": ["dragontail", "recover", "dracometeor", "appleacid"], "ability": "Thick Fat", "evs": {"hp": 85, "atk": 85, "def": 85, "spa": 85, "spd": 85, "spe": 85}, "ivs": {"hp": 31, "atk": 31, "def": 31, "spa": 31, "spd": 31, "spe": 31}, "item": "Leftovers", "teraType": "Steel", "role": "Bulky Attacker", "bvs": {"hp": 110, "atk": 85, "def": 80, "spa": 100, "spd": 80, "spe": 30}, "stats": {"hp": 352, "atk": 209, "def": 200, "spa": 236, "spd": 200, "spe": 108}, "types": ["Grass", "Dragon"]}, "Pecharunt": {"name": "Pecharunt", "species": "Pecharunt", "speciesId": "pecharunt", "gender": "N", "shiny": false, "level": 77, "moves": ["nastyplot", "malignantchain", "recover", "shadowball"], "ability": "Poison Puppeteer", "evs": {"hp": 85, "atk": 0, "def": 85, "spa": 85, "spd": 85, "spe": 85}, "ivs": {"hp": 31, "atk": 0, "def": 31, "spa": 31, "spd": 31, "spe": 31}, "item": "Leftovers", "teraType": "Dark", "role": "Bulky Attacker", "bvs": {"hp": 88, "atk": 88, "def": 160, "spa": 88, "spd": 88, "spe": 88}, "stats": {"hp": 262, "atk": 140, "def": 291, "spa": 180, "spd": 180, "spe": 180}, "types": ["Poison", "Ghost"]}, "Roaring Moon": {"name": "Roaring Moon", "species": "Roaring Moon", "speciesId": "roaringmoon", "gender": "N", "shiny": false, "level": 72, "moves": ["outrage", "dragondance", "knockoff", "ironhead"], "ability": "Protosynthesis", "evs": {"hp": 85, "atk": 85, "def": 85, "spa": 85, "spd": 85, "spe": 85}, "ivs": {"hp": 31, "atk": 31, "def": 31, "spa": 31, "spd": 31, "spe": 31}, "item": "Lum Berry", "teraType": "Poison", "role": "Setup Sweeper", "bvs": {"hp": 105, "atk": 139, "def": 71, "spa": 55, "spd": 101, "spe": 119}, "stats": {"hp": 270, "atk": 242, "def": 144, "spa": 121, "spd": 187, "spe": 213}, "types": ["Dragon", "Dark"]}, "Girafarig": {"name": "Girafarig", "species": "Girafarig", "speciesId": "girafarig", "gender": "F", "shiny": false, "level": 89, "moves": ["nastyplot", "psyshock", "thunderbolt", "hypervoice"], "ability": "Sap Sipper", "evs": {"hp": 85, "atk": 0, "def": 85, "spa": 85, "spd": 85, "spe": 85}, "ivs": {"hp": 31, "atk": 0, "def": 31, "spa": 31, "spd": 31, "spe": 31}, "item": "Eviolite", "teraType": "Normal", "role": "Fast Bulky Setup", "bvs": {"hp": 70, "atk": 80, "def": 65, "spa": 90, "spd": 65, "spe": 85}, "stats": {"hp": 269, "atk": 147, "def": 166, "spa": 211, "spd": 166, "spe": 202}, "types": ["Normal", "Psychic"]}}]}