{"id": "gen9randombattle-2641176219", "format": "[Gen 9] Random Battle", "players": ["Distanthero", "ctoork"], "log": "|j|\u2606Distanthero\n|j|\u2606ctoork\n|t:|1782749865\n|gametype|singles\n|player|p1|Distanthero|265|1945\n|player|p2|ctoork|266|1973\n|gen|9\n|tier|[Gen 9] Random Battle\n|rated|\n|rule|Species Clause: Limit one of each Pok\u00e9mon\n|rule|HP Percentage Mod: HP is shown in percentages\n|rule|Sleep Clause Mod: Limit one foe put to sleep\n|rule|Illusion Level Mod: Illusion disguises the Pok\u00e9mon's true level\n|\n|t:|1782749865\n|teamsize|p1|6\n|teamsize|p2|6\n|start\n|switch|p1a: Gouging Fire|Gouging Fire, L74|277/277\n|switch|p2a: Lapras|Lapras, L87, M|367/367\n|turn|1\n|inactive|Battle timer is ON: inactive players will automatically lose when time's up. (requested by ctoork)\n|\n|t:|1782749874\n|-end|p1a: Gouging Fire|Protosynthesis|[silent]\n|switch|p1a: Porygon2|Porygon2, L81|270/270\n|-ability|p1a: Porygon2|Download|boost\n|-boost|p1a: Porygon2|atk|1\n|move|p2a: Lapras|Dragon Dance|p2a: Lapras\n|-boost|p2a: Lapras|atk|1\n|-boost|p2a: Lapras|spe|1\n|\n|upkeep\n|turn|2\n|\n|t:|1782749890\n|-terastallize|p2a: Lapras|Ground\n|move|p2a: Lapras|Dragon Dance|p2a: Lapras\n|-boost|p2a: Lapras|atk|1\n|-boost|p2a: Lapras|spe|1\n|move|p1a: Porygon2|Tri Attack|p2a: Lapras\n|-damage|p2a: Lapras|285/367\n|\n|upkeep\n|turn|3\n|\n|t:|1782749902\n|move|p2a: Lapras|Icicle Spear|p1a: Porygon2\n|-damage|p1a: Porygon2|233/270\n|-damage|p1a: Porygon2|200/270\n|-damage|p1a: Porygon2|164/270\n|-damage|p1a: Porygon2|127/270\n|-damage|p1a: Porygon2|93/270\n|-hitcount|p1a: Porygon2|5\n|move|p1a: Porygon2|Tri Attack|p2a: Lapras\n|-damage|p2a: Lapras|206/367\n|\n|upkeep\n|turn|4\n|\n|t:|1782749906\n|move|p2a: Lapras|Icicle Spear|p1a: Porygon2\n|-damage|p1a: Porygon2|56/270\n|-damage|p1a: Porygon2|19/270\n|-damage|p1a: Porygon2|0 fnt\n|faint|p1a: Porygon2\n|-hitcount|p1: Porygon2|3\n|\n|upkeep\n|\n|t:|1782749909\n|switch|p1a: Keldeo|Keldeo-Resolute, L79|273/273\n|turn|5\n|\n|t:|1782749915\n|move|p2a: Lapras|Earthquake|p1a: Keldeo\n|-damage|p1a: Keldeo|69/273\n|move|p1a: Keldeo|Secret Sword|p2a: Lapras\n|-damage|p2a: Lapras|59/367\n|\n|upkeep\n|turn|6\n|\n|t:|1782749920\n|move|p2a: Lapras|Earthquake|p1a: Keldeo\n|-damage|p1a: Keldeo|0 fnt\n|faint|p1a: Keldeo\n|\n|upkeep\n|\n|t:|1782749928\n|switch|p1a: Kommo-o|Kommo-o, L78, F|245/245\n|turn|7\n|\n|t:|1782749933\n|-terastallize|p1a: Kommo-o|Steel\n|move|p2a: Lapras|Icicle Spear|p1a: Kommo-o\n|-resisted|p1a: Kommo-o\n|-damage|p1a: Kommo-o|224/245\n|-resisted|p1a: Kommo-o\n|-damage|p1a: Kommo-o|201/245\n|-resisted|p1a: Kommo-o\n|-crit|p1a: Kommo-o\n|-damage|p1a: Kommo-o|171/245\n|-resisted|p1a: Kommo-o\n|-damage|p1a: Kommo-o|151/245\n|-hitcount|p1a: Kommo-o|4\n|move|p1a: Kommo-o|Drain Punch|p2a: Lapras\n|-damage|p2a: Lapras|0 fnt\n|-heal|p1a: Kommo-o|181/245|[from] drain|[of] p2a: Lapras\n|faint|p2a: Lapras\n|\n|upkeep\n|\n|t:|1782749937\n|switch|p2a: Trevenant|Trevenant, L89, M|296/296\n|turn|8\n|\n|t:|1782749946\n|move|p1a: Kommo-o|Iron Head|p2a: Trevenant\n|-damage|p2a: Trevenant|211/296\n|move|p2a: Trevenant|Drain Punch|p1a: Kommo-o\n|-supereffective|p1a: Kommo-o\n|-damage|p1a: Kommo-o|71/245\n|-heal|p2a: Trevenant|266/296|[from] drain|[of] p1a: Kommo-o\n|\n|upkeep\n|turn|9\n|\n|t:|1782749952\n|move|p1a: Kommo-o|Iron Head|p2a: Trevenant\n|-damage|p2a: Trevenant|175/296\n|move|p2a: Trevenant|Drain Punch|p1a: Kommo-o\n|-supereffective|p1a: Kommo-o\n|-crit|p1a: Kommo-o\n|-damage|p1a: Kommo-o|0 fnt\n|-heal|p2a: Trevenant|211/296|[from] drain|[of] p1a: Kommo-o\n|faint|p1a: Kommo-o\n|\n|upkeep\n|\n|t:|1782749955\n|switch|p1a: Chi-Yu|Chi-Yu, L77|211/211\n|-ability|p1a: Chi-Yu|Beads of Ruin\n|turn|10\n|\n|t:|1782749966\n|switch|p2a: Entei|Entei, L78|307/307\n|move|p1a: Chi-Yu|Overheat|p2a: Entei\n|-resisted|p2a: Entei\n|-damage|p2a: Entei|191/307\n|-unboost|p1a: Chi-Yu|spa|2\n|\n|upkeep\n|turn|11\n|\n|t:|1782749972\n|switch|p1a: Tsareena|Tsareena, L87, F|267/267\n|move|p2a: Entei|Stomping Tantrum|p1a: Tsareena\n|-resisted|p1a: Tsareena\n|-damage|p1a: Tsareena|231/267\n|\n|upkeep\n|turn|12\n|\n|t:|1782749976\n|switch|p2a: Cetitan|Cetitan, L82, M|412/412\n|move|p1a: Tsareena|U-turn|p2a: Cetitan\n|-crit|p2a: Cetitan\n|-damage|p2a: Cetitan|302/412\n|\n|t:|1782749984\n|switch|p1a: Chi-Yu|Chi-Yu, L77|211/211|[from] U-turn\n|-ability|p1a: Chi-Yu|Beads of Ruin\n|\n|upkeep\n|turn|13\n|\n|t:|1782749987\n|move|p1a: Chi-Yu|Overheat|p2a: Cetitan|[miss]\n|-miss|p1a: Chi-Yu|p2a: Cetitan\n|move|p2a: Cetitan|Earthquake|p1a: Chi-Yu\n|-supereffective|p1a: Chi-Yu\n|-damage|p1a: Chi-Yu|29/211\n|\n|upkeep\n|turn|14\n|\n|t:|1782749992\n|move|p2a: Cetitan|Ice Shard|p1a: Chi-Yu\n|-resisted|p1a: Chi-Yu\n|-damage|p1a: Chi-Yu|2/211\n|move|p1a: Chi-Yu|Overheat|p2a: Cetitan\n|-supereffective|p2a: Cetitan\n|-damage|p2a: Cetitan|38/412\n|-unboost|p1a: Chi-Yu|spa|2\n|-enditem|p2a: Cetitan|Sitrus Berry|[eat]\n|-heal|p2a: Cetitan|141/412|[from] item: Sitrus Berry\n|\n|upkeep\n|turn|15\n|\n|t:|1782749998\n|move|p2a: Cetitan|Ice Shard|p1a: Chi-Yu\n|-resisted|p1a: Chi-Yu\n|-damage|p1a: Chi-Yu|0 fnt\n|faint|p1a: Chi-Yu\n|\n|upkeep\n|\n|t:|1782750007\n|switch|p1a: Tsareena|Tsareena, L87, F|231/267\n|turn|16\n|\n|t:|1782750013\n|move|p2a: Cetitan|Ice Shard||[still]\n|cant|p1a: Tsareena|ability: Queenly Majesty|Ice Shard|[of] p2a: Cetitan\n|move|p1a: Tsareena|High Jump Kick|p2a: Cetitan\n|-supereffective|p2a: Cetitan\n|-crit|p2a: Cetitan\n|-damage|p2a: Cetitan|0 fnt\n|faint|p2a: Cetitan\n|\n|upkeep\n|\n|t:|1782750031\n|switch|p2a: Entei|Entei, L78|191/307\n|turn|17\n|\n|t:|1782750035\n|move|p2a: Entei|Stomping Tantrum|p1a: Tsareena\n|-resisted|p1a: Tsareena\n|-damage|p1a: Tsareena|196/267\n|move|p1a: Tsareena|High Jump Kick|p2a: Entei\n|-damage|p2a: Entei|74/307\n|\n|upkeep\n|turn|18\n|\n|t:|1782750043\n|switch|p2a: Trevenant|Trevenant, L89, M|211/296\n|move|p1a: Tsareena|U-turn|p2a: Trevenant\n|-damage|p2a: Trevenant|139/296\n|-enditem|p2a: Trevenant|Sitrus Berry|[eat]\n|-heal|p2a: Trevenant|213/296|[from] item: Sitrus Berry\n|\n|t:|1782750045\n|switch|p1a: Gouging Fire|Gouging Fire, L74|277/277|[from] U-turn\n|\n|upkeep\n|turn|19\n|\n|t:|1782750049\n|move|p1a: Gouging Fire|Dragon Dance|p1a: Gouging Fire\n|-boost|p1a: Gouging Fire|atk|1\n|-boost|p1a: Gouging Fire|spe|1\n|move|p2a: Trevenant|Toxic|p1a: Gouging Fire\n|-status|p1a: Gouging Fire|tox\n|\n|-damage|p1a: Gouging Fire|260/277 tox|[from] psn\n|-item|p2a: Trevenant|Sitrus Berry|[from] ability: Harvest\n|upkeep\n|turn|20\n|\n|t:|1782750056\n|move|p2a: Trevenant|Protect|p2a: Trevenant\n|-singleturn|p2a: Trevenant|Protect\n|move|p1a: Gouging Fire|Dragon Dance|p1a: Gouging Fire\n|-boost|p1a: Gouging Fire|atk|1\n|-boost|p1a: Gouging Fire|spe|1\n|\n|-damage|p1a: Gouging Fire|226/277 tox|[from] psn\n|upkeep\n|turn|21\n|\n|t:|1782750066\n|switch|p2a: Ogerpon|Ogerpon, L80, F|259/259\n|move|p1a: Gouging Fire|Heat Crash|p2a: Ogerpon\n|-supereffective|p2a: Ogerpon\n|-damage|p2a: Ogerpon|0 fnt\n|faint|p2a: Ogerpon\n|\n|-damage|p1a: Gouging Fire|175/277 tox|[from] psn\n|upkeep\n|\n|t:|1782750075\n|switch|p2a: Trevenant|Trevenant, L89, M|213/296\n|turn|22\n|\n|t:|1782750077\n|move|p2a: Trevenant|Protect|p2a: Trevenant\n|-singleturn|p2a: Trevenant|Protect\n|move|p1a: Gouging Fire|Heat Crash|p2a: Trevenant\n|-activate|p2a: Trevenant|move: Protect\n|\n|-damage|p1a: Gouging Fire|107/277 tox|[from] psn\n|upkeep\n|turn|23\n|\n|t:|1782750085\n|switch|p2a: Primarina|Primarina, L83, M|268/268\n|move|p1a: Gouging Fire|Heat Crash|p2a: Primarina\n|-resisted|p2a: Primarina\n|-damage|p2a: Primarina|142/268\n|\n|-damage|p1a: Gouging Fire|22/277 tox|[from] psn\n|upkeep\n|turn|24\n|\n|t:|1782750092\n|move|p1a: Gouging Fire|Earthquake|p2a: Primarina\n|-damage|p2a: Primarina|2/268\n|move|p2a: Primarina|Flip Turn|p1a: Gouging Fire\n|-damage|p1a: Gouging Fire|0 fnt\n|faint|p1a: Gouging Fire\n|-end|p1a: Gouging Fire|Protosynthesis|[silent]\n|\n|t:|1782750098\n|switch|p2a: Trevenant|Trevenant, L89, M|213/296|[from] Flip Turn\n|\n|upkeep\n|\n|t:|1782750099\n|switch|p1a: Tsareena|Tsareena, L87, F|196/267\n|turn|25\n|\n|t:|1782750103\n|move|p1a: Tsareena|Power Whip|p2a: Trevenant\n|-resisted|p2a: Trevenant\n|-damage|p2a: Trevenant|127/296\n|-enditem|p2a: Trevenant|Sitrus Berry|[eat]\n|-heal|p2a: Trevenant|201/296|[from] item: Sitrus Berry\n|move|p2a: Trevenant|Toxic|p1a: Tsareena\n|-status|p1a: Tsareena|tox\n|\n|-damage|p1a: Tsareena|180/267 tox|[from] psn\n|upkeep\n|turn|26\n|-message|Distanthero forfeited.\n|\n|win|ctoork\n|raw|Distanthero's rating: 1945 &rarr; <strong>1927</strong><br />(-18 for losing)\n|raw|ctoork's rating: 1973 &rarr; <strong>1991</strong><br />(+18 for winning)\n", "inputlog": ">version f8ac14003a5f27e1bdc8d8c59608a773c1cb96e5\n>start {\"formatid\":\"gen9randombattle\",\"seed\":\"sodium,f5543712e2062ac04fb2d0ab7dd93be1\",\"rated\":\"Rated battle\"}\n>player p1 {\"name\":\"Distanthero\",\"avatar\":\"265\",\"rating\":1945,\"seed\":\"sodium,ed976bc15ca426a2304a0c958797b0c7\"}\n>player p2 {\"name\":\"ctoork\",\"avatar\":\"266\",\"rating\":1973,\"seed\":\"sodium,81d5a9d8c2541da25e552306d41478f3\"}\n>p1 switch 2\n>p2 move dragondance\n>p1 move triattack\n>p2 move dragondance terastallize\n>p1 move triattack\n>p2 move iciclespear\n>p1 move recover\n>p2 move iciclespear\n>p1 switch 6\n>p1 move secretsword\n>p2 move earthquake\n>p1 move secretsword\n>p2 move earthquake\n>p1 switch 5\n>p1 move drainpunch terastallize\n>p2 move iciclespear\n>p2 switch 5\n>p1 move ironhead\n>p2 move drainpunch\n>p1 move ironhead\n>p2 move drainpunch\n>p1 switch 3\n>p1 move overheat\n>p2 switch 2\n>p1 switch 4\n>p2 move stompingtantrum\n>p1 move uturn\n>p2 switch 4\n>p1 switch 4\n>p1 move overheat\n>p2 move earthquake\n>p1 move overheat\n>p2 move iceshard\n>p1 move overheat\n>p2 move iceshard\n>p1 switch 4\n>p1 move highjumpkick\n>p2 move iceshard\n>p2 switch 4\n>p1 move highjumpkick\n>p2 move stompingtantrum\n>p1 move uturn\n>p2 switch 2\n>p1 switch 2\n>p1 move dragondance\n>p2 move toxic\n>p1 move dragondance\n>p2 move protect\n>p1 move heatcrash\n>p2 switch 6\n>p2 switch 6\n>p1 move heatcrash\n>p2 move protect\n>p1 move heatcrash\n>p2 switch 3\n>p1 move earthquake\n>p2 move flipturn\n>p2 switch 3\n>p1 switch 2\n>p1 move powerwhip\n>p2 move toxic\n>forcelose p1", "uploadtime": 1782750108, "views": 6, "formatid": "gen9randombattle", "rating": 1927, "private": 0, "password": null, "player_dets": [{"name": "Distanthero", "avatar": "265", "rating": 1945, "seed": "sodium,ed976bc15ca426a2304a0c958797b0c7"}, {"name": "ctoork", "avatar": "266", "rating": 1973, "seed": "sodium,81d5a9d8c2541da25e552306d41478f3"}], "teams_full": [{"Gouging Fire": {"name": "Gouging Fire", "species": "Gouging Fire", "speciesId": "gougingfire", "gender": "N", "shiny": false, "level": 74, "moves": ["outrage", "earthquake", "dragondance", "heatcrash"], "ability": "Protosynthesis", "evs": {"hp": 85, "atk": 85, "def": 85, "spa": 85, "spd": 85, "spe": 85}, "ivs": {"hp": 31, "atk": 31, "def": 31, "spa": 31, "spd": 31, "spe": 31}, "item": "Heavy-Duty Boots", "teraType": "Ground", "role": "Setup Sweeper", "bvs": {"hp": 105, "atk": 115, "def": 121, "spa": 65, "spd": 93, "spe": 91}, "stats": {"hp": 277, "atk": 213, "def": 222, "spa": 139, "spd": 181, "spe": 178}, "types": ["Fire", "Dragon"]}, "Porygon2": {"name": "Porygon2", "species": "Porygon2", "speciesId": "porygon2", "gender": "N", "shiny": false, "level": 81, "moves": ["recover", "discharge", "icebeam", "triattack"], "ability": "Download", "evs": {"hp": 85, "atk": 0, "def": 85, "spa": 85, "spd": 85, "spe": 85}, "ivs": {"hp": 31, "atk": 0, "def": 31, "spa": 31, "spd": 31, "spe": 31}, "item": "Eviolite", "teraType": "Poison", "role": "Bulky Support", "bvs": {"hp": 85, "atk": 80, "def": 90, "spa": 105, "spd": 95, "spe": 60}, "stats": {"hp": 270, "atk": 134, "def": 192, "spa": 217, "spd": 201, "spe": 144}, "types": ["Normal"]}, "Chi-Yu": {"name": "Chi-Yu", "species": "Chi-Yu", "speciesId": "chiyu", "gender": "N", "shiny": false, "level": 77, "moves": ["flamethrower", "darkpulse", "psychic", "overheat"], "ability": "Beads of Ruin", "evs": {"hp": 85, "atk": 0, "def": 85, "spa": 85, "spd": 85, "spe": 85}, "ivs": {"hp": 31, "atk": 0, "def": 31, "spa": 31, "spd": 31, "spe": 31}, "item": "Choice Scarf", "teraType": "Fire", "role": "Fast Attacker", "bvs": {"hp": 55, "atk": 80, "def": 80, "spa": 135, "spd": 120, "spe": 100}, "stats": {"hp": 211, "atk": 128, "def": 168, "spa": 252, "spd": 229, "spe": 199}, "types": ["Dark", "Fire"]}, "Tsareena": {"name": "Tsareena", "species": "Tsareena", "speciesId": "tsareena", "gender": "F", "shiny": false, "level": 87, "moves": ["uturn", "highjumpkick", "powerwhip", "synthesis"], "ability": "Queenly Majesty", "evs": {"hp": 85, "atk": 85, "def": 85, "spa": 85, "spd": 85, "spe": 85}, "ivs": {"hp": 31, "atk": 31, "def": 31, "spa": 31, "spd": 31, "spe": 31}, "item": "Heavy-Duty Boots", "teraType": "Fighting", "role": "Fast Support", "bvs": {"hp": 72, "atk": 120, "def": 98, "spa": 50, "spd": 98, "spe": 72}, "stats": {"hp": 267, "atk": 259, "def": 220, "spa": 137, "spd": 220, "spe": 175}, "types": ["Grass"]}, "Kommo-o": {"name": "Kommo-o", "species": "Kommo-o", "speciesId": "kommoo", "gender": "F", "shiny": false, "level": 78, "moves": ["clangoroussoul", "clangingscales", "ironhead", "drainpunch"], "ability": "Soundproof", "evs": {"hp": 85, "atk": 85, "def": 85, "spa": 85, "spd": 85, "spe": 85}, "ivs": {"hp": 31, "atk": 31, "def": 31, "spa": 31, "spd": 31, "spe": 31}, "item": "Throat Spray", "teraType": "Steel", "role": "Fast Bulky Setup", "bvs": {"hp": 75, "atk": 110, "def": 125, "spa": 100, "spd": 105, "spe": 85}, "stats": {"hp": 245, "atk": 217, "def": 240, "spa": 201, "spd": 209, "spe": 178}, "types": ["Dragon", "Fighting"]}, "Keldeo": {"name": "Keldeo", "species": "Keldeo-Resolute", "speciesId": "keldeoresolute", "gender": "N", "shiny": false, "level": 79, "moves": ["flipturn", "airslash", "hydropump", "secretsword"], "ability": "Justified", "evs": {"hp": 85, "atk": 85, "def": 85, "spa": 85, "spd": 85, "spe": 85}, "ivs": {"hp": 31, "atk": 31, "def": 31, "spa": 31, "spd": 31, "spe": 31}, "item": "Choice Specs", "teraType": "Fighting", "role": "Fast Attacker", "bvs": {"hp": 91, "atk": 72, "def": 90, "spa": 129, "spd": 90, "spe": 108}, "stats": {"hp": 273, "atk": 159, "def": 188, "spa": 249, "spd": 188, "spe": 216}, "types": ["Water", "Fighting"]}}, {"Lapras": {"name": "Lapras", "species": "Lapras", "speciesId": "lapras", "gender": "M", "shiny": false, "level": 87, "moves": ["earthquake", "iciclespear", "dragondance", "waterfall"], "ability": "Water Absorb", "evs": {"hp": 81, "atk": 85, "def": 85, "spa": 85, "spd": 85, "spe": 85}, "ivs": {"hp": 31, "atk": 31, "def": 31, "spa": 31, "spd": 31, "spe": 31}, "item": "Loaded Dice", "teraType": "Ground", "role": "Setup Sweeper", "bvs": {"hp": 130, "atk": 85, "def": 80, "spa": 85, "spd": 95, "spe": 60}, "stats": {"hp": 367, "atk": 198, "def": 189, "spa": 198, "spd": 215, "spe": 154}, "types": ["Water", "Ice"]}, "Entei": {"name": "Entei", "species": "Entei", "speciesId": "entei", "gender": "N", "shiny": false, "level": 78, "moves": ["stompingtantrum", "sacredfire", "flareblitz", "extremespeed"], "ability": "Inner Focus", "evs": {"hp": 85, "atk": 85, "def": 85, "spa": 85, "spd": 85, "spe": 85}, "ivs": {"hp": 31, "atk": 31, "def": 31, "spa": 31, "spd": 31, "spe": 31}, "item": "Choice Band", "teraType": "Normal", "role": "Wallbreaker", "bvs": {"hp": 115, "atk": 115, "def": 85, "spa": 90, "spd": 75, "spe": 100}, "stats": {"hp": 307, "atk": 224, "def": 178, "spa": 185, "spd": 162, "spe": 201}, "types": ["Fire"]}, "Primarina": {"name": "Primarina", "species": "Primarina", "speciesId": "primarina", "gender": "M", "shiny": false, "level": 83, "moves": ["moonblast", "flipturn", "psychic", "hydropump"], "ability": "Torrent", "evs": {"hp": 85, "atk": 85, "def": 85, "spa": 85, "spd": 85, "spe": 85}, "ivs": {"hp": 31, "atk": 31, "def": 31, "spa": 31, "spd": 31, "spe": 31}, "item": "Choice Specs", "teraType": "Water", "role": "Wallbreaker", "bvs": {"hp": 80, "atk": 74, "def": 74, "spa": 126, "spd": 116, "spe": 60}, "stats": {"hp": 268, "atk": 171, "def": 171, "spa": 257, "spd": 240, "spe": 147}, "types": ["Water", "Fairy"]}, "Cetitan": {"name": "Cetitan", "species": "Cetitan", "speciesId": "cetitan", "gender": "M", "shiny": false, "level": 82, "moves": ["bellydrum", "icespinner", "earthquake", "iceshard"], "ability": "Thick Fat", "evs": {"hp": 81, "atk": 85, "def": 85, "spa": 85, "spd": 85, "spe": 85}, "ivs": {"hp": 31, "atk": 31, "def": 31, "spa": 31, "spd": 31, "spe": 31}, "item": "Sitrus Berry", "teraType": "Ice", "role": "Bulky Setup", "bvs": {"hp": 170, "atk": 113, "def": 65, "spa": 45, "spd": 55, "spe": 73}, "stats": {"hp": 412, "atk": 232, "def": 154, "spa": 121, "spd": 137, "spe": 167}, "types": ["Ice"]}, "Trevenant": {"name": "Trevenant", "species": "Trevenant", "speciesId": "trevenant", "gender": "M", "shiny": false, "level": 89, "moves": ["protect", "drainpunch", "toxic", "poltergeist"], "ability": "Harvest", "evs": {"hp": 85, "atk": 85, "def": 85, "spa": 85, "spd": 85, "spe": 85}, "ivs": {"hp": 31, "atk": 31, "def": 31, "spa": 31, "spd": 31, "spe": 31}, "item": "Sitrus Berry", "teraType": "Steel", "role": "Bulky Support", "bvs": {"hp": 85, "atk": 110, "def": 76, "spa": 65, "spd": 82, "spe": 56}, "stats": {"hp": 296, "atk": 247, "def": 186, "spa": 166, "spd": 197, "spe": 150}, "types": ["Ghost", "Grass"]}, "Ogerpon": {"name": "Ogerpon", "species": "Ogerpon", "speciesId": "ogerpon", "gender": "F", "shiny": false, "level": 80, "moves": ["swordsdance", "superpower", "ivycudgel", "knockoff"], "ability": "Defiant", "evs": {"hp": 85, "atk": 85, "def": 85, "spa": 85, "spd": 85, "spe": 85}, "ivs": {"hp": 31, "atk": 31, "def": 31, "spa": 31, "spd": 31, "spe": 31}, "item": "Life Orb", "teraType": "Grass", "role": "Setup Sweeper", "bvs": {"hp": 80, "atk": 120, "def": 84, "spa": 60, "spd": 96, "spe": 110}, "stats": {"hp": 259, "atk": 238, "def": 181, "spa": 142, "spd": 200, "spe": 222}, "types": ["Grass"]}}]}