{"id": "gen9randombattle-2641732868", "format": "[Gen 9] Random Battle", "players": ["Saaskin", "fashionstar510"], "log": "|j|\u2606Saaskin\n|j|\u203dfashionstar510\n|t:|1782835402\n|gametype|singles\n|player|p1|Saaskin|2|2054\n|player|p2|fashionstar510|101|2068\n|gen|9\n|tier|[Gen 9] Random Battle\n|rated|\n|rule|Species Clause: Limit one of each Pok\u00e9mon\n|rule|HP Percentage Mod: HP is shown in percentages\n|rule|Sleep Clause Mod: Limit one foe put to sleep\n|rule|Illusion Level Mod: Illusion disguises the Pok\u00e9mon's true level\n|\n|t:|1782835402\n|teamsize|p1|6\n|teamsize|p2|6\n|start\n|switch|p1a: Iron Jugulis|Iron Jugulis, L77|271/271\n|switch|p2a: Oranguru|Oranguru, L92, M|315/315\n|turn|1\n|inactive|Battle timer is ON: inactive players will automatically lose when time's up. (requested by Saaskin)\n|\n|t:|1782835426\n|switch|p2a: Swalot|Swalot, L90, M|326/326\n|move|p1a: Iron Jugulis|Meteor Beam||[still]\n|-prepare|p1a: Iron Jugulis|Meteor Beam\n|-boost|p1a: Iron Jugulis|spa|1\n|-enditem|p1a: Iron Jugulis|Power Herb\n|-anim|p1a: Iron Jugulis|Meteor Beam|p2a: Swalot\n|-damage|p2a: Swalot|195/326\n|\n|-heal|p2a: Swalot|215/326|[from] item: Leftovers\n|upkeep\n|turn|2\n|\n|t:|1782835436\n|move|p1a: Iron Jugulis|Earth Power|p2a: Swalot\n|-supereffective|p2a: Swalot\n|-damage|p2a: Swalot|45/326\n|move|p2a: Swalot|Sludge Bomb|p1a: Iron Jugulis\n|-damage|p1a: Iron Jugulis|171/271\n|-status|p1a: Iron Jugulis|psn\n|\n|-heal|p2a: Swalot|65/326|[from] item: Leftovers\n|-damage|p1a: Iron Jugulis|138/271 psn|[from] psn\n|upkeep\n|turn|3\n|\n|t:|1782835441\n|move|p2a: Swalot|Protect|p2a: Swalot\n|-singleturn|p2a: Swalot|Protect\n|move|p1a: Iron Jugulis|Dark Pulse|p2a: Swalot\n|-activate|p2a: Swalot|move: Protect\n|\n|-heal|p2a: Swalot|85/326|[from] item: Leftovers\n|-damage|p1a: Iron Jugulis|105/271 psn|[from] psn\n|upkeep\n|turn|4\n|\n|t:|1782835444\n|move|p2a: Swalot|Protect|p2a: Swalot\n|-singleturn|p2a: Swalot|Protect\n|move|p1a: Iron Jugulis|Earth Power|p2a: Swalot\n|-activate|p2a: Swalot|move: Protect\n|\n|-heal|p2a: Swalot|105/326|[from] item: Leftovers\n|-damage|p1a: Iron Jugulis|72/271 psn|[from] psn\n|upkeep\n|turn|5\n|\n|t:|1782835447\n|move|p1a: Iron Jugulis|Dark Pulse|p2a: Swalot\n|-damage|p2a: Swalot|0 fnt\n|faint|p2a: Swalot\n|\n|-damage|p1a: Iron Jugulis|39/271 psn|[from] psn\n|upkeep\n|\n|t:|1782835450\n|switch|p2a: Ogerpon|Ogerpon-Wellspring, L76, F|247/247\n|turn|6\n|\n|t:|1782835453\n|move|p2a: Ogerpon|Ivy Cudgel|p1a: Iron Jugulis|[anim] Ivy Cudgel Water\n|-damage|p1a: Iron Jugulis|0 fnt\n|faint|p1a: Iron Jugulis\n|-end|p1a: Iron Jugulis|Quark Drive|[silent]\n|\n|upkeep\n|\n|t:|1782835458\n|switch|p1a: Glalie|Glalie, L96, M|309/309\n|turn|7\n|\n|t:|1782835465\n|switch|p2a: Meloetta|Meloetta, L82|298/298\n|move|p1a: Glalie|Spikes|p2a: Meloetta\n|-sidestart|p2: fashionstar510|Spikes\n|\n|upkeep\n|turn|8\n|\n|t:|1782835475\n|switch|p1a: Lunala|Lunala, L70|308/308\n|move|p2a: Meloetta|Hyper Voice|p1a: Lunala\n|-immune|p1a: Lunala\n|\n|upkeep\n|turn|9\n|\n|t:|1782835486\n|switch|p2a: Ogerpon|Ogerpon-Wellspring, L76, F|247/247\n|-damage|p2a: Ogerpon|217/247|[from] Spikes\n|switch|p1a: Glalie|Glalie, L96, M|309/309\n|\n|upkeep\n|turn|10\n|\n|t:|1782835499\n|switch|p2a: Houndstone|Houndstone, L86, M|264/264\n|-damage|p2a: Houndstone|231/264|[from] Spikes\n|move|p1a: Glalie|Freeze-Dry|p2a: Houndstone\n|-damage|p2a: Houndstone|185/264\n|\n|upkeep\n|turn|11\n|\n|t:|1782835508\n|switch|p1a: Reshiram|Reshiram, L76|277/277\n|-ability|p1a: Reshiram|Turboblaze\n|move|p2a: Houndstone|Poltergeist|p1a: Reshiram|[miss]\n|-miss|p2a: Houndstone|p1a: Reshiram\n|\n|upkeep\n|turn|12\n|\n|t:|1782835514\n|move|p1a: Reshiram|Blue Flare|p2a: Houndstone\n|-damage|p2a: Houndstone|91/264\n|move|p2a: Houndstone|Poltergeist|p1a: Reshiram\n|-activate|p1a: Reshiram|move: Poltergeist|Heavy-Duty Boots\n|-damage|p1a: Reshiram|150/277\n|\n|upkeep\n|turn|13\n|\n|t:|1782835517\n|move|p1a: Reshiram|Blue Flare|p2a: Houndstone\n|-damage|p2a: Houndstone|0 fnt\n|faint|p2a: Houndstone\n|\n|upkeep\n|\n|t:|1782835520\n|switch|p2a: Blastoise|Blastoise, L80, M|258/258\n|-damage|p2a: Blastoise|226/258|[from] Spikes\n|turn|14\n|\n|t:|1782835523\n|move|p2a: Blastoise|Shell Smash|p2a: Blastoise\n|-unboost|p2a: Blastoise|def|1\n|-unboost|p2a: Blastoise|spd|1\n|-boost|p2a: Blastoise|atk|2\n|-boost|p2a: Blastoise|spa|2\n|-boost|p2a: Blastoise|spe|2\n|-enditem|p2a: Blastoise|White Herb\n|-clearnegativeboost|p2a: Blastoise|[silent]\n|move|p1a: Reshiram|Dragon Tail|p2a: Blastoise\n|-damage|p2a: Blastoise|163/258\n|drag|p2a: Oranguru|Oranguru, L92, M|315/315\n|-damage|p2a: Oranguru|276/315|[from] Spikes\n|\n|-heal|p2a: Oranguru|295/315|[from] item: Leftovers\n|upkeep\n|turn|15\n|\n|t:|1782835540\n|move|p1a: Reshiram|Blue Flare|p2a: Oranguru\n|-damage|p2a: Oranguru|166/315\n|move|p2a: Oranguru|Nasty Plot|p2a: Oranguru\n|-boost|p2a: Oranguru|spa|2\n|\n|-heal|p2a: Oranguru|185/315|[from] item: Leftovers\n|upkeep\n|turn|16\n|\n|t:|1782835544\n|move|p1a: Reshiram|Draco Meteor|p2a: Oranguru\n|-damage|p2a: Oranguru|70/315\n|-unboost|p1a: Reshiram|spa|2\n|move|p2a: Oranguru|Psychic|p1a: Reshiram\n|-damage|p1a: Reshiram|0 fnt\n|faint|p1a: Reshiram\n|\n|-heal|p2a: Oranguru|89/315|[from] item: Leftovers\n|upkeep\n|\n|t:|1782835552\n|switch|p1a: Glalie|Glalie, L96, M|309/309\n|turn|17\n|\n|t:|1782835558\n|move|p1a: Glalie|Earthquake|p2a: Oranguru\n|-damage|p2a: Oranguru|11/315\n|move|p2a: Oranguru|Focus Blast|p1a: Glalie\n|-supereffective|p1a: Glalie\n|-damage|p1a: Glalie|0 fnt\n|faint|p1a: Glalie\n|\n|-heal|p2a: Oranguru|30/315|[from] item: Leftovers\n|upkeep\n|\n|t:|1782835574\n|switch|p1a: Hawlucha|Hawlucha, L80, F|256/256\n|turn|18\n|\n|t:|1782835582\n|move|p1a: Hawlucha|Brave Bird|p2a: Oranguru\n|-damage|p2a: Oranguru|0 fnt\n|faint|p2a: Oranguru\n|-damage|p1a: Hawlucha|246/256|[from] Recoil\n|\n|upkeep\n|\n|t:|1782835586\n|switch|p2a: Meloetta|Meloetta, L82|298/298\n|-damage|p2a: Meloetta|261/298|[from] Spikes\n|turn|19\n|\n|t:|1782835594\n|move|p1a: Hawlucha|Close Combat|p2a: Meloetta\n|-damage|p2a: Meloetta|132/298\n|-unboost|p1a: Hawlucha|def|1\n|-unboost|p1a: Hawlucha|spd|1\n|-enditem|p1a: Hawlucha|White Herb\n|-clearnegativeboost|p1a: Hawlucha|[silent]\n|move|p2a: Meloetta|Psyshock|p1a: Hawlucha\n|-supereffective|p1a: Hawlucha\n|-damage|p1a: Hawlucha|0 fnt\n|faint|p1a: Hawlucha\n|\n|upkeep\n|\n|t:|1782835599\n|switch|p1a: Lunala|Lunala, L70|308/308\n|turn|20\n|\n|t:|1782835604\n|switch|p2a: Ogerpon|Ogerpon-Wellspring, L76, F|217/247\n|-damage|p2a: Ogerpon|187/247|[from] Spikes\n|move|p1a: Lunala|Calm Mind|p1a: Lunala\n|-boost|p1a: Lunala|spa|1\n|-boost|p1a: Lunala|spd|1\n|\n|upkeep\n|turn|21\n|\n|t:|1782835609\n|move|p2a: Ogerpon|Horn Leech|p1a: Lunala\n|-damage|p1a: Lunala|257/308\n|-heal|p2a: Ogerpon|213/247|[from] drain|[of] p1a: Lunala\n|move|p1a: Lunala|Moongeist Beam|p2a: Ogerpon\n|-damage|p2a: Ogerpon|65/247\n|\n|-heal|p1a: Lunala|276/308|[from] item: Leftovers\n|upkeep\n|turn|22\n|\n|t:|1782835617\n|move|p2a: Ogerpon|Ivy Cudgel|p1a: Lunala|[anim] Ivy Cudgel Water\n|-damage|p1a: Lunala|128/308\n|move|p1a: Lunala|Moongeist Beam|p2a: Ogerpon\n|-damage|p2a: Ogerpon|0 fnt\n|faint|p2a: Ogerpon\n|\n|-heal|p1a: Lunala|147/308|[from] item: Leftovers\n|upkeep\n|\n|t:|1782835628\n|switch|p2a: Blastoise|Blastoise, L80, M|163/258\n|-damage|p2a: Blastoise|131/258|[from] Spikes\n|turn|23\n|\n|t:|1782835633\n|move|p1a: Lunala|Moonlight|p1a: Lunala\n|-heal|p1a: Lunala|301/308\n|move|p2a: Blastoise|Shell Smash|p2a: Blastoise\n|-unboost|p2a: Blastoise|def|1\n|-unboost|p2a: Blastoise|spd|1\n|-boost|p2a: Blastoise|atk|2\n|-boost|p2a: Blastoise|spa|2\n|-boost|p2a: Blastoise|spe|2\n|\n|-heal|p1a: Lunala|308/308|[from] item: Leftovers\n|upkeep\n|turn|24\n|\n|t:|1782835637\n|-terastallize|p2a: Blastoise|Ground\n|move|p2a: Blastoise|Earthquake|p1a: Lunala\n|-damage|p1a: Lunala|202/308\n|move|p1a: Lunala|Moongeist Beam|p2a: Blastoise\n|-damage|p2a: Blastoise|0 fnt\n|faint|p2a: Blastoise\n|\n|-heal|p1a: Lunala|221/308|[from] item: Leftovers\n|upkeep\n|-message|fashionstar510 forfeited.\n|\n|win|Saaskin\n|raw|Saaskin's rating: 2054 &rarr; <strong>2075</strong><br />(+21 for winning)\n|raw|fashionstar510's rating: 2068 &rarr; <strong>2047</strong><br />(-21 for losing)\n|l|\u203dfashionstar510\n|player|p2|\n", "inputlog": ">version f8ac14003a5f27e1bdc8d8c59608a773c1cb96e5\n>start {\"formatid\":\"gen9randombattle\",\"seed\":\"sodium,98138b96ed4e2eecd22642bb3d948955\",\"rated\":\"Rated battle\"}\n>player p1 {\"name\":\"Saaskin\",\"avatar\":\"2\",\"rating\":2054,\"seed\":\"sodium,6a47cc9479d8d17d719e3783e8c537ed\"}\n>player p2 {\"name\":\"fashionstar510\",\"avatar\":\"101\",\"rating\":2068,\"seed\":\"sodium,a94c0e8aa20d2aeaf87fad097096590a\"}\n>p1 move meteorbeam\n>p2 switch 5\n>p1 move earthpower\n>p2 move sludgebomb\n>p1 move darkpulse\n>p2 move protect\n>p1 move earthpower\n>p2 move protect\n>p1 move darkpulse\n>p2 move sludgebomb\n>p2 switch 2\n>p1 move hurricane\n>p2 move ivycudgel\n>p1 switch 4\n>p1 move spikes\n>p2 switch 6\n>p1 switch 2\n>p2 move hypervoice\n>p1 switch 2\n>p2 switch 6\n>p1 move freezedry\n>p2 switch 4\n>p1 switch 3\n>p2 move poltergeist\n>p1 move blueflare\n>p2 move poltergeist\n>p1 move blueflare\n>p2 move poltergeist\n>p2 switch 3\n>p1 move dragontail\n>p2 move shellsmash\n>p1 move blueflare\n>p2 move nastyplot\n>p1 move dracometeor\n>p2 move psychic\n>p1 switch 3\n>p1 move earthquake\n>p2 move focusblast\n>p1 switch 6\n>p1 move bravebird\n>p2 move psychic\n>p2 switch 6\n>p1 move closecombat\n>p2 move psyshock\n>p1 switch 2\n>p1 move calmmind\n>p2 switch 4\n>p1 move moongeistbeam\n>p2 move hornleech\n>p1 move moongeistbeam\n>p2 move ivycudgel\n>p2 switch 5\n>p1 move moonlight\n>p2 move shellsmash\n>p1 move moongeistbeam\n>p2 move earthquake terastallize\n>forcelose p2", "uploadtime": 1782835406, "views": 10, "formatid": "gen9randombattle", "rating": 2047, "private": 0, "password": null, "player_dets": [{"name": "Saaskin", "avatar": "2", "rating": 2054, "seed": "sodium,6a47cc9479d8d17d719e3783e8c537ed"}, {"name": "fashionstar510", "avatar": "101", "rating": 2068, "seed": "sodium,a94c0e8aa20d2aeaf87fad097096590a"}], "teams_full": [{"Iron Jugulis": {"name": "Iron Jugulis", "species": "Iron Jugulis", "speciesId": "ironjugulis", "gender": "N", "shiny": false, "level": 77, "moves": ["darkpulse", "meteorbeam", "hurricane", "earthpower"], "ability": "Quark Drive", "evs": {"hp": 85, "atk": 0, "def": 85, "spa": 85, "spd": 85, "spe": 85}, "ivs": {"hp": 31, "atk": 0, "def": 31, "spa": 31, "spd": 31, "spe": 31}, "item": "Power Herb", "teraType": "Ground", "role": "Setup Sweeper", "bvs": {"hp": 94, "atk": 80, "def": 86, "spa": 122, "spd": 80, "spe": 108}, "stats": {"hp": 271, "atk": 128, "def": 177, "spa": 232, "spd": 168, "spe": 211}, "types": ["Dark", "Flying"]}, "Lunala": {"name": "Lunala", "species": "Lunala", "speciesId": "lunala", "gender": "N", "shiny": false, "level": 70, "moves": ["moonlight", "calmmind", "moongeistbeam", "moonblast"], "ability": "Shadow Shield", "evs": {"hp": 85, "atk": 0, "def": 85, "spa": 85, "spd": 85, "spe": 85}, "ivs": {"hp": 31, "atk": 0, "def": 31, "spa": 31, "spd": 31, "spe": 31}, "item": "Leftovers", "teraType": "Fairy", "role": "Bulky Setup", "bvs": {"hp": 137, "atk": 113, "def": 89, "spa": 137, "spd": 107, "spe": 97}, "stats": {"hp": 308, "atk": 163, "def": 166, "spa": 233, "spd": 191, "spe": 177}, "types": ["Psychic", "Ghost"]}, "Reshiram": {"name": "Reshiram", "species": "Reshiram", "speciesId": "reshiram", "gender": "N", "shiny": false, "level": 76, "moves": ["dragontail", "dracometeor", "blueflare", "earthpower"], "ability": "Turboblaze", "evs": {"hp": 85, "atk": 85, "def": 85, "spa": 85, "spd": 85, "spe": 85}, "ivs": {"hp": 31, "atk": 31, "def": 31, "spa": 31, "spd": 31, "spe": 31}, "item": "Heavy-Duty Boots", "teraType": "Ground", "role": "Fast Attacker", "bvs": {"hp": 100, "atk": 120, "def": 100, "spa": 150, "spd": 120, "spe": 90}, "stats": {"hp": 277, "atk": 226, "def": 196, "spa": 272, "spd": 226, "spe": 181}, "types": ["Dragon", "Fire"]}, "Glalie": {"name": "Glalie", "species": "Glalie", "speciesId": "glalie", "gender": "M", "shiny": false, "level": 96, "moves": ["taunt", "freezedry", "earthquake", "spikes"], "ability": "Inner Focus", "evs": {"hp": 85, "atk": 85, "def": 85, "spa": 85, "spd": 85, "spe": 85}, "ivs": {"hp": 31, "atk": 31, "def": 31, "spa": 31, "spd": 31, "spe": 31}, "item": "Heavy-Duty Boots", "teraType": "Ground", "role": "Fast Support", "bvs": {"hp": 80, "atk": 80, "def": 80, "spa": 80, "spd": 80, "spe": 80}, "stats": {"hp": 309, "atk": 208, "def": 208, "spa": 208, "spd": 208, "spe": 208}, "types": ["Ice"]}, "Misdreavus": {"name": "Misdreavus", "species": "Misdreavus", "speciesId": "misdreavus", "gender": "F", "shiny": false, "level": 90, "moves": ["drainingkiss", "shadowball", "calmmind", "willowisp"], "ability": "Levitate", "evs": {"hp": 85, "atk": 0, "def": 85, "spa": 85, "spd": 85, "spe": 85}, "ivs": {"hp": 31, "atk": 0, "def": 31, "spa": 31, "spd": 31, "spe": 31}, "item": "Eviolite", "teraType": "Fairy", "role": "Bulky Setup", "bvs": {"hp": 60, "atk": 60, "def": 60, "spa": 85, "spd": 85, "spe": 85}, "stats": {"hp": 254, "atk": 113, "def": 159, "spa": 204, "spd": 204, "spe": 204}, "types": ["Ghost"]}, "Hawlucha": {"name": "Hawlucha", "species": "Hawlucha", "speciesId": "hawlucha", "gender": "F", "shiny": false, "level": 80, "moves": ["closecombat", "bravebird", "encore", "swordsdance"], "ability": "Unburden", "evs": {"hp": 85, "atk": 85, "def": 85, "spa": 85, "spd": 85, "spe": 85}, "ivs": {"hp": 31, "atk": 31, "def": 31, "spa": 31, "spd": 31, "spe": 31}, "item": "White Herb", "teraType": "Fighting", "role": "Setup Sweeper", "bvs": {"hp": 78, "atk": 92, "def": 75, "spa": 74, "spd": 63, "spe": 118}, "stats": {"hp": 256, "atk": 193, "def": 166, "spa": 165, "spd": 147, "spe": 235}, "types": ["Fighting", "Flying"]}}, {"Oranguru": {"name": "Oranguru", "species": "Oranguru", "speciesId": "oranguru", "gender": "M", "shiny": false, "level": 92, "moves": ["focusblast", "psychic", "nastyplot", "thunderbolt"], "ability": "Inner Focus", "evs": {"hp": 85, "atk": 0, "def": 85, "spa": 85, "spd": 85, "spe": 85}, "ivs": {"hp": 31, "atk": 0, "def": 31, "spa": 31, "spd": 31, "spe": 31}, "item": "Leftovers", "teraType": "Psychic", "role": "Bulky Attacker", "bvs": {"hp": 90, "atk": 60, "def": 80, "spa": 90, "spd": 110, "spe": 60}, "stats": {"hp": 315, "atk": 115, "def": 200, "spa": 218, "spd": 255, "spe": 163}, "types": ["Normal", "Psychic"]}, "Ogerpon": {"name": "Ogerpon", "species": "Ogerpon-Wellspring", "speciesId": "ogerponwellspring", "gender": "F", "shiny": false, "level": 76, "moves": ["hornleech", "ivycudgel", "playrough", "swordsdance"], "ability": "Water Absorb", "evs": {"hp": 85, "atk": 85, "def": 85, "spa": 85, "spd": 85, "spe": 85}, "ivs": {"hp": 31, "atk": 31, "def": 31, "spa": 31, "spd": 31, "spe": 31}, "item": "Wellspring Mask", "teraType": "Water", "role": "Setup Sweeper", "bvs": {"hp": 80, "atk": 120, "def": 84, "spa": 60, "spd": 96, "spe": 110}, "stats": {"hp": 247, "atk": 226, "def": 172, "spa": 135, "spd": 190, "spe": 211}, "types": ["Grass", "Water"]}, "Blastoise": {"name": "Blastoise", "species": "Blastoise", "speciesId": "blastoise", "gender": "M", "shiny": false, "level": 80, "moves": ["icebeam", "shellsmash", "earthquake", "hydropump"], "ability": "Torrent", "evs": {"hp": 85, "atk": 85, "def": 85, "spa": 85, "spd": 85, "spe": 85}, "ivs": {"hp": 31, "atk": 31, "def": 31, "spa": 31, "spd": 31, "spe": 31}, "item": "White Herb", "teraType": "Ground", "role": "Setup Sweeper", "bvs": {"hp": 79, "atk": 83, "def": 100, "spa": 85, "spd": 105, "spe": 78}, "stats": {"hp": 258, "atk": 179, "def": 206, "spa": 182, "spd": 214, "spe": 171}, "types": ["Water"]}, "Houndstone": {"name": "Houndstone", "species": "Houndstone", "speciesId": "houndstone", "gender": "M", "shiny": false, "level": 86, "moves": ["playrough", "poltergeist", "bodypress", "shadowsneak"], "ability": "Fluffy", "evs": {"hp": 85, "atk": 85, "def": 85, "spa": 85, "spd": 85, "spe": 85}, "ivs": {"hp": 31, "atk": 31, "def": 31, "spa": 31, "spd": 31, "spe": 31}, "item": "Assault Vest", "teraType": "Fairy", "role": "AV Pivot", "bvs": {"hp": 72, "atk": 101, "def": 100, "spa": 50, "spd": 97, "spe": 68}, "stats": {"hp": 264, "atk": 223, "def": 221, "spa": 135, "spd": 216, "spe": 166}, "types": ["Ghost"]}, "Swalot": {"name": "Swalot", "species": "Swalot", "speciesId": "swalot", "gender": "M", "shiny": false, "level": 90, "moves": ["protect", "earthquake", "toxic", "sludgebomb"], "ability": "Liquid Ooze", "evs": {"hp": 85, "atk": 85, "def": 85, "spa": 85, "spd": 85, "spe": 85}, "ivs": {"hp": 31, "atk": 31, "def": 31, "spa": 31, "spd": 31, "spe": 31}, "item": "Leftovers", "teraType": "Ground", "role": "Bulky Support", "bvs": {"hp": 100, "atk": 73, "def": 83, "spa": 73, "spd": 83, "spe": 55}, "stats": {"hp": 326, "atk": 183, "def": 201, "spa": 183, "spd": 201, "spe": 150}, "types": ["Poison"]}, "Meloetta": {"name": "Meloetta", "species": "Meloetta", "speciesId": "meloetta", "gender": "N", "shiny": false, "level": 82, "moves": ["uturn", "focusblast", "hypervoice", "psyshock"], "ability": "Serene Grace", "evs": {"hp": 85, "atk": 85, "def": 85, "spa": 85, "spd": 85, "spe": 85}, "ivs": {"hp": 31, "atk": 31, "def": 31, "spa": 31, "spd": 31, "spe": 31}, "item": "Choice Specs", "teraType": "Normal", "role": "Bulky Attacker", "bvs": {"hp": 100, "atk": 77, "def": 77, "spa": 128, "spd": 128, "spe": 90}, "stats": {"hp": 298, "atk": 173, "def": 173, "spa": 257, "spd": 257, "spe": 195}, "types": ["Normal", "Psychic"]}}]}