{"id": "gen9randombattle-2641260140", "format": "[Gen 9] Random Battle", "players": ["Sowla", "notmetbh102"], "log": "|badge|p2|bronze|gen9randombattle|100-9\n|html|<div class=\"broadcast-red\"><strong>This battle is required to be public due to one or more player having a season medal.</strong><br />During the public phase, you can discuss the state of the ladder <a href=\"/seasondiscussion\">in a special chatroom.</a></div>\n|uhtml|medal-msg|<div class=\"broadcast-blue\">Curious what those medals under the avatar are? PS now has Ladder Seasons! For more information, check out the <a href=\"https://www.smogon.com/forums/threads/3740067/\">thread on Smogon.</a></div>\n|j|\u203dSowla\n|j|\u2606notmetbh102\n|t:|1782760328\n|gametype|singles\n|player|p1|Sowla|1|2066\n|player|p2|notmetbh102|2|2239\n|gen|9\n|tier|[Gen 9] Random Battle\n|rated|\n|rule|Species Clause: Limit one of each Pok\u00e9mon\n|rule|HP Percentage Mod: HP is shown in percentages\n|rule|Sleep Clause Mod: Limit one foe put to sleep\n|rule|Illusion Level Mod: Illusion disguises the Pok\u00e9mon's true level\n|\n|t:|1782760328\n|teamsize|p1|6\n|teamsize|p2|6\n|start\n|switch|p1a: Primarina|Primarina, L83, F|268/268\n|switch|p2a: Lilligant|Lilligant-Hisui, L79, F|240/240\n|turn|1\n|inactive|Battle timer is ON: inactive players will automatically lose when time's up. (requested by notmetbh102)\n|inactive|Sowla also wants the timer to be on.\n|c|\u2606notmetbh102|hf\n|\n|t:|1782760341\n|move|p2a: Lilligant|Sleep Powder|p1a: Primarina|[miss]\n|-miss|p2a: Lilligant|p1a: Primarina\n|move|p1a: Primarina|Draining Kiss|p2a: Lilligant\n|-supereffective|p2a: Lilligant\n|-crit|p2a: Lilligant\n|-damage|p2a: Lilligant|6/240\n|\n|upkeep\n|turn|2\n|\n|t:|1782760356\n|switch|p1a: Coalossal|Coalossal, L89, F|341/341\n|move|p2a: Lilligant|Sleep Powder|p1a: Coalossal\n|-status|p1a: Coalossal|slp|[from] move: Sleep Powder\n|\n|upkeep\n|turn|3\n|\n|t:|1782760360\n|move|p2a: Lilligant|Leaf Blade|p1a: Coalossal\n|-damage|p1a: Coalossal|211/341 slp\n|-status|p2a: Lilligant|brn|[from] ability: Flame Body|[of] p1a: Coalossal\n|-damage|p2a: Lilligant|0 fnt|[from] item: Life Orb\n|faint|p2a: Lilligant\n|cant|p1a: Coalossal|slp\n|\n|upkeep\n|\n|t:|1782760361\n|switch|p2a: Rayquaza|Rayquaza, L72|270/270\n|-ability|p2a: Rayquaza|Air Lock\n|turn|4\n|\n|t:|1782760368\n|switch|p1a: Primarina|Primarina, L83, F|268/268\n|move|p2a: Rayquaza|Swords Dance|p2a: Rayquaza\n|-boost|p2a: Rayquaza|atk|2\n|\n|upkeep\n|turn|5\n|\n|t:|1782760371\n|move|p2a: Rayquaza|Dragon Ascent|p1a: Primarina\n|-damage|p1a: Primarina|0 fnt\n|-unboost|p2a: Rayquaza|def|1\n|-unboost|p2a: Rayquaza|spd|1\n|faint|p1a: Primarina\n|\n|upkeep\n|\n|t:|1782760381\n|switch|p1a: Smeargle|Smeargle, L95, F|258/258\n|turn|6\n|\n|t:|1782760384\n|move|p1a: Smeargle|Spore|p2a: Rayquaza\n|-status|p2a: Rayquaza|slp|[from] move: Spore\n|cant|p2a: Rayquaza|slp\n|\n|upkeep\n|turn|7\n|\n|t:|1782760388\n|move|p1a: Smeargle|Population Bomb|p2a: Rayquaza|[miss]\n|-miss|p1a: Smeargle|p2a: Rayquaza\n|cant|p2a: Rayquaza|slp\n|\n|upkeep\n|turn|8\n|\n|t:|1782760391\n|switch|p2a: Froslass|Froslass, L87, F|263/263\n|move|p1a: Smeargle|Population Bomb|p2a: Froslass\n|-immune|p2a: Froslass\n|\n|upkeep\n|turn|9\n|\n|t:|1782760397\n|switch|p1a: Conkeldurr|Conkeldurr, L80, M|299/299\n|move|p2a: Froslass|Spikes|p1a: Conkeldurr\n|-sidestart|p1: Sowla|Spikes\n|\n|-status|p1a: Conkeldurr|brn|[from] item: Flame Orb\n|upkeep\n|turn|10\n|\n|t:|1782760400\n|switch|p2a: Wigglytuff|Wigglytuff, L96, F|424/424\n|move|p1a: Conkeldurr|Knock Off|p2a: Wigglytuff\n|-resisted|p2a: Wigglytuff\n|-damage|p2a: Wigglytuff|335/424\n|-enditem|p2a: Wigglytuff|Leftovers|[from] move: Knock Off|[of] p1a: Conkeldurr\n|\n|-damage|p1a: Conkeldurr|281/299 brn|[from] brn\n|upkeep\n|turn|11\n|\n|t:|1782760410\n|switch|p1a: Incineroar|Incineroar, L82, M|290/290\n|-damage|p1a: Incineroar|254/290|[from] Spikes\n|-ability|p1a: Incineroar|Intimidate|boost\n|-unboost|p2a: Wigglytuff|atk|1\n|-ability|p2a: Wigglytuff|Competitive|boost\n|-boost|p2a: Wigglytuff|spa|2\n|move|p2a: Wigglytuff|Dazzling Gleam|p1a: Incineroar\n|-damage|p1a: Incineroar|119/290\n|\n|upkeep\n|turn|12\n|\n|t:|1782760413\n|move|p1a: Incineroar|Overheat|p2a: Wigglytuff\n|-damage|p2a: Wigglytuff|196/424\n|-unboost|p1a: Incineroar|spa|2\n|move|p2a: Wigglytuff|Dazzling Gleam|p1a: Incineroar\n|-damage|p1a: Incineroar|0 fnt\n|faint|p1a: Incineroar\n|\n|upkeep\n|\n|t:|1782760422\n|switch|p1a: Lilligant|Lilligant-Hisui, L79, F|240/240\n|-damage|p1a: Lilligant|210/240|[from] Spikes\n|turn|13\n|\n|t:|1782760426\n|move|p1a: Lilligant|Leaf Blade|p2a: Wigglytuff\n|-damage|p2a: Wigglytuff|0 fnt\n|faint|p2a: Wigglytuff\n|\n|upkeep\n|\n|t:|1782760427\n|switch|p2a: Primarina|Primarina, L83, M|268/268\n|turn|14\n|\n|t:|1782760436\n|-terastallize|p2a: Primarina|Fairy\n|move|p1a: Lilligant|Leaf Blade|p2a: Primarina\n|-damage|p2a: Primarina|127/268\n|move|p2a: Primarina|Draining Kiss|p1a: Lilligant\n|-supereffective|p1a: Lilligant\n|-damage|p1a: Lilligant|0 fnt\n|-heal|p2a: Primarina|268/268|[from] drain|[of] p1a: Lilligant\n|faint|p1a: Lilligant\n|\n|upkeep\n|\n|t:|1782760444\n|switch|p1a: Smeargle|Smeargle, L95, F|258/258\n|-damage|p1a: Smeargle|226/258|[from] Spikes\n|turn|15\n|\n|t:|1782760447\n|move|p1a: Smeargle|Shell Smash|p1a: Smeargle\n|-unboost|p1a: Smeargle|def|1\n|-unboost|p1a: Smeargle|spd|1\n|-boost|p1a: Smeargle|atk|2\n|-boost|p1a: Smeargle|spa|2\n|-boost|p1a: Smeargle|spe|2\n|move|p2a: Primarina|Sparkling Aria|p1a: Smeargle\n|-crit|p1a: Smeargle\n|-damage|p1a: Smeargle|0 fnt\n|faint|p1a: Smeargle\n|\n|upkeep\n|-message|Sowla forfeited.\n|\n|win|notmetbh102\n|raw|Sowla's rating: 2066 &rarr; <strong>2055</strong><br />(-11 for losing)\n|raw|notmetbh102's rating: 2239 &rarr; <strong>2250</strong><br />(+11 for winning)\n|c|\u2606notmetbh102|gg\n|l|\u203dSowla\n|player|p1|\n", "inputlog": ">version f8ac14003a5f27e1bdc8d8c59608a773c1cb96e5\n>start {\"formatid\":\"gen9randombattle\",\"seed\":\"sodium,2efe41d560225bf7ca2fcabe003a4d4a\",\"rated\":\"Rated battle\"}\n>player p1 {\"name\":\"Sowla\",\"avatar\":\"1\",\"rating\":2066,\"seed\":\"sodium,588908817605d4ceaa234597c075339b\"}\n>player p2 {\"name\":\"notmetbh102\",\"avatar\":\"2\",\"rating\":2239,\"seed\":\"sodium,67e1611b7845a6b45159c5681b088fea\"}\n>chat \u2606notmetbh102|hf\n>p1 move drainingkiss\n>p2 move sleeppowder\n>p1 switch 6\n>p2 move sleeppowder\n>p1 move willowisp\n>p2 move leafblade\n>p2 switch 3\n>p1 switch 6\n>p2 move swordsdance\n>p1 move drainingkiss\n>p2 move dragonascent\n>p1 switch 3\n>p1 move spore\n>p2 move scaleshot\n>p1 move populationbomb\n>p2 move scaleshot\n>p1 move populationbomb\n>p2 switch 6\n>p1 switch 5\n>p2 move spikes\n>p1 move knockoff\n>p2 switch 4\n>p1 switch 4\n>p2 move dazzlinggleam\n>p1 move overheat\n>p2 move dazzlinggleam\n>p1 switch 2\n>p1 move leafblade\n>p2 move dazzlinggleam\n>p2 switch 2\n>p1 move leafblade\n>p2 move drainingkiss terastallize\n>p1 switch 5\n>p1 move shellsmash\n>p2 move sparklingaria\n>forcelose p1", "uploadtime": 1782760451, "views": 6, "formatid": "gen9randombattle", "rating": 2055, "private": 0, "password": null, "player_dets": [{"name": "Sowla", "avatar": "1", "rating": 2066, "seed": "sodium,588908817605d4ceaa234597c075339b"}, {"name": "notmetbh102", "avatar": "2", "rating": 2239, "seed": "sodium,67e1611b7845a6b45159c5681b088fea"}], "teams_full": [{"Primarina": {"name": "Primarina", "species": "Primarina", "speciesId": "primarina", "gender": "F", "shiny": false, "level": 83, "moves": ["calmmind", "psychic", "sparklingaria", "drainingkiss"], "ability": "Torrent", "evs": {"hp": 85, "atk": 0, "def": 85, "spa": 85, "spd": 85, "spe": 85}, "ivs": {"hp": 31, "atk": 0, "def": 31, "spa": 31, "spd": 31, "spe": 31}, "item": "Leftovers", "teraType": "Steel", "role": "Bulky Attacker", "bvs": {"hp": 80, "atk": 74, "def": 74, "spa": 126, "spd": 116, "spe": 60}, "stats": {"hp": 268, "atk": 127, "def": 171, "spa": 257, "spd": 240, "spe": 147}, "types": ["Water", "Fairy"]}, "Lilligant": {"name": "Lilligant", "species": "Lilligant-Hisui", "speciesId": "lilliganthisui", "gender": "F", "shiny": false, "level": 79, "moves": ["leafblade", "closecombat", "victorydance", "sleeppowder"], "ability": "Hustle", "evs": {"hp": 85, "atk": 85, "def": 85, "spa": 85, "spd": 85, "spe": 85}, "ivs": {"hp": 31, "atk": 31, "def": 31, "spa": 31, "spd": 31, "spe": 31}, "item": "Wide Lens", "teraType": "Fighting", "role": "Setup Sweeper", "bvs": {"hp": 70, "atk": 105, "def": 75, "spa": 50, "spd": 75, "spe": 105}, "stats": {"hp": 240, "atk": 211, "def": 164, "spa": 125, "spd": 164, "spe": 211}, "types": ["Grass", "Fighting"]}, "Smeargle": {"name": "Smeargle", "species": "Smeargle", "speciesId": "smeargle", "gender": "F", "shiny": false, "level": 95, "moves": ["populationbomb", "spore", "powertrip", "shellsmash"], "ability": "Technician", "evs": {"hp": 85, "atk": 85, "def": 85, "spa": 85, "spd": 85, "spe": 85}, "ivs": {"hp": 31, "atk": 31, "def": 31, "spa": 31, "spd": 31, "spe": 31}, "item": "Wide Lens", "teraType": "Ghost", "role": "Setup Sweeper", "bvs": {"hp": 55, "atk": 20, "def": 35, "spa": 20, "spd": 45, "spe": 75}, "stats": {"hp": 258, "atk": 92, "def": 120, "spa": 92, "spd": 139, "spe": 196}, "types": ["Normal"]}, "Incineroar": {"name": "Incineroar", "species": "Incineroar", "speciesId": "incineroar", "gender": "M", "shiny": false, "level": 82, "moves": ["knockoff", "closecombat", "uturn", "overheat"], "ability": "Intimidate", "evs": {"hp": 85, "atk": 85, "def": 85, "spa": 85, "spd": 85, "spe": 85}, "ivs": {"hp": 31, "atk": 31, "def": 31, "spa": 31, "spd": 31, "spe": 31}, "item": "Assault Vest", "teraType": "Water", "role": "AV Pivot", "bvs": {"hp": 95, "atk": 115, "def": 90, "spa": 80, "spd": 90, "spe": 60}, "stats": {"hp": 290, "atk": 236, "def": 195, "spa": 178, "spd": 195, "spe": 146}, "types": ["Fire", "Dark"]}, "Conkeldurr": {"name": "Conkeldurr", "species": "Conkeldurr", "speciesId": "conkeldurr", "gender": "M", "shiny": false, "level": 80, "moves": ["facade", "closecombat", "knockoff", "machpunch"], "ability": "Guts", "evs": {"hp": 85, "atk": 85, "def": 85, "spa": 85, "spd": 85, "spe": 85}, "ivs": {"hp": 31, "atk": 31, "def": 31, "spa": 31, "spd": 31, "spe": 31}, "item": "Flame Orb", "teraType": "Normal", "role": "Wallbreaker", "bvs": {"hp": 105, "atk": 140, "def": 95, "spa": 55, "spd": 65, "spe": 45}, "stats": {"hp": 299, "atk": 270, "def": 198, "spa": 134, "spd": 150, "spe": 118}, "types": ["Fighting"]}, "Coalossal": {"name": "Coalossal", "species": "Coalossal", "speciesId": "coalossal", "gender": "F", "shiny": false, "level": 89, "moves": ["stoneedge", "rapidspin", "willowisp", "overheat"], "ability": "Flame Body", "evs": {"hp": 85, "atk": 85, "def": 85, "spa": 85, "spd": 85, "spe": 85}, "ivs": {"hp": 31, "atk": 31, "def": 31, "spa": 31, "spd": 31, "spe": 31}, "item": "Heavy-Duty Boots", "teraType": "Water", "role": "Bulky Support", "bvs": {"hp": 110, "atk": 80, "def": 120, "spa": 80, "spd": 90, "spe": 30}, "stats": {"hp": 341, "atk": 193, "def": 264, "spa": 193, "spd": 211, "spe": 104}, "types": ["Rock", "Fire"]}}, {"Lilligant": {"name": "Lilligant", "species": "Lilligant-Hisui", "speciesId": "lilliganthisui", "gender": "F", "shiny": false, "level": 79, "moves": ["victorydance", "leafblade", "sleeppowder", "closecombat"], "ability": "Hustle", "evs": {"hp": 85, "atk": 85, "def": 85, "spa": 85, "spd": 85, "spe": 85}, "ivs": {"hp": 31, "atk": 31, "def": 31, "spa": 31, "spd": 31, "spe": 31}, "item": "Life Orb", "teraType": "Steel", "role": "Setup Sweeper", "bvs": {"hp": 70, "atk": 105, "def": 75, "spa": 50, "spd": 75, "spe": 105}, "stats": {"hp": 240, "atk": 211, "def": 164, "spa": 125, "spd": 164, "spe": 211}, "types": ["Grass", "Fighting"]}, "Primarina": {"name": "Primarina", "species": "Primarina", "speciesId": "primarina", "gender": "M", "shiny": false, "level": 83, "moves": ["psychic", "calmmind", "sparklingaria", "drainingkiss"], "ability": "Torrent", "evs": {"hp": 85, "atk": 0, "def": 85, "spa": 85, "spd": 85, "spe": 85}, "ivs": {"hp": 31, "atk": 0, "def": 31, "spa": 31, "spd": 31, "spe": 31}, "item": "Leftovers", "teraType": "Fairy", "role": "Bulky Attacker", "bvs": {"hp": 80, "atk": 74, "def": 74, "spa": 126, "spd": 116, "spe": 60}, "stats": {"hp": 268, "atk": 127, "def": 171, "spa": 257, "spd": 240, "spe": 147}, "types": ["Water", "Fairy"]}, "Rayquaza": {"name": "Rayquaza", "species": "Rayquaza", "speciesId": "rayquaza", "gender": "N", "shiny": false, "level": 72, "moves": ["dragonascent", "earthquake", "swordsdance", "scaleshot"], "ability": "Air Lock", "evs": {"hp": 85, "atk": 85, "def": 85, "spa": 85, "spd": 85, "spe": 85}, "ivs": {"hp": 31, "atk": 31, "def": 31, "spa": 31, "spd": 31, "spe": 31}, "item": "Loaded Dice", "teraType": "Dragon", "role": "Fast Bulky Setup", "bvs": {"hp": 105, "atk": 150, "def": 90, "spa": 150, "spd": 90, "spe": 95}, "stats": {"hp": 270, "atk": 258, "def": 172, "spa": 258, "spd": 172, "spe": 179}, "types": ["Dragon", "Flying"]}, "Wigglytuff": {"name": "Wigglytuff", "species": "Wigglytuff", "speciesId": "wigglytuff", "gender": "F", "shiny": false, "level": 96, "moves": ["wish", "fireblast", "dazzlinggleam", "protect"], "ability": "Competitive", "evs": {"hp": 85, "atk": 0, "def": 85, "spa": 85, "spd": 85, "spe": 85}, "ivs": {"hp": 31, "atk": 0, "def": 31, "spa": 31, "spd": 31, "spe": 31}, "item": "Leftovers", "teraType": "Steel", "role": "Bulky Support", "bvs": {"hp": 140, "atk": 70, "def": 45, "spa": 85, "spd": 50, "spe": 45}, "stats": {"hp": 424, "atk": 139, "def": 141, "spa": 218, "spd": 150, "spe": 141}, "types": ["Normal", "Fairy"]}, "Arceus": {"name": "Arceus", "species": "Arceus-Psychic", "speciesId": "arceuspsychic", "gender": "N", "shiny": false, "level": 69, "moves": ["cosmicpower", "bodypress", "recover", "storedpower"], "ability": "Multitype", "evs": {"hp": 85, "atk": 0, "def": 85, "spa": 85, "spd": 85, "spe": 85}, "ivs": {"hp": 31, "atk": 0, "def": 31, "spa": 31, "spd": 31, "spe": 31}, "item": "Mind Plate", "teraType": "Steel", "role": "Bulky Setup", "bvs": {"hp": 120, "atk": 120, "def": 120, "spa": 120, "spd": 120, "spe": 120}, "stats": {"hp": 280, "atk": 170, "def": 206, "spa": 206, "spd": 206, "spe": 206}, "types": ["Psychic"]}, "Froslass": {"name": "Froslass", "species": "Froslass", "speciesId": "froslass", "gender": "F", "shiny": false, "level": 87, "moves": ["taunt", "spikes", "tripleaxel", "poltergeist"], "ability": "Cursed Body", "evs": {"hp": 81, "atk": 85, "def": 85, "spa": 85, "spd": 85, "spe": 85}, "ivs": {"hp": 31, "atk": 31, "def": 31, "spa": 31, "spd": 31, "spe": 31}, "item": "Wide Lens", "teraType": "Ice", "role": "Fast Support", "bvs": {"hp": 70, "atk": 80, "def": 70, "spa": 80, "spd": 70, "spe": 110}, "stats": {"hp": 263, "atk": 189, "def": 172, "spa": 189, "spd": 172, "spe": 241}, "types": ["Ice", "Ghost"]}}]}