{"id": "gen9randombattle-2641745523", "format": "[Gen 9] Random Battle", "players": ["afkchampion", "buzbee2000"], "log": "|j|\u2606afkchampion\n|j|\u203dbuzbee2000\n|t:|1782836909\n|gametype|singles\n|player|p1|afkchampion|266|2002\n|player|p2|buzbee2000|266|2035\n|gen|9\n|tier|[Gen 9] Random Battle\n|rated|\n|rule|Species Clause: Limit one of each Pok\u00e9mon\n|rule|HP Percentage Mod: HP is shown in percentages\n|rule|Sleep Clause Mod: Limit one foe put to sleep\n|rule|Illusion Level Mod: Illusion disguises the Pok\u00e9mon's true level\n|\n|t:|1782836909\n|teamsize|p1|6\n|teamsize|p2|6\n|start\n|switch|p1a: Landorus|Landorus, L75, M|257/257\n|switch|p2a: Greninja|Greninja, L80, M|246/246\n|turn|1\n|\n|t:|1782836929\n|switch|p2a: Sandy Shocks|Sandy Shocks, L80|267/267\n|switch|p1a: Malamar|Malamar, L82, F|275/275\n|\n|upkeep\n|turn|2\n|\n|t:|1782836958\n|switch|p1a: Landorus|Landorus, L75, M|257/257\n|move|p2a: Sandy Shocks|Stealth Rock|p1a: Landorus\n|-sidestart|p1: afkchampion|move: Stealth Rock\n|\n|upkeep\n|turn|3\n|inactive|Battle timer is ON: inactive players will automatically lose when time's up. (requested by afkchampion)\n|\n|t:|1782836983\n|-end|p2a: Sandy Shocks|Protosynthesis|[silent]\n|switch|p2a: Decidueye|Decidueye, L88, M|281/281\n|move|p1a: Landorus|Stealth Rock|p2a: Decidueye\n|-sidestart|p2: buzbee2000|move: Stealth Rock\n|\n|upkeep\n|turn|4\n|\n|t:|1782836996\n|switch|p1a: Malamar|Malamar, L82, F|275/275\n|-damage|p1a: Malamar|241/275|[from] Stealth Rock\n|move|p2a: Decidueye|Swords Dance|p2a: Decidueye\n|-boost|p2a: Decidueye|atk|2\n|\n|upkeep\n|turn|5\n|\n|t:|1782837002\n|move|p2a: Decidueye|Poltergeist|p1a: Malamar\n|-activate|p1a: Malamar|move: Poltergeist|Chesto Berry\n|-damage|p1a: Malamar|0 fnt\n|faint|p1a: Malamar\n|-damage|p2a: Decidueye|253/281|[from] item: Life Orb\n|\n|upkeep\n|\n|t:|1782837017\n|switch|p1a: Ambipom|Ambipom, L84, F|263/263\n|-damage|p1a: Ambipom|231/263|[from] Stealth Rock\n|turn|6\n|\n|t:|1782837024\n|switch|p2a: Volcarona|Volcarona, L77, M|257/257\n|move|p1a: Ambipom|Knock Off|p2a: Volcarona\n|-damage|p2a: Volcarona|164/257\n|-status|p1a: Ambipom|brn|[from] ability: Flame Body|[of] p2a: Volcarona\n|-enditem|p2a: Volcarona|Heavy-Duty Boots|[from] move: Knock Off|[of] p1a: Ambipom\n|\n|-damage|p1a: Ambipom|215/263 brn|[from] brn\n|upkeep\n|turn|7\n|\n|t:|1782837031\n|move|p1a: Ambipom|Double-Edge|p2a: Volcarona\n|-damage|p2a: Volcarona|61/257\n|-damage|p1a: Ambipom|181/263 brn|[from] Recoil\n|move|p2a: Volcarona|Quiver Dance|p2a: Volcarona\n|-boost|p2a: Volcarona|spa|1\n|-boost|p2a: Volcarona|spd|1\n|-boost|p2a: Volcarona|spe|1\n|\n|-damage|p1a: Ambipom|165/263 brn|[from] brn\n|upkeep\n|turn|8\n|\n|t:|1782837034\n|move|p2a: Volcarona|Fiery Dance|p1a: Ambipom\n|-damage|p1a: Ambipom|0 fnt\n|-boost|p2a: Volcarona|spa|1\n|faint|p1a: Ambipom\n|\n|upkeep\n|\n|t:|1782837041\n|switch|p1a: Breloom|Breloom, L83, M|235/235\n|-damage|p1a: Breloom|221/235|[from] Stealth Rock\n|turn|9\n|\n|t:|1782837045\n|move|p1a: Breloom|Mach Punch|p2a: Volcarona\n|-resisted|p2a: Volcarona\n|-damage|p2a: Volcarona|0 fnt\n|faint|p2a: Volcarona\n|-damage|p1a: Breloom|198/235|[from] item: Life Orb\n|\n|upkeep\n|\n|t:|1782837050\n|switch|p2a: Decidueye|Decidueye, L88, M|253/281\n|-damage|p2a: Decidueye|218/281|[from] Stealth Rock\n|turn|10\n|\n|t:|1782837054\n|move|p2a: Decidueye|Poltergeist|p1a: Breloom|[miss]\n|-miss|p2a: Decidueye|p1a: Breloom\n|move|p1a: Breloom|Rock Tomb|p2a: Decidueye\n|-crit|p2a: Decidueye\n|-damage|p2a: Decidueye|53/281\n|-unboost|p2a: Decidueye|spe|1\n|-damage|p1a: Breloom|175/235|[from] item: Life Orb\n|\n|upkeep\n|turn|11\n|\n|t:|1782837057\n|move|p2a: Decidueye|Shadow Sneak|p1a: Breloom\n|-damage|p1a: Breloom|100/235\n|-damage|p2a: Decidueye|25/281|[from] item: Life Orb\n|move|p1a: Breloom|Rock Tomb|p2a: Decidueye\n|-damage|p2a: Decidueye|0 fnt\n|faint|p2a: Decidueye\n|-damage|p1a: Breloom|77/235|[from] item: Life Orb\n|\n|upkeep\n|\n|t:|1782837064\n|switch|p2a: Keldeo|Keldeo-Resolute, L79|273/273\n|-damage|p2a: Keldeo|256/273|[from] Stealth Rock\n|turn|12\n|\n|t:|1782837074\n|switch|p1a: Scream Tail|Scream Tail, L84|330/330\n|-damage|p1a: Scream Tail|289/330|[from] Stealth Rock\n|move|p2a: Keldeo|Secret Sword|p1a: Scream Tail\n|-resisted|p1a: Scream Tail\n|-crit|p1a: Scream Tail\n|-damage|p1a: Scream Tail|242/330\n|-damage|p2a: Keldeo|229/273|[from] item: Life Orb\n|\n|-heal|p1a: Scream Tail|262/330|[from] item: Leftovers\n|upkeep\n|turn|13\n|\n|t:|1782837084\n|switch|p2a: Sandy Shocks|Sandy Shocks, L80|267/267\n|-damage|p2a: Sandy Shocks|251/267|[from] Stealth Rock\n|move|p1a: Scream Tail|Play Rough|p2a: Sandy Shocks\n|-damage|p2a: Sandy Shocks|181/267\n|-unboost|p2a: Sandy Shocks|atk|1\n|\n|-heal|p1a: Scream Tail|282/330|[from] item: Leftovers\n|-heal|p2a: Sandy Shocks|197/267|[from] item: Leftovers\n|upkeep\n|turn|14\n|\n|t:|1782837090\n|move|p1a: Scream Tail|Wish|p1a: Scream Tail\n|move|p2a: Sandy Shocks|Thunder Wave|p1a: Scream Tail\n|-status|p1a: Scream Tail|par\n|\n|-heal|p2a: Sandy Shocks|213/267|[from] item: Leftovers\n|-heal|p1a: Scream Tail|302/330 par|[from] item: Leftovers\n|upkeep\n|turn|15\n|\n|t:|1782837095\n|-end|p2a: Sandy Shocks|Protosynthesis|[silent]\n|switch|p2a: Cresselia|Cresselia, L80, F|323/323\n|-damage|p2a: Cresselia|283/323|[from] Stealth Rock\n|-end|p1a: Scream Tail|Protosynthesis|[silent]\n|switch|p1a: Breloom|Breloom, L83, M|77/235\n|-damage|p1a: Breloom|63/235|[from] Stealth Rock\n|\n|-heal|p1a: Breloom|228/235|[from] move: Wish|[wisher] Scream Tail\n|-heal|p2a: Cresselia|303/323|[from] item: Leftovers\n|upkeep\n|turn|16\n|\n|t:|1782837103\n|switch|p1a: Iron Treads|Iron Treads, L77|265/265\n|-damage|p1a: Iron Treads|257/265|[from] Stealth Rock\n|move|p2a: Cresselia|Psyshock|p1a: Iron Treads\n|-resisted|p1a: Iron Treads\n|-damage|p1a: Iron Treads|230/265\n|\n|-heal|p2a: Cresselia|323/323|[from] item: Leftovers\n|upkeep\n|turn|17\n|\n|t:|1782837113\n|switch|p2a: Keldeo|Keldeo-Resolute, L79|229/273\n|-damage|p2a: Keldeo|212/273|[from] Stealth Rock\n|move|p1a: Iron Treads|Rapid Spin|p2a: Keldeo\n|-damage|p2a: Keldeo|179/273\n|-boost|p1a: Iron Treads|spe|1\n|-sideend|p1: afkchampion|Stealth Rock|[from] move: Rapid Spin|[of] p1a: Iron Treads\n|\n|upkeep\n|turn|18\n|\n|t:|1782837126\n|-terastallize|p1a: Iron Treads|Water\n|move|p1a: Iron Treads|Earthquake|p2a: Keldeo\n|-damage|p2a: Keldeo|73/273\n|move|p2a: Keldeo|Hydro Pump|p1a: Iron Treads\n|-resisted|p1a: Iron Treads\n|-damage|p1a: Iron Treads|164/265\n|-damage|p2a: Keldeo|46/273|[from] item: Life Orb\n|\n|upkeep\n|turn|19\n|\n|t:|1782837134\n|move|p1a: Iron Treads|Earthquake|p2a: Keldeo\n|-damage|p2a: Keldeo|0 fnt\n|faint|p2a: Keldeo\n|\n|upkeep\n|\n|t:|1782837142\n|switch|p2a: Cresselia|Cresselia, L80, F|323/323\n|-damage|p2a: Cresselia|283/323|[from] Stealth Rock\n|turn|20\n|\n|t:|1782837145\n|move|p1a: Iron Treads|Knock Off|p2a: Cresselia\n|-supereffective|p2a: Cresselia\n|-damage|p2a: Cresselia|161/323\n|-enditem|p2a: Cresselia|Leftovers|[from] move: Knock Off|[of] p1a: Iron Treads\n|move|p2a: Cresselia|Calm Mind|p2a: Cresselia\n|-boost|p2a: Cresselia|spa|1\n|-boost|p2a: Cresselia|spd|1\n|\n|upkeep\n|turn|21\n|\n|t:|1782837151\n|move|p1a: Iron Treads|Iron Head|p2a: Cresselia\n|-damage|p2a: Cresselia|94/323\n|cant|p2a: Cresselia|flinch\n|\n|upkeep\n|turn|22\n|\n|t:|1782837155\n|move|p1a: Iron Treads|Knock Off|p2a: Cresselia\n|-supereffective|p2a: Cresselia\n|-damage|p2a: Cresselia|18/323\n|move|p2a: Cresselia|Moonlight|p2a: Cresselia\n|-heal|p2a: Cresselia|179/323\n|\n|upkeep\n|turn|23\n|\n|t:|1782837159\n|move|p1a: Iron Treads|Iron Head|p2a: Cresselia\n|-damage|p2a: Cresselia|109/323\n|cant|p2a: Cresselia|flinch\n|\n|upkeep\n|turn|24\n|\n|t:|1782837162\n|move|p1a: Iron Treads|Iron Head|p2a: Cresselia\n|-damage|p2a: Cresselia|37/323\n|cant|p2a: Cresselia|flinch\n|\n|upkeep\n|turn|25\n|\n|t:|1782837165\n|move|p1a: Iron Treads|Knock Off|p2a: Cresselia\n|-supereffective|p2a: Cresselia\n|-damage|p2a: Cresselia|0 fnt\n|faint|p2a: Cresselia\n|\n|upkeep\n|-message|buzbee2000 forfeited.\n|\n|win|afkchampion\n|raw|afkchampion's rating: 2002 &rarr; <strong>2024</strong><br />(+22 for winning)\n|raw|buzbee2000's rating: 2035 &rarr; <strong>2013</strong><br />(-22 for losing)\n", "inputlog": ">version f8ac14003a5f27e1bdc8d8c59608a773c1cb96e5\n>start {\"formatid\":\"gen9randombattle\",\"seed\":\"sodium,fc347fe913a80080f2f1015c7d780bf7\",\"rated\":\"Rated battle\"}\n>player p1 {\"name\":\"afkchampion\",\"avatar\":\"266\",\"rating\":2002,\"seed\":\"sodium,aa9427d599304a9bce46e6031ae4afbf\"}\n>player p2 {\"name\":\"buzbee2000\",\"avatar\":\"266\",\"rating\":2035,\"seed\":\"sodium,0b6dd18cee62618483d26aa9f9edf779\"}\n>p1 switch 3\n>p2 switch 2\n>p1 switch 3\n>p2 move stealthrock\n>p1 move stealthrock\n>p2 switch 3\n>p1 switch 3\n>p2 move swordsdance\n>p1 move knockoff\n>p2 move poltergeist\n>p1 switch 6\n>p1 move knockoff\n>p2 switch 4\n>p1 move doubleedge\n>p2 move quiverdance\n>p1 move doubleedge\n>p2 move fierydance\n>p1 switch 4\n>p1 move machpunch\n>p2 move fierydance\n>p2 switch 4\n>p1 move rocktomb\n>p2 move poltergeist\n>p1 move rocktomb\n>p2 move shadowsneak\n>p2 switch 5\n>p1 switch 2\n>p2 move secretsword\n>p1 move playrough\n>p2 switch 3\n>p1 move wish\n>p2 move thunderwave\n>p1 switch 2\n>p2 switch 6\n>p1 switch 5\n>p2 move psyshock\n>p1 move rapidspin\n>p2 switch 3\n>p1 move earthquake terastallize\n>p2 move hydropump\n>p1 move earthquake\n>p2 move secretsword\n>p2 switch 3\n>p1 move knockoff\n>p2 move calmmind\n>p1 move ironhead\n>p2 move moonlight\n>p1 move knockoff\n>p2 move moonlight\n>p1 move ironhead\n>p2 move moonlight\n>p1 move ironhead\n>p2 move moonlight\n>p1 move knockoff\n>p2 move moonlight\n>forcelose p2", "uploadtime": 1782836911, "views": 8, "formatid": "gen9randombattle", "rating": 2013, "private": 0, "password": null, "player_dets": [{"name": "afkchampion", "avatar": "266", "rating": 2002, "seed": "sodium,aa9427d599304a9bce46e6031ae4afbf"}, {"name": "buzbee2000", "avatar": "266", "rating": 2035, "seed": "sodium,0b6dd18cee62618483d26aa9f9edf779"}], "teams_full": [{"Landorus": {"name": "Landorus", "species": "Landorus", "speciesId": "landorus", "gender": "M", "shiny": false, "level": 75, "moves": ["rockslide", "earthpower", "stealthrock", "sludgewave"], "ability": "Sheer Force", "evs": {"hp": 85, "atk": 85, "def": 85, "spa": 85, "spd": 85, "spe": 85}, "ivs": {"hp": 31, "atk": 31, "def": 31, "spa": 31, "spd": 31, "spe": 31}, "item": "Life Orb", "teraType": "Poison", "role": "Fast Attacker", "bvs": {"hp": 89, "atk": 125, "def": 90, "spa": 115, "spd": 80, "spe": 101}, "stats": {"hp": 257, "atk": 231, "def": 179, "spa": 216, "spd": 164, "spe": 195}, "types": ["Ground", "Flying"]}, "Scream Tail": {"name": "Scream Tail", "species": "Scream Tail", "speciesId": "screamtail", "gender": "N", "shiny": false, "level": 84, "moves": ["wish", "encore", "protect", "playrough"], "ability": "Protosynthesis", "evs": {"hp": 85, "atk": 85, "def": 85, "spa": 85, "spd": 85, "spe": 85}, "ivs": {"hp": 31, "atk": 31, "def": 31, "spa": 31, "spd": 31, "spe": 31}, "item": "Leftovers", "teraType": "Steel", "role": "Bulky Support", "bvs": {"hp": 115, "atk": 65, "def": 99, "spa": 65, "spd": 115, "spe": 111}, "stats": {"hp": 330, "atk": 157, "def": 215, "spa": 157, "spd": 241, "spe": 235}, "types": ["Fairy", "Psychic"]}, "Malamar": {"name": "Malamar", "species": "Malamar", "speciesId": "malamar", "gender": "F", "shiny": false, "level": 82, "moves": ["psychocut", "rest", "superpower", "knockoff"], "ability": "Contrary", "evs": {"hp": 85, "atk": 85, "def": 85, "spa": 85, "spd": 85, "spe": 85}, "ivs": {"hp": 31, "atk": 31, "def": 31, "spa": 31, "spd": 31, "spe": 31}, "item": "Chesto Berry", "teraType": "Steel", "role": "Fast Bulky Setup", "bvs": {"hp": 86, "atk": 92, "def": 88, "spa": 68, "spd": 75, "spe": 73}, "stats": {"hp": 275, "atk": 198, "def": 191, "spa": 159, "spd": 170, "spe": 167}, "types": ["Dark", "Psychic"]}, "Breloom": {"name": "Breloom", "species": "Breloom", "speciesId": "breloom", "gender": "M", "shiny": false, "level": 83, "moves": ["spore", "bulletseed", "machpunch", "rocktomb"], "ability": "Technician", "evs": {"hp": 85, "atk": 85, "def": 85, "spa": 85, "spd": 85, "spe": 85}, "ivs": {"hp": 31, "atk": 31, "def": 31, "spa": 31, "spd": 31, "spe": 31}, "item": "Life Orb", "teraType": "Fighting", "role": "Fast Attacker", "bvs": {"hp": 60, "atk": 130, "def": 80, "spa": 60, "spd": 60, "spe": 70}, "stats": {"hp": 235, "atk": 263, "def": 180, "spa": 147, "spd": 147, "spe": 164}, "types": ["Grass", "Fighting"]}, "Iron Treads": {"name": "Iron Treads", "species": "Iron Treads", "speciesId": "irontreads", "gender": "N", "shiny": false, "level": 77, "moves": ["ironhead", "rapidspin", "earthquake", "knockoff"], "ability": "Quark Drive", "evs": {"hp": 85, "atk": 85, "def": 85, "spa": 85, "spd": 85, "spe": 85}, "ivs": {"hp": 31, "atk": 31, "def": 31, "spa": 31, "spd": 31, "spe": 31}, "item": "Assault Vest", "teraType": "Water", "role": "Bulky Support", "bvs": {"hp": 90, "atk": 112, "def": 120, "spa": 72, "spd": 70, "spe": 106}, "stats": {"hp": 265, "atk": 217, "def": 229, "spa": 155, "spd": 152, "spe": 208}, "types": ["Ground", "Steel"]}, "Ambipom": {"name": "Ambipom", "species": "Ambipom", "speciesId": "ambipom", "gender": "F", "shiny": false, "level": 84, "moves": ["knockoff", "uturn", "doubleedge", "fakeout"], "ability": "Technician", "evs": {"hp": 85, "atk": 85, "def": 85, "spa": 85, "spd": 85, "spe": 85}, "ivs": {"hp": 31, "atk": 31, "def": 31, "spa": 31, "spd": 31, "spe": 31}, "item": "Silk Scarf", "teraType": "Normal", "role": "Wallbreaker", "bvs": {"hp": 75, "atk": 100, "def": 66, "spa": 60, "spd": 66, "spe": 115}, "stats": {"hp": 263, "atk": 216, "def": 159, "spa": 149, "spd": 159, "spe": 241}, "types": ["Normal"]}}, {"Greninja": {"name": "Greninja", "species": "Greninja-Bond", "speciesId": "greninjabond", "gender": "M", "shiny": false, "level": 80, "moves": ["hydropump", "darkpulse", "gunkshot", "icebeam"], "ability": "Battle Bond", "evs": {"hp": 85, "atk": 85, "def": 85, "spa": 85, "spd": 85, "spe": 85}, "ivs": {"hp": 31, "atk": 31, "def": 31, "spa": 31, "spd": 31, "spe": 31}, "item": "Life Orb", "teraType": "Poison", "role": "Fast Attacker", "bvs": {"hp": 72, "atk": 95, "def": 67, "spa": 103, "spd": 71, "spe": 122}, "stats": {"hp": 246, "atk": 198, "def": 153, "spa": 211, "spd": 160, "spe": 241}, "types": ["Water", "Dark"]}, "Sandy Shocks": {"name": "Sandy Shocks", "species": "Sandy Shocks", "speciesId": "sandyshocks", "gender": "N", "shiny": false, "level": 80, "moves": ["stealthrock", "earthpower", "thunderwave", "thunderbolt"], "ability": "Protosynthesis", "evs": {"hp": 85, "atk": 0, "def": 85, "spa": 85, "spd": 85, "spe": 85}, "ivs": {"hp": 31, "atk": 0, "def": 31, "spa": 31, "spd": 31, "spe": 31}, "item": "Leftovers", "teraType": "Ground", "role": "Fast Support", "bvs": {"hp": 85, "atk": 81, "def": 97, "spa": 121, "spd": 85, "spe": 101}, "stats": {"hp": 267, "atk": 134, "def": 201, "spa": 240, "spd": 182, "spe": 208}, "types": ["Electric", "Ground"]}, "Decidueye": {"name": "Decidueye", "species": "Decidueye", "speciesId": "decidueye", "gender": "M", "shiny": false, "level": 88, "moves": ["leafblade", "swordsdance", "poltergeist", "shadowsneak"], "ability": "Overgrow", "evs": {"hp": 85, "atk": 85, "def": 85, "spa": 85, "spd": 85, "spe": 85}, "ivs": {"hp": 31, "atk": 31, "def": 31, "spa": 31, "spd": 31, "spe": 31}, "item": "Life Orb", "teraType": "Ghost", "role": "Setup Sweeper", "bvs": {"hp": 78, "atk": 107, "def": 75, "spa": 100, "spd": 100, "spe": 70}, "stats": {"hp": 281, "atk": 239, "def": 182, "spa": 226, "spd": 226, "spe": 173}, "types": ["Grass", "Ghost"]}, "Volcarona": {"name": "Volcarona", "species": "Volcarona", "speciesId": "volcarona", "gender": "M", "shiny": false, "level": 77, "moves": ["quiverdance", "terablast", "fierydance", "bugbuzz"], "ability": "Flame Body", "evs": {"hp": 85, "atk": 0, "def": 85, "spa": 85, "spd": 85, "spe": 85}, "ivs": {"hp": 31, "atk": 0, "def": 31, "spa": 31, "spd": 31, "spe": 31}, "item": "Heavy-Duty Boots", "teraType": "Ground", "role": "Tera Blast user", "bvs": {"hp": 85, "atk": 60, "def": 65, "spa": 135, "spd": 105, "spe": 100}, "stats": {"hp": 257, "atk": 97, "def": 145, "spa": 252, "spd": 206, "spe": 199}, "types": ["Bug", "Fire"]}, "Keldeo": {"name": "Keldeo", "species": "Keldeo-Resolute", "speciesId": "keldeoresolute", "gender": "N", "shiny": false, "level": 79, "moves": ["secretsword", "calmmind", "hydropump", "airslash"], "ability": "Justified", "evs": {"hp": 85, "atk": 0, "def": 85, "spa": 85, "spd": 85, "spe": 85}, "ivs": {"hp": 31, "atk": 0, "def": 31, "spa": 31, "spd": 31, "spe": 31}, "item": "Life Orb", "teraType": "Water", "role": "Fast Attacker", "bvs": {"hp": 91, "atk": 72, "def": 90, "spa": 129, "spd": 90, "spe": 108}, "stats": {"hp": 273, "atk": 118, "def": 188, "spa": 249, "spd": 188, "spe": 216}, "types": ["Water", "Fighting"]}, "Cresselia": {"name": "Cresselia", "species": "Cresselia", "speciesId": "cresselia", "gender": "F", "shiny": false, "level": 80, "moves": ["moonblast", "moonlight", "calmmind", "psyshock"], "ability": "Levitate", "evs": {"hp": 85, "atk": 0, "def": 85, "spa": 85, "spd": 85, "spe": 85}, "ivs": {"hp": 31, "atk": 0, "def": 31, "spa": 31, "spd": 31, "spe": 31}, "item": "Leftovers", "teraType": "Poison", "role": "Bulky Setup", "bvs": {"hp": 120, "atk": 70, "def": 110, "spa": 75, "spd": 120, "spe": 85}, "stats": {"hp": 323, "atk": 117, "def": 222, "spa": 166, "spd": 238, "spe": 182}, "types": ["Psychic"]}}]}