{"id": "gen9randombattle-2641488028", "format": "[Gen 9] Random Battle", "players": ["ch3test8", "Dewist"], "log": "|j|\u2606ch3test8\n|j|\u2606Dewist\n|t:|1782792968\n|gametype|singles\n|player|p1|ch3test8|2|2001\n|player|p2|Dewist|sabrina|1959\n|gen|9\n|tier|[Gen 9] Random Battle\n|rated|\n|rule|Species Clause: Limit one of each Pok\u00e9mon\n|rule|HP Percentage Mod: HP is shown in percentages\n|rule|Sleep Clause Mod: Limit one foe put to sleep\n|rule|Illusion Level Mod: Illusion disguises the Pok\u00e9mon's true level\n|\n|t:|1782792968\n|teamsize|p1|6\n|teamsize|p2|6\n|start\n|switch|p1a: Klawf|Klawf, L90, F|272/272\n|switch|p2a: Vigoroth|Vigoroth, L85, M|275/275\n|turn|1\n|\n|t:|1782792990\n|switch|p1a: Malamar|Malamar, L82, M|275/275\n|move|p2a: Vigoroth|Bulk Up|p2a: Vigoroth\n|-boost|p2a: Vigoroth|atk|1\n|-boost|p2a: Vigoroth|def|1\n|\n|upkeep\n|turn|2\n|inactive|Battle timer is ON: inactive players will automatically lose when time's up. (requested by ch3test8)\n|\n|t:|1782792998\n|switch|p2a: Calyrex|Calyrex-Shadow, L64|235/235\n|-ability|p2a: Calyrex|As One\n|-ability|p2a: Calyrex|Unnerve\n|move|p1a: Malamar|Superpower|p2a: Calyrex\n|-immune|p2a: Calyrex\n|\n|upkeep\n|turn|3\n|\n|t:|1782793002\n|move|p2a: Calyrex|Pollen Puff|p1a: Malamar\n|-supereffective|p1a: Malamar\n|-damage|p1a: Malamar|0 fnt\n|faint|p1a: Malamar\n|-ability|p2a: Calyrex|Grim Neigh|boost\n|-boost|p2a: Calyrex|spa|1\n|-damage|p2a: Calyrex|212/235|[from] item: Life Orb\n|\n|upkeep\n|\n|t:|1782793011\n|switch|p1a: Ambipom|Ambipom, L84, F|263/263\n|turn|4\n|\n|t:|1782793021\n|switch|p2a: Klefki|Klefki, L84, M|233/233\n|move|p1a: Ambipom|Knock Off|p2a: Klefki\n|-resisted|p2a: Klefki\n|-damage|p2a: Klefki|201/233\n|-enditem|p2a: Klefki|Leftovers|[from] move: Knock Off|[of] p1a: Ambipom\n|\n|upkeep\n|turn|5\n|\n|t:|1782793035\n|switch|p1a: Torkoal|Torkoal, L88, M|266/266\n|-weather|SunnyDay|[from] ability: Drought|[of] p1a: Torkoal\n|move|p2a: Klefki|Spikes|p1a: Torkoal\n|-sidestart|p1: ch3test8|Spikes\n|\n|-weather|SunnyDay|[upkeep]\n|upkeep\n|turn|6\n|\n|t:|1782793041\n|switch|p2a: Rhydon|Rhydon, L85, M|317/317\n|move|p1a: Torkoal|Stealth Rock|p2a: Rhydon\n|-sidestart|p2: Dewist|move: Stealth Rock\n|\n|-weather|SunnyDay|[upkeep]\n|upkeep\n|turn|7\n|\n|t:|1782793052\n|move|p2a: Rhydon|Earthquake|p1a: Torkoal\n|-supereffective|p1a: Torkoal\n|-damage|p1a: Torkoal|92/266\n|move|p1a: Torkoal|Solar Beam||[still]\n|-prepare|p1a: Torkoal|Solar Beam\n|-anim|p1a: Torkoal|Solar Beam|p2a: Rhydon\n|-supereffective|p2a: Rhydon\n|-damage|p2a: Rhydon|0 fnt\n|faint|p2a: Rhydon\n|\n|-weather|SunnyDay|[upkeep]\n|upkeep\n|\n|t:|1782793060\n|switch|p2a: Vikavolt|Vikavolt, L83, M|263/263\n|turn|8\n|\n|t:|1782793063\n|move|p2a: Vikavolt|Discharge|p1a: Torkoal\n|-damage|p1a: Torkoal|0 fnt\n|faint|p1a: Torkoal\n|\n|-weather|SunnyDay|[upkeep]\n|upkeep\n|\n|t:|1782793076\n|switch|p1a: Klawf|Klawf, L90, F|272/272\n|-damage|p1a: Klawf|238/272|[from] Spikes\n|turn|9\n|\n|t:|1782793104\n|move|p1a: Klawf|Swords Dance|p1a: Klawf\n|-boost|p1a: Klawf|atk|2\n|move|p2a: Vikavolt|Sticky Web|p1a: Klawf\n|-sidestart|p1: ch3test8|move: Sticky Web\n|\n|-weather|none\n|upkeep\n|turn|10\n|\n|t:|1782793110\n|move|p1a: Klawf|Stone Edge|p2a: Vikavolt\n|-supereffective|p2a: Vikavolt\n|-crit|p2a: Vikavolt\n|-damage|p2a: Vikavolt|0 fnt\n|faint|p2a: Vikavolt\n|\n|upkeep\n|\n|t:|1782793118\n|switch|p2a: Vigoroth|Vigoroth, L85, M|275/275\n|-damage|p2a: Vigoroth|241/275|[from] Stealth Rock\n|turn|11\n|\n|t:|1782793124\n|move|p2a: Vigoroth|Bulk Up|p2a: Vigoroth\n|-boost|p2a: Vigoroth|atk|1\n|-boost|p2a: Vigoroth|def|1\n|move|p1a: Klawf|Stone Edge|p2a: Vigoroth\n|-crit|p2a: Vigoroth\n|-damage|p2a: Vigoroth|0 fnt\n|faint|p2a: Vigoroth\n|\n|upkeep\n|\n|t:|1782793131\n|switch|p2a: Klefki|Klefki, L84, M|201/233\n|-damage|p2a: Klefki|187/233|[from] Stealth Rock\n|turn|12\n|\n|t:|1782793135\n|-terastallize|p1a: Klawf|Ground\n|move|p2a: Klefki|Magnet Rise|p2a: Klefki\n|-start|p2a: Klefki|Magnet Rise\n|move|p1a: Klawf|High Horsepower|p2a: Klefki\n|-immune|p2a: Klefki\n|\n|upkeep\n|turn|13\n|\n|t:|1782793142\n|move|p1a: Klawf|Crabhammer|p2a: Klefki\n|-crit|p2a: Klefki\n|-damage|p2a: Klefki|0 fnt\n|faint|p2a: Klefki\n|\n|upkeep\n|c|\u2606Dewist|bro what are these crits\n|\n|t:|1782793151\n|switch|p2a: Regigigas|Regigigas, L84|322/322\n|-damage|p2a: Regigigas|282/322|[from] Stealth Rock\n|-start|p2a: Regigigas|ability: Slow Start\n|turn|14\n|\n|t:|1782793158\n|move|p1a: Klawf|High Horsepower|p2a: Regigigas\n|-damage|p2a: Regigigas|87/322\n|move|p2a: Regigigas|Body Slam|p1a: Klawf\n|-damage|p1a: Klawf|186/272\n|\n|-heal|p2a: Regigigas|107/322|[from] item: Leftovers\n|upkeep\n|turn|15\n|\n|t:|1782793165\n|move|p1a: Klawf|High Horsepower|p2a: Regigigas\n|-damage|p2a: Regigigas|0 fnt\n|faint|p2a: Regigigas\n|-end|p2a: Regigigas|Slow Start|[silent]\n|\n|upkeep\n|\n|t:|1782793167\n|switch|p2a: Calyrex|Calyrex-Shadow, L64|212/235\n|-ability|p2a: Calyrex|As One\n|-ability|p2a: Calyrex|Unnerve\n|-damage|p2a: Calyrex|183/235|[from] Stealth Rock\n|turn|16\n|\n|t:|1782793178\n|move|p2a: Calyrex|Astral Barrage|p1a: Klawf\n|-damage|p1a: Klawf|0 fnt\n|faint|p1a: Klawf\n|-ability|p2a: Calyrex|Grim Neigh|boost\n|-boost|p2a: Calyrex|spa|1\n|-damage|p2a: Calyrex|160/235|[from] item: Life Orb\n|\n|upkeep\n|\n|t:|1782793193\n|switch|p1a: Toedscruel|Toedscruel, L87, F|281/281\n|-damage|p1a: Toedscruel|246/281|[from] Spikes\n|-activate|p1a: Toedscruel|move: Sticky Web\n|-unboost|p1a: Toedscruel|spe|1\n|turn|17\n|\n|t:|1782793222\n|move|p2a: Calyrex|Pollen Puff|p1a: Toedscruel\n|-supereffective|p1a: Toedscruel\n|-damage|p1a: Toedscruel|74/281\n|-damage|p2a: Calyrex|137/235|[from] item: Life Orb\n|move|p1a: Toedscruel|Spore|p2a: Calyrex\n|-status|p2a: Calyrex|slp|[from] move: Spore\n|\n|-heal|p1a: Toedscruel|91/281|[from] item: Leftovers\n|upkeep\n|turn|18\n|\n|t:|1782793228\n|cant|p2a: Calyrex|slp\n|move|p1a: Toedscruel|Leaf Storm|p2a: Calyrex\n|-damage|p2a: Calyrex|0 fnt\n|-unboost|p1a: Toedscruel|spa|2\n|faint|p2a: Calyrex\n|\n|win|ch3test8\n", "inputlog": ">version f8ac14003a5f27e1bdc8d8c59608a773c1cb96e5\n>start {\"formatid\":\"gen9randombattle\",\"seed\":\"sodium,b783593cb428773533591c30b2cea3f3\",\"rated\":\"Rated battle\"}\n>player p1 {\"name\":\"ch3test8\",\"avatar\":\"2\",\"rating\":2001,\"seed\":\"sodium,c1b6f010e50bcc9ac209af46ce7d3ac6\"}\n>player p2 {\"name\":\"Dewist\",\"avatar\":\"sabrina\",\"rating\":1959,\"seed\":\"sodium,54cf6bbd26f33855cfbe65511dcb2b5a\"}\n>p1 switch 4\n>p2 move bulkup\n>p1 move superpower\n>p2 switch 4\n>p1 move knockoff\n>p2 move pollenpuff\n>p1 switch 3\n>p1 move knockoff\n>p2 switch 6\n>p1 switch 6\n>p2 move spikes\n>p1 move stealthrock\n>p2 switch 5\n>p1 move solarbeam\n>p2 move earthquake\n>p2 switch 3\n>p1 move lavaplume\n>p2 move discharge\n>p1 switch 4\n>p1 move swordsdance\n>p2 move stickyweb\n>p1 move stoneedge\n>p2 move discharge\n>p2 switch 4\n>p1 move stoneedge\n>p2 move bulkup\n>p2 switch 5\n>p1 move highhorsepower terastallize\n>p2 move magnetrise\n>p1 move crabhammer\n>p2 move playrough\n>chat \u2606Dewist|bro what are these crits\n>p2 switch 2\n>p1 move highhorsepower\n>p2 move bodyslam\n>p1 move highhorsepower\n>p2 move bodyslam\n>p2 switch 6\n>p1 move highhorsepower\n>p2 move astralbarrage\n>p1 switch 5\n>p1 move spore\n>p2 move pollenpuff\n>p1 move leafstorm\n>p2 move pollenpuff", "uploadtime": 1782792970, "views": 5, "formatid": "gen9randombattle", "rating": null, "private": 0, "password": null, "player_dets": [{"name": "ch3test8", "avatar": "2", "rating": 2001, "seed": "sodium,c1b6f010e50bcc9ac209af46ce7d3ac6"}, {"name": "Dewist", "avatar": "sabrina", "rating": 1959, "seed": "sodium,54cf6bbd26f33855cfbe65511dcb2b5a"}], "teams_full": [{"Klawf": {"name": "Klawf", "species": "Klawf", "speciesId": "klawf", "gender": "F", "shiny": false, "level": 90, "moves": ["stoneedge", "swordsdance", "crabhammer", "highhorsepower"], "ability": "Anger Shell", "evs": {"hp": 85, "atk": 85, "def": 85, "spa": 85, "spd": 85, "spe": 85}, "ivs": {"hp": 31, "atk": 31, "def": 31, "spa": 31, "spd": 31, "spe": 31}, "item": "Scope Lens", "teraType": "Ground", "role": "Setup Sweeper", "bvs": {"hp": 70, "atk": 100, "def": 115, "spa": 35, "spd": 55, "spe": 75}, "stats": {"hp": 272, "atk": 231, "def": 258, "spa": 114, "spd": 150, "spe": 186}, "types": ["Rock"]}, "Mew": {"name": "Mew", "species": "Mew", "speciesId": "mew", "gender": "N", "shiny": false, "level": 82, "moves": ["nastyplot", "psyshock", "aurasphere", "darkpulse"], "ability": "Synchronize", "evs": {"hp": 85, "atk": 0, "def": 85, "spa": 85, "spd": 85, "spe": 85}, "ivs": {"hp": 31, "atk": 0, "def": 31, "spa": 31, "spd": 31, "spe": 31}, "item": "Life Orb", "teraType": "Fighting", "role": "Fast Bulky Setup", "bvs": {"hp": 100, "atk": 100, "def": 100, "spa": 100, "spd": 100, "spe": 100}, "stats": {"hp": 298, "atk": 169, "def": 211, "spa": 211, "spd": 211, "spe": 211}, "types": ["Psychic"]}, "Ambipom": {"name": "Ambipom", "species": "Ambipom", "speciesId": "ambipom", "gender": "F", "shiny": false, "level": 84, "moves": ["fakeout", "doubleedge", "lowkick", "knockoff"], "ability": "Technician", "evs": {"hp": 85, "atk": 85, "def": 85, "spa": 85, "spd": 85, "spe": 85}, "ivs": {"hp": 31, "atk": 31, "def": 31, "spa": 31, "spd": 31, "spe": 31}, "item": "Silk Scarf", "teraType": "Normal", "role": "Wallbreaker", "bvs": {"hp": 75, "atk": 100, "def": 66, "spa": 60, "spd": 66, "spe": 115}, "stats": {"hp": 263, "atk": 216, "def": 159, "spa": 149, "spd": 159, "spe": 241}, "types": ["Normal"]}, "Malamar": {"name": "Malamar", "species": "Malamar", "speciesId": "malamar", "gender": "M", "shiny": false, "level": 82, "moves": ["knockoff", "sleeptalk", "rest", "superpower"], "ability": "Contrary", "evs": {"hp": 85, "atk": 85, "def": 85, "spa": 85, "spd": 85, "spe": 85}, "ivs": {"hp": 31, "atk": 31, "def": 31, "spa": 31, "spd": 31, "spe": 31}, "item": "Leftovers", "teraType": "Poison", "role": "Bulky Setup", "bvs": {"hp": 86, "atk": 92, "def": 88, "spa": 68, "spd": 75, "spe": 73}, "stats": {"hp": 275, "atk": 198, "def": 191, "spa": 159, "spd": 170, "spe": 167}, "types": ["Dark", "Psychic"]}, "Toedscruel": {"name": "Toedscruel", "species": "Toedscruel", "speciesId": "toedscruel", "gender": "F", "shiny": false, "level": 87, "moves": ["rapidspin", "earthpower", "spore", "leafstorm"], "ability": "Mycelium Might", "evs": {"hp": 85, "atk": 85, "def": 85, "spa": 85, "spd": 85, "spe": 85}, "ivs": {"hp": 31, "atk": 31, "def": 31, "spa": 31, "spd": 31, "spe": 31}, "item": "Leftovers", "teraType": "Water", "role": "Bulky Support", "bvs": {"hp": 80, "atk": 70, "def": 65, "spa": 80, "spd": 120, "spe": 100}, "stats": {"hp": 281, "atk": 172, "def": 163, "spa": 189, "spd": 259, "spe": 224}, "types": ["Ground", "Grass"]}, "Torkoal": {"name": "Torkoal", "species": "Torkoal", "speciesId": "torkoal", "gender": "M", "shiny": false, "level": 88, "moves": ["lavaplume", "solarbeam", "stealthrock", "yawn"], "ability": "Drought", "evs": {"hp": 85, "atk": 0, "def": 85, "spa": 85, "spd": 85, "spe": 85}, "ivs": {"hp": 31, "atk": 0, "def": 31, "spa": 31, "spd": 31, "spe": 31}, "item": "Heavy-Duty Boots", "teraType": "Grass", "role": "Wallbreaker", "bvs": {"hp": 70, "atk": 85, "def": 140, "spa": 85, "spd": 70, "spe": 20}, "stats": {"hp": 266, "atk": 154, "def": 297, "spa": 200, "spd": 173, "spe": 85}, "types": ["Fire"]}}, {"Vigoroth": {"name": "Vigoroth", "species": "Vigoroth", "speciesId": "vigoroth", "gender": "M", "shiny": false, "level": 85, "moves": ["bulkup", "earthquake", "bodyslam", "slackoff"], "ability": "Vital Spirit", "evs": {"hp": 85, "atk": 85, "def": 85, "spa": 85, "spd": 85, "spe": 85}, "ivs": {"hp": 31, "atk": 31, "def": 31, "spa": 31, "spd": 31, "spe": 31}, "item": "Eviolite", "teraType": "Ground", "role": "Bulky Attacker", "bvs": {"hp": 80, "atk": 80, "def": 80, "spa": 55, "spd": 55, "spe": 90}, "stats": {"hp": 275, "atk": 185, "def": 185, "spa": 142, "spd": 142, "spe": 202}, "types": ["Normal"]}, "Regigigas": {"name": "Regigigas", "species": "Regigigas", "speciesId": "regigigas", "gender": "N", "shiny": false, "level": 84, "moves": ["rest", "sleeptalk", "knockoff", "bodyslam"], "ability": "Slow Start", "evs": {"hp": 85, "atk": 85, "def": 85, "spa": 85, "spd": 85, "spe": 85}, "ivs": {"hp": 31, "atk": 31, "def": 31, "spa": 31, "spd": 31, "spe": 31}, "item": "Leftovers", "teraType": "Ghost", "role": "Bulky Support", "bvs": {"hp": 110, "atk": 160, "def": 110, "spa": 80, "spd": 110, "spe": 100}, "stats": {"hp": 322, "atk": 317, "def": 233, "spa": 183, "spd": 233, "spe": 216}, "types": ["Normal"]}, "Vikavolt": {"name": "Vikavolt", "species": "Vikavolt", "speciesId": "vikavolt", "gender": "M", "shiny": false, "level": 83, "moves": ["bugbuzz", "discharge", "voltswitch", "stickyweb"], "ability": "Levitate", "evs": {"hp": 85, "atk": 0, "def": 85, "spa": 85, "spd": 85, "spe": 85}, "ivs": {"hp": 31, "atk": 0, "def": 31, "spa": 31, "spd": 31, "spe": 31}, "item": "Heavy-Duty Boots", "teraType": "Electric", "role": "Bulky Support", "bvs": {"hp": 77, "atk": 70, "def": 90, "spa": 145, "spd": 75, "spe": 43}, "stats": {"hp": 263, "atk": 121, "def": 197, "spa": 288, "spd": 172, "spe": 119}, "types": ["Bug", "Electric"]}, "Calyrex": {"name": "Calyrex", "species": "Calyrex-Shadow", "speciesId": "calyrexshadow", "gender": "N", "shiny": false, "level": 64, "moves": ["pollenpuff", "nastyplot", "psyshock", "astralbarrage"], "ability": "As One (Spectrier)", "evs": {"hp": 85, "atk": 0, "def": 85, "spa": 85, "spd": 85, "spe": 85}, "ivs": {"hp": 31, "atk": 0, "def": 31, "spa": 31, "spd": 31, "spe": 31}, "item": "Life Orb", "teraType": "Dark", "role": "Fast Attacker", "bvs": {"hp": 100, "atk": 85, "def": 80, "spa": 165, "spd": 100, "spe": 150}, "stats": {"hp": 235, "atk": 113, "def": 140, "spa": 249, "spd": 166, "spe": 230}, "types": ["Psychic", "Ghost"]}, "Rhydon": {"name": "Rhydon", "species": "Rhydon", "speciesId": "rhydon", "gender": "M", "shiny": false, "level": 85, "moves": ["swordsdance", "megahorn", "stoneedge", "earthquake"], "ability": "Lightning Rod", "evs": {"hp": 85, "atk": 85, "def": 85, "spa": 85, "spd": 85, "spe": 85}, "ivs": {"hp": 31, "atk": 31, "def": 31, "spa": 31, "spd": 31, "spe": 31}, "item": "Eviolite", "teraType": "Fairy", "role": "Bulky Attacker", "bvs": {"hp": 105, "atk": 130, "def": 120, "spa": 45, "spd": 45, "spe": 40}, "stats": {"hp": 317, "atk": 270, "def": 253, "spa": 125, "spd": 125, "spe": 117}, "types": ["Ground", "Rock"]}, "Klefki": {"name": "Klefki", "species": "Klefki", "speciesId": "klefki", "gender": "M", "shiny": false, "level": 84, "moves": ["playrough", "spikes", "magnetrise", "thunderwave"], "ability": "Prankster", "evs": {"hp": 85, "atk": 85, "def": 85, "spa": 85, "spd": 85, "spe": 85}, "ivs": {"hp": 31, "atk": 31, "def": 31, "spa": 31, "spd": 31, "spe": 31}, "item": "Leftovers", "teraType": "Water", "role": "Bulky Support", "bvs": {"hp": 57, "atk": 80, "def": 91, "spa": 80, "spd": 87, "spe": 75}, "stats": {"hp": 233, "atk": 183, "def": 201, "spa": 183, "spd": 194, "spe": 174}, "types": ["Steel", "Fairy"]}}]}