{"id": "gen9randombattle-2641658439", "format": "[Gen 9] Random Battle", "players": ["TBN15", "umbreon33"], "log": "|j|\u2606TBN15\n|j|\u2606umbreon33\n|t:|1782826068\n|gametype|singles\n|player|p1|TBN15|gambler|1911\n|player|p2|umbreon33|caitlin|1967\n|gen|9\n|tier|[Gen 9] Random Battle\n|rated|\n|rule|Species Clause: Limit one of each Pok\u00e9mon\n|rule|HP Percentage Mod: HP is shown in percentages\n|rule|Sleep Clause Mod: Limit one foe put to sleep\n|rule|Illusion Level Mod: Illusion disguises the Pok\u00e9mon's true level\n|\n|t:|1782826068\n|teamsize|p1|6\n|teamsize|p2|6\n|start\n|switch|p1a: Dusknoir|Dusknoir, L89, F|225/225\n|switch|p2a: Delphox|Delphox, L84, M|263/263\n|-item|p2a: Delphox|Heavy-Duty Boots|[from] ability: Frisk|[of] p1a: Dusknoir\n|turn|1\n|inactive|Battle timer is ON: inactive players will automatically lose when time's up. (requested by umbreon33)\n|inactive|umbreon33 has 120 seconds left.\n|\n|t:|1782826160\n|move|p2a: Delphox|Fire Blast|p1a: Dusknoir\n|-damage|p1a: Dusknoir|140/225\n|move|p1a: Dusknoir|Poltergeist|p2a: Delphox\n|-activate|p2a: Delphox|move: Poltergeist|Heavy-Duty Boots\n|-supereffective|p2a: Delphox\n|-damage|p2a: Delphox|0 fnt\n|faint|p2a: Delphox\n|-damage|p1a: Dusknoir|118/225|[from] item: Life Orb\n|\n|upkeep\n|\n|t:|1782826189\n|switch|p2a: Ogerpon|Ogerpon-Cornerstone, L76, F|247/247\n|turn|2\n|\n|t:|1782826196\n|move|p2a: Ogerpon|Ivy Cudgel|p1a: Dusknoir|[anim] Ivy Cudgel Rock\n|-damage|p1a: Dusknoir|33/225\n|move|p1a: Dusknoir|Poltergeist|p2a: Ogerpon\n|-activate|p2a: Ogerpon|move: Poltergeist|Cornerstone Mask\n|-damage|p2a: Ogerpon|52/247\n|-damage|p1a: Dusknoir|11/225|[from] item: Life Orb\n|\n|upkeep\n|turn|3\n|\n|t:|1782826204\n|move|p1a: Dusknoir|Shadow Sneak|p2a: Ogerpon\n|-damage|p2a: Ogerpon|0 fnt\n|faint|p2a: Ogerpon\n|-damage|p1a: Dusknoir|0 fnt|[from] item: Life Orb\n|faint|p1a: Dusknoir\n|\n|upkeep\n|\n|t:|1782826210\n|switch|p2a: Armarouge|Armarouge, L80, F|267/267\n|switch|p1a: Suicune|Suicune, L82|298/298\n|-ability|p1a: Suicune|Pressure\n|turn|4\n|\n|t:|1782826220\n|-terastallize|p2a: Armarouge|Grass\n|move|p1a: Suicune|Calm Mind|p1a: Suicune\n|-boost|p1a: Suicune|spa|1\n|-boost|p1a: Suicune|spd|1\n|move|p2a: Armarouge|Energy Ball|p1a: Suicune\n|-supereffective|p1a: Suicune\n|-damage|p1a: Suicune|116/298\n|\n|-heal|p1a: Suicune|134/298|[from] item: Leftovers\n|upkeep\n|turn|5\n|inactive|TBN15 has 120 seconds left.\n|\n|t:|1782826269\n|move|p1a: Suicune|Scald|p2a: Armarouge\n|-resisted|p2a: Armarouge\n|-damage|p2a: Armarouge|201/267\n|-status|p2a: Armarouge|brn\n|move|p2a: Armarouge|Energy Ball|p1a: Suicune\n|-supereffective|p1a: Suicune\n|-damage|p1a: Suicune|0 fnt\n|faint|p1a: Suicune\n|\n|-damage|p2a: Armarouge|185/267 brn|[from] brn\n|upkeep\n|\n|t:|1782826282\n|switch|p1a: Raichu|Raichu-Alola, L87, F|246/246\n|turn|6\n|\n|t:|1782826293\n|move|p1a: Raichu|Psyshock|p2a: Armarouge\n|-damage|p2a: Armarouge|53/267 brn\n|move|p2a: Armarouge|Energy Ball|p1a: Raichu\n|-damage|p1a: Raichu|75/246\n|\n|-damage|p2a: Armarouge|37/267 brn|[from] brn\n|upkeep\n|turn|7\n|\n|t:|1782826299\n|move|p1a: Raichu|Psyshock|p2a: Armarouge\n|-damage|p2a: Armarouge|0 fnt\n|faint|p2a: Armarouge\n|\n|upkeep\n|\n|t:|1782826304\n|switch|p2a: Vivillon|Vivillon-High Plains, L83, F|268/268\n|turn|8\n|inactive|TBN15 has 120 seconds left.\n|\n|t:|1782826316\n|switch|p1a: Sawsbuck|Sawsbuck, L88, M|284/284\n|move|p2a: Vivillon|Quiver Dance|p2a: Vivillon\n|-boost|p2a: Vivillon|spa|1\n|-boost|p2a: Vivillon|spd|1\n|-boost|p2a: Vivillon|spe|1\n|\n|upkeep\n|turn|9\n|inactive|TBN15 has 120 seconds left.\n|\n|t:|1782826338\n|-terastallize|p1a: Sawsbuck|Normal\n|move|p2a: Vivillon|Hurricane|p1a: Sawsbuck\n|-damage|p1a: Sawsbuck|85/284\n|move|p1a: Sawsbuck|Headbutt|p2a: Vivillon\n|-damage|p2a: Vivillon|60/268\n|-damage|p1a: Sawsbuck|57/284|[from] item: Life Orb\n|\n|upkeep\n|turn|10\n|\n|t:|1782826346\n|move|p2a: Vivillon|Tera Blast|p1a: Sawsbuck\n|-damage|p1a: Sawsbuck|0 fnt\n|faint|p1a: Sawsbuck\n|\n|upkeep\n|\n|t:|1782826352\n|switch|p1a: Regigigas|Regigigas, L84|322/322\n|-start|p1a: Regigigas|ability: Slow Start\n|turn|11\n|\n|t:|1782826359\n|move|p1a: Regigigas|Protect|p1a: Regigigas\n|-singleturn|p1a: Regigigas|Protect\n|move|p2a: Vivillon|Sleep Powder|p1a: Regigigas\n|-activate|p1a: Regigigas|move: Protect\n|\n|upkeep\n|turn|12\n|inactive|TBN15 has 120 seconds left.\n|\n|t:|1782826369\n|move|p2a: Vivillon|Sleep Powder|p1a: Regigigas\n|-status|p1a: Regigigas|slp|[from] move: Sleep Powder\n|cant|p1a: Regigigas|slp\n|\n|upkeep\n|turn|13\n|\n|t:|1782826372\n|move|p2a: Vivillon|Hurricane|p1a: Regigigas\n|-damage|p1a: Regigigas|195/322 slp\n|-start|p1a: Regigigas|confusion\n|-curestatus|p1a: Regigigas|slp|[msg]\n|-activate|p1a: Regigigas|confusion\n|-damage|p1a: Regigigas|159/322|[from] confusion\n|\n|-heal|p1a: Regigigas|179/322|[from] item: Leftovers\n|upkeep\n|turn|14\n|\n|t:|1782826380\n|move|p2a: Vivillon|Sleep Powder|p1a: Regigigas\n|-status|p1a: Regigigas|slp|[from] move: Sleep Powder\n|cant|p1a: Regigigas|slp\n|\n|-heal|p1a: Regigigas|199/322 slp|[from] item: Leftovers\n|upkeep\n|turn|15\n|\n|t:|1782826384\n|move|p2a: Vivillon|Hurricane|p1a: Regigigas|[miss]\n|-miss|p2a: Vivillon|p1a: Regigigas\n|cant|p1a: Regigigas|slp\n|\n|-heal|p1a: Regigigas|219/322 slp|[from] item: Leftovers\n|-end|p1a: Regigigas|Slow Start\n|upkeep\n|turn|16\n|\n|t:|1782826389\n|move|p2a: Vivillon|Hurricane|p1a: Regigigas\n|-damage|p1a: Regigigas|75/322 slp\n|-curestatus|p1a: Regigigas|slp|[msg]\n|-activate|p1a: Regigigas|confusion\n|move|p1a: Regigigas|Knock Off|p2a: Vivillon\n|-damage|p2a: Vivillon|0 fnt\n|-enditem|p2a: Vivillon|Heavy-Duty Boots|[from] move: Knock Off|[of] p1a: Regigigas\n|faint|p2a: Vivillon\n|\n|-heal|p1a: Regigigas|95/322|[from] item: Leftovers\n|upkeep\n|\n|t:|1782826409\n|switch|p2a: Eternatus|Eternatus, L69|308/308\n|-ability|p2a: Eternatus|Pressure\n|turn|17\n|\n|t:|1782826420\n|-activate|p1a: Regigigas|confusion\n|-damage|p1a: Regigigas|59/322|[from] confusion\n|move|p2a: Eternatus|Meteor Beam||[still]\n|-prepare|p2a: Eternatus|Meteor Beam\n|-boost|p2a: Eternatus|spa|1\n|-enditem|p2a: Eternatus|Power Herb\n|-anim|p2a: Eternatus|Meteor Beam|p1a: Regigigas\n|-damage|p1a: Regigigas|0 fnt\n|faint|p1a: Regigigas\n|-end|p1a: Regigigas|Slow Start|[silent]\n|\n|upkeep\n|\n|t:|1782826423\n|switch|p1a: Raichu|Raichu-Alola, L87, F|75/246\n|turn|18\n|\n|t:|1782826427\n|move|p1a: Raichu|Psyshock|p2a: Eternatus\n|-supereffective|p2a: Eternatus\n|-damage|p2a: Eternatus|8/308\n|move|p2a: Eternatus|Sludge Bomb|p1a: Raichu\n|-damage|p1a: Raichu|0 fnt\n|faint|p1a: Raichu\n|\n|upkeep\n|\n|t:|1782826435\n|switch|p1a: Leafeon|Leafeon, L88, F|258/258\n|turn|19\n|\n|t:|1782826440\n|move|p2a: Eternatus|Sludge Bomb|p1a: Leafeon\n|-supereffective|p1a: Leafeon\n|-damage|p1a: Leafeon|0 fnt\n|faint|p1a: Leafeon\n|\n|win|umbreon33\n", "inputlog": ">version f8ac14003a5f27e1bdc8d8c59608a773c1cb96e5\n>start {\"formatid\":\"gen9randombattle\",\"seed\":\"sodium,e63e5d2b1213c25ecd544aa6bcc3e287\",\"rated\":\"Rated battle\"}\n>player p1 {\"name\":\"TBN15\",\"avatar\":\"gambler\",\"rating\":1911,\"seed\":\"sodium,0baf347741ac264c603f547735a5ff15\"}\n>player p2 {\"name\":\"umbreon33\",\"avatar\":\"caitlin\",\"rating\":1967,\"seed\":\"sodium,0700b91510022479cd2602377e6203bd\"}\n>p1 move poltergeist\n>p2 move fireblast\n>p2 switch 6\n>p1 move poltergeist\n>p2 move ivycudgel\n>p1 move shadowsneak\n>p2 move ivycudgel\n>p1 switch 6\n>p2 switch 3\n>p1 move calmmind\n>p2 move energyball terastallize\n>p1 move scald\n>p2 move energyball\n>p1 switch 5\n>p1 move psyshock\n>p2 move energyball\n>p1 move psyshock\n>p2 move energyball\n>p2 switch 5\n>p1 switch 4\n>p2 move quiverdance\n>p1 move headbutt terastallize\n>p2 move hurricane\n>p1 move headbutt\n>p2 move terablast\n>p1 switch 2\n>p1 move protect\n>p2 move sleeppowder\n>p1 move knockoff\n>p2 move sleeppowder\n>p1 move knockoff\n>p2 move hurricane\n>p1 move knockoff\n>p2 move sleeppowder\n>p1 move knockoff\n>p2 move hurricane\n>p1 move knockoff\n>p2 move hurricane\n>p2 switch 2\n>p1 move protect\n>p2 move meteorbeam\n>p1 switch 4\n>p1 move psyshock\n>p2 move sludgebomb\n>p1 switch 3\n>p1 move knockoff\n>p2 move sludgebomb", "uploadtime": 1782826070, "views": 3, "formatid": "gen9randombattle", "rating": null, "private": 0, "password": null, "player_dets": [{"name": "TBN15", "avatar": "gambler", "rating": 1911, "seed": "sodium,0baf347741ac264c603f547735a5ff15"}, {"name": "umbreon33", "avatar": "caitlin", "rating": 1967, "seed": "sodium,0700b91510022479cd2602377e6203bd"}], "teams_full": [{"Dusknoir": {"name": "Dusknoir", "species": "Dusknoir", "speciesId": "dusknoir", "gender": "F", "shiny": false, "level": 89, "moves": ["painsplit", "poltergeist", "shadowsneak", "earthquake"], "ability": "Frisk", "evs": {"hp": 85, "atk": 85, "def": 85, "spa": 85, "spd": 85, "spe": 85}, "ivs": {"hp": 31, "atk": 31, "def": 31, "spa": 31, "spd": 31, "spe": 31}, "item": "Life Orb", "teraType": "Ground", "role": "Wallbreaker", "bvs": {"hp": 45, "atk": 100, "def": 135, "spa": 65, "spd": 135, "spe": 45}, "stats": {"hp": 225, "atk": 229, "def": 291, "spa": 166, "spd": 291, "spe": 131}, "types": ["Ghost"]}, "Regigigas": {"name": "Regigigas", "species": "Regigigas", "speciesId": "regigigas", "gender": "N", "shiny": false, "level": 84, "moves": ["protect", "substitute", "knockoff", "bodyslam"], "ability": "Slow Start", "evs": {"hp": 85, "atk": 85, "def": 85, "spa": 85, "spd": 85, "spe": 85}, "ivs": {"hp": 31, "atk": 31, "def": 31, "spa": 31, "spd": 31, "spe": 31}, "item": "Leftovers", "teraType": "Poison", "role": "Bulky Attacker", "bvs": {"hp": 110, "atk": 160, "def": 110, "spa": 80, "spd": 110, "spe": 100}, "stats": {"hp": 322, "atk": 317, "def": 233, "spa": 183, "spd": 233, "spe": 216}, "types": ["Normal"]}, "Leafeon": {"name": "Leafeon", "species": "Leafeon", "speciesId": "leafeon", "gender": "F", "shiny": false, "level": 88, "moves": ["substitute", "leafblade", "swordsdance", "knockoff"], "ability": "Chlorophyll", "evs": {"hp": 85, "atk": 85, "def": 85, "spa": 85, "spd": 85, "spe": 85}, "ivs": {"hp": 31, "atk": 31, "def": 31, "spa": 31, "spd": 31, "spe": 31}, "item": "Leftovers", "teraType": "Dark", "role": "Setup Sweeper", "bvs": {"hp": 65, "atk": 110, "def": 130, "spa": 60, "spd": 65, "spe": 95}, "stats": {"hp": 258, "atk": 244, "def": 279, "spa": 156, "spd": 165, "spe": 217}, "types": ["Grass"]}, "Sawsbuck": {"name": "Sawsbuck", "species": "Sawsbuck", "speciesId": "sawsbuck", "gender": "M", "shiny": false, "level": 88, "moves": ["swordsdance", "highhorsepower", "headbutt", "hornleech"], "ability": "Serene Grace", "evs": {"hp": 85, "atk": 85, "def": 85, "spa": 85, "spd": 85, "spe": 85}, "ivs": {"hp": 31, "atk": 31, "def": 31, "spa": 31, "spd": 31, "spe": 31}, "item": "Life Orb", "teraType": "Normal", "role": "Fast Attacker", "bvs": {"hp": 80, "atk": 100, "def": 70, "spa": 60, "spd": 70, "spe": 95}, "stats": {"hp": 284, "atk": 226, "def": 173, "spa": 156, "spd": 173, "spe": 217}, "types": ["Normal", "Grass"]}, "Raichu": {"name": "Raichu", "species": "Raichu-Alola", "speciesId": "raichualola", "gender": "F", "shiny": false, "level": 87, "moves": ["thunderbolt", "grassknot", "psyshock", "focusblast"], "ability": "Surge Surfer", "evs": {"hp": 85, "atk": 0, "def": 85, "spa": 85, "spd": 85, "spe": 85}, "ivs": {"hp": 31, "atk": 0, "def": 31, "spa": 31, "spd": 31, "spe": 31}, "item": "Choice Specs", "teraType": "Fighting", "role": "Fast Attacker", "bvs": {"hp": 60, "atk": 85, "def": 50, "spa": 95, "spd": 85, "spe": 110}, "stats": {"hp": 246, "atk": 152, "def": 137, "spa": 215, "spd": 198, "spe": 241}, "types": ["Electric", "Psychic"]}, "Suicune": {"name": "Suicune", "species": "Suicune", "speciesId": "suicune", "gender": "N", "shiny": false, "level": 82, "moves": ["scald", "substitute", "protect", "calmmind"], "ability": "Pressure", "evs": {"hp": 85, "atk": 0, "def": 85, "spa": 85, "spd": 85, "spe": 85}, "ivs": {"hp": 31, "atk": 0, "def": 31, "spa": 31, "spd": 31, "spe": 31}, "item": "Leftovers", "teraType": "Steel", "role": "Fast Support", "bvs": {"hp": 100, "atk": 75, "def": 115, "spa": 90, "spd": 115, "spe": 85}, "stats": {"hp": 298, "atk": 127, "def": 236, "spa": 195, "spd": 236, "spe": 187}, "types": ["Water"]}}, {"Delphox": {"name": "Delphox", "species": "Delphox", "speciesId": "delphox", "gender": "M", "shiny": false, "level": 84, "moves": ["nastyplot", "fireblast", "psyshock", "grassknot"], "ability": "Blaze", "evs": {"hp": 85, "atk": 0, "def": 85, "spa": 85, "spd": 85, "spe": 85}, "ivs": {"hp": 31, "atk": 0, "def": 31, "spa": 31, "spd": 31, "spe": 31}, "item": "Heavy-Duty Boots", "teraType": "Grass", "role": "Fast Attacker", "bvs": {"hp": 75, "atk": 69, "def": 72, "spa": 114, "spd": 100, "spe": 104}, "stats": {"hp": 263, "atk": 120, "def": 169, "spa": 240, "spd": 216, "spe": 223}, "types": ["Fire", "Psychic"]}, "Eternatus": {"name": "Eternatus", "species": "Eternatus", "speciesId": "eternatus", "gender": "N", "shiny": false, "level": 69, "moves": ["meteorbeam", "sludgebomb", "fireblast", "dynamaxcannon"], "ability": "Pressure", "evs": {"hp": 85, "atk": 0, "def": 85, "spa": 85, "spd": 85, "spe": 85}, "ivs": {"hp": 31, "atk": 0, "def": 31, "spa": 31, "spd": 31, "spe": 31}, "item": "Power Herb", "teraType": "Poison", "role": "Setup Sweeper", "bvs": {"hp": 140, "atk": 85, "def": 95, "spa": 145, "spd": 95, "spe": 130}, "stats": {"hp": 308, "atk": 122, "def": 171, "spa": 240, "spd": 171, "spe": 220}, "types": ["Poison", "Dragon"]}, "Armarouge": {"name": "Armarouge", "species": "Armarouge", "speciesId": "armarouge", "gender": "F", "shiny": false, "level": 80, "moves": ["psyshock", "energyball", "focusblast", "armorcannon"], "ability": "Weak Armor", "evs": {"hp": 85, "atk": 0, "def": 85, "spa": 85, "spd": 85, "spe": 85}, "ivs": {"hp": 31, "atk": 0, "def": 31, "spa": 31, "spd": 31, "spe": 31}, "item": "Choice Specs", "teraType": "Grass", "role": "Wallbreaker", "bvs": {"hp": 85, "atk": 60, "def": 100, "spa": 125, "spd": 80, "spe": 75}, "stats": {"hp": 267, "atk": 101, "def": 206, "spa": 246, "spd": 174, "spe": 166}, "types": ["Fire", "Psychic"]}, "Hitmontop": {"name": "Hitmontop", "species": "Hitmontop", "speciesId": "hitmontop", "gender": "M", "shiny": false, "level": 88, "moves": ["closecombat", "tripleaxel", "bulkup", "rapidspin"], "ability": "Technician", "evs": {"hp": 85, "atk": 85, "def": 85, "spa": 85, "spd": 85, "spe": 85}, "ivs": {"hp": 31, "atk": 31, "def": 31, "spa": 31, "spd": 31, "spe": 31}, "item": "Leftovers", "teraType": "Ice", "role": "Bulky Setup", "bvs": {"hp": 50, "atk": 95, "def": 95, "spa": 35, "spd": 110, "spe": 70}, "stats": {"hp": 231, "atk": 217, "def": 217, "spa": 112, "spd": 244, "spe": 173}, "types": ["Fighting"]}, "Vivillon": {"name": "Vivillon", "species": "Vivillon-High Plains", "speciesId": "vivillon", "gender": "F", "shiny": false, "level": 83, "moves": ["sleeppowder", "terablast", "hurricane", "quiverdance"], "ability": "Compound Eyes", "evs": {"hp": 85, "atk": 0, "def": 85, "spa": 85, "spd": 85, "spe": 85}, "ivs": {"hp": 31, "atk": 0, "def": 31, "spa": 31, "spd": 31, "spe": 31}, "item": "Heavy-Duty Boots", "teraType": "Ground", "role": "Tera Blast user", "bvs": {"hp": 80, "atk": 52, "def": 50, "spa": 90, "spd": 50, "spe": 89}, "stats": {"hp": 268, "atk": 91, "def": 131, "spa": 197, "spd": 131, "spe": 195}, "types": ["Bug", "Flying"]}, "Ogerpon": {"name": "Ogerpon", "species": "Ogerpon-Cornerstone", "speciesId": "ogerponcornerstone", "gender": "F", "shiny": false, "level": 76, "moves": ["ivycudgel", "synthesis", "superpower", "powerwhip"], "ability": "Sturdy", "evs": {"hp": 85, "atk": 85, "def": 85, "spa": 85, "spd": 85, "spe": 85}, "ivs": {"hp": 31, "atk": 31, "def": 31, "spa": 31, "spd": 31, "spe": 31}, "item": "Cornerstone Mask", "teraType": "Rock", "role": "Bulky Attacker", "bvs": {"hp": 80, "atk": 120, "def": 84, "spa": 60, "spd": 96, "spe": 110}, "stats": {"hp": 247, "atk": 226, "def": 172, "spa": 135, "spd": 190, "spe": 211}, "types": ["Grass", "Rock"]}}]}