{"id": "gen9randombattle-2641412531", "format": "[Gen 9] Random Battle", "players": ["sdf4567", "Boiatirador"], "log": "|j|\u2606sdf4567\n|j|\u203dBoiatirador\n|t:|1782780923\n|gametype|singles\n|player|p1|sdf4567|102|1043\n|player|p2|Boiatirador|acetrainerf|1000\n|gen|9\n|tier|[Gen 9] Random Battle\n|rated|\n|rule|Species Clause: Limit one of each Pok\u00e9mon\n|rule|HP Percentage Mod: HP is shown in percentages\n|rule|Sleep Clause Mod: Limit one foe put to sleep\n|rule|Illusion Level Mod: Illusion disguises the Pok\u00e9mon's true level\n|\n|t:|1782780923\n|teamsize|p1|6\n|teamsize|p2|6\n|start\n|switch|p1a: Kyogre|Kyogre, L71|259/259\n|switch|p2a: Brute Bonnet|Brute Bonnet, L80|309/309\n|-weather|RainDance|[from] ability: Drizzle|[of] p1a: Kyogre\n|turn|1\n|\n|t:|1782780947\n|move|p1a: Kyogre|Ice Beam|p2a: Brute Bonnet\n|-supereffective|p2a: Brute Bonnet\n|-damage|p2a: Brute Bonnet|195/309\n|move|p2a: Brute Bonnet|Spore|p1a: Kyogre\n|-status|p1a: Kyogre|slp|[from] move: Spore\n|\n|-weather|RainDance|[upkeep]\n|-heal|p2a: Brute Bonnet|214/309|[from] item: Leftovers\n|upkeep\n|turn|2\n|\n|t:|1782780966\n|switch|p1a: Vivillon|Vivillon-Sun, L83, M|268/268\n|move|p2a: Brute Bonnet|Crunch|p1a: Vivillon\n|-damage|p1a: Vivillon|114/268\n|-unboost|p1a: Vivillon|def|1\n|\n|-weather|RainDance|[upkeep]\n|-heal|p2a: Brute Bonnet|233/309|[from] item: Leftovers\n|upkeep\n|turn|3\n|\n|t:|1782780980\n|move|p2a: Brute Bonnet|Sucker Punch|p1a: Vivillon\n|-damage|p1a: Vivillon|0 fnt\n|faint|p1a: Vivillon\n|\n|-weather|RainDance|[upkeep]\n|-heal|p2a: Brute Bonnet|252/309|[from] item: Leftovers\n|upkeep\n|\n|t:|1782780988\n|switch|p1a: Weezing|Weezing-Galar, L86, M|252/252\n|turn|4\n|inactive|Battle timer is ON: inactive players will automatically lose when time's up. (requested by sdf4567)\n|inactive|Boiatirador has 120 seconds left.\n|\n|t:|1782781027\n|-end|p2a: Brute Bonnet|Protosynthesis|[silent]\n|switch|p2a: Gumshoos|Gumshoos, L95, M|321/321\n|move|p1a: Weezing|Strange Steam|p2a: Gumshoos\n|-damage|p2a: Gumshoos|221/321\n|\n|-weather|RainDance|[upkeep]\n|upkeep\n|turn|5\n|\n|t:|1782781048\n|switch|p1a: Noctowl|Noctowl, L95, F|344/344\n|move|p2a: Gumshoos|Earthquake|p1a: Noctowl\n|-immune|p1a: Noctowl\n|\n|-weather|none\n|upkeep\n|turn|6\n|\n|t:|1782781066\n|switch|p2a: Drifblim|Drifblim, L86, M|396/396\n|move|p1a: Noctowl|Calm Mind|p1a: Noctowl\n|-boost|p1a: Noctowl|spa|1\n|-boost|p1a: Noctowl|spd|1\n|\n|upkeep\n|turn|7\n|\n|t:|1782781080\n|move|p1a: Noctowl|Hurricane|p2a: Drifblim\n|-damage|p2a: Drifblim|135/396\n|-enditem|p2a: Drifblim|Sitrus Berry|[eat]\n|-heal|p2a: Drifblim|234/396|[from] item: Sitrus Berry\n|move|p2a: Drifblim|Calm Mind|p2a: Drifblim\n|-boost|p2a: Drifblim|spa|1\n|-boost|p2a: Drifblim|spd|1\n|\n|upkeep\n|turn|8\n|\n|t:|1782781090\n|move|p2a: Drifblim|Strength Sap|p1a: Noctowl\n|-unboost|p1a: Noctowl|atk|1\n|-heal|p2a: Drifblim|334/396\n|move|p1a: Noctowl|Hurricane|p2a: Drifblim\n|-damage|p2a: Drifblim|157/396\n|\n|upkeep\n|turn|9\n|\n|t:|1782781102\n|move|p2a: Drifblim|Strength Sap|p1a: Noctowl\n|-unboost|p1a: Noctowl|atk|1\n|-heal|p2a: Drifblim|223/396\n|move|p1a: Noctowl|Hurricane|p2a: Drifblim|[miss]\n|-miss|p1a: Noctowl|p2a: Drifblim\n|\n|upkeep\n|turn|10\n|\n|t:|1782781114\n|move|p2a: Drifblim|Air Slash|p1a: Noctowl\n|-damage|p1a: Noctowl|284/344\n|move|p1a: Noctowl|Hurricane|p2a: Drifblim|[miss]\n|-miss|p1a: Noctowl|p2a: Drifblim\n|\n|upkeep\n|turn|11\n|\n|t:|1782781130\n|move|p2a: Drifblim|Strength Sap|p1a: Noctowl\n|-unboost|p1a: Noctowl|atk|1\n|-heal|p2a: Drifblim|273/396\n|move|p1a: Noctowl|Hurricane|p2a: Drifblim\n|-damage|p2a: Drifblim|83/396\n|\n|upkeep\n|turn|12\n|\n|t:|1782781142\n|move|p2a: Drifblim|Air Slash|p1a: Noctowl\n|-damage|p1a: Noctowl|221/344\n|move|p1a: Noctowl|Calm Mind|p1a: Noctowl\n|-boost|p1a: Noctowl|spa|1\n|-boost|p1a: Noctowl|spd|1\n|\n|upkeep\n|turn|13\n|\n|t:|1782781152\n|move|p2a: Drifblim|Air Slash|p1a: Noctowl\n|-damage|p1a: Noctowl|172/344\n|move|p1a: Noctowl|Roost|p1a: Noctowl\n|-heal|p1a: Noctowl|344/344\n|-singleturn|p1a: Noctowl|move: Roost\n|\n|upkeep\n|turn|14\n|\n|t:|1782781162\n|move|p2a: Drifblim|Air Slash|p1a: Noctowl\n|-damage|p1a: Noctowl|298/344\n|move|p1a: Noctowl|Hurricane|p2a: Drifblim\n|-damage|p2a: Drifblim|0 fnt\n|faint|p2a: Drifblim\n|\n|upkeep\n|\n|t:|1782781182\n|switch|p2a: Gumshoos|Gumshoos, L95, M|221/321\n|turn|15\n|\n|t:|1782781191\n|move|p1a: Noctowl|Hyper Voice|p2a: Gumshoos\n|-damage|p2a: Gumshoos|0 fnt\n|faint|p2a: Gumshoos\n|\n|upkeep\n|\n|t:|1782781199\n|switch|p2a: Glaceon|Glaceon, L94, M|275/275\n|turn|16\n|\n|t:|1782781223\n|-terastallize|p1a: Noctowl|Normal\n|move|p1a: Noctowl|Hyper Voice|p2a: Glaceon\n|-damage|p2a: Glaceon|3/275\n|move|p2a: Glaceon|Freeze-Dry|p1a: Noctowl\n|-damage|p1a: Noctowl|247/344\n|\n|upkeep\n|turn|17\n|\n|t:|1782781238\n|move|p2a: Glaceon|Protect|p2a: Glaceon\n|-singleturn|p2a: Glaceon|Protect\n|move|p1a: Noctowl|Hyper Voice|p2a: Glaceon\n|-activate|p2a: Glaceon|move: Protect\n|\n|upkeep\n|turn|18\n|\n|t:|1782781254\n|move|p1a: Noctowl|Hyper Voice|p2a: Glaceon\n|-damage|p2a: Glaceon|0 fnt\n|faint|p2a: Glaceon\n|\n|upkeep\n|inactive|Boiatirador has 120 seconds left.\n|\n|t:|1782781287\n|switch|p2a: Brute Bonnet|Brute Bonnet, L80|252/309\n|turn|19\n|\n|t:|1782781294\n|move|p1a: Noctowl|Roost|p1a: Noctowl\n|-heal|p1a: Noctowl|344/344\n|move|p2a: Brute Bonnet|Close Combat|p1a: Noctowl\n|-supereffective|p1a: Noctowl\n|-damage|p1a: Noctowl|100/344\n|-unboost|p2a: Brute Bonnet|def|1\n|-unboost|p2a: Brute Bonnet|spd|1\n|\n|-heal|p2a: Brute Bonnet|271/309|[from] item: Leftovers\n|upkeep\n|turn|20\n|inactive|Boiatirador has 120 seconds left.\n|\n|t:|1782781308\n|move|p1a: Noctowl|Roost|p1a: Noctowl\n|-heal|p1a: Noctowl|272/344\n|move|p2a: Brute Bonnet|Close Combat|p1a: Noctowl\n|-supereffective|p1a: Noctowl\n|-damage|p1a: Noctowl|24/344\n|-unboost|p2a: Brute Bonnet|def|1\n|-unboost|p2a: Brute Bonnet|spd|1\n|\n|-heal|p2a: Brute Bonnet|290/309|[from] item: Leftovers\n|upkeep\n|turn|21\n|\n|t:|1782781319\n|move|p2a: Brute Bonnet|Sucker Punch|p1a: Noctowl\n|-damage|p1a: Noctowl|0 fnt\n|faint|p1a: Noctowl\n|\n|-heal|p2a: Brute Bonnet|309/309|[from] item: Leftovers\n|upkeep\n|\n|t:|1782781331\n|switch|p1a: Weezing|Weezing-Galar, L86, M|252/252\n|turn|22\n|\n|t:|1782781342\n|-end|p2a: Brute Bonnet|Protosynthesis|[silent]\n|switch|p2a: Skuntank|Skuntank, L84, M|310/310\n|move|p1a: Weezing|Strange Steam|p2a: Skuntank\n|-damage|p2a: Skuntank|196/310\n|\n|-heal|p2a: Skuntank|215/310|[from] item: Leftovers\n|upkeep\n|turn|23\n|\n|t:|1782781356\n|move|p2a: Skuntank|Gunk Shot|p1a: Weezing\n|-damage|p1a: Weezing|158/252\n|move|p1a: Weezing|Strange Steam|p2a: Skuntank\n|-damage|p2a: Skuntank|98/310\n|\n|-heal|p2a: Skuntank|117/310|[from] item: Leftovers\n|-heal|p1a: Weezing|173/252|[from] item: Leftovers\n|upkeep\n|turn|24\n|inactive|Boiatirador has 120 seconds left.\n|inactive|sdf4567 has 120 seconds left.\n|\n|t:|1782781394\n|move|p2a: Skuntank|Gunk Shot|p1a: Weezing\n|-damage|p1a: Weezing|83/252\n|move|p1a: Weezing|Strange Steam|p2a: Skuntank\n|-damage|p2a: Skuntank|0 fnt\n|faint|p2a: Skuntank\n|\n|-heal|p1a: Weezing|98/252|[from] item: Leftovers\n|upkeep\n|inactive|Boiatirador has 120 seconds left.\n|\n|t:|1782781404\n|switch|p2a: Vikavolt|Vikavolt, L83, M|263/263\n|turn|25\n|inactive|sdf4567 has 120 seconds left.\n|inactive|Boiatirador has 120 seconds left.\n|\n|t:|1782781416\n|move|p1a: Weezing|Fire Blast|p2a: Vikavolt\n|-supereffective|p2a: Vikavolt\n|-damage|p2a: Vikavolt|81/263\n|move|p2a: Vikavolt|Thunderbolt|p1a: Weezing\n|-damage|p1a: Weezing|0 fnt\n|faint|p1a: Weezing\n|\n|upkeep\n|inactive|sdf4567 has 120 seconds left.\n|inactive|sdf4567 has 90 seconds left.\n|\n|t:|1782781479\n|switch|p1a: Scovillain|Scovillain, L91, F|266/266\n|turn|26\n|inactive|Boiatirador has 120 seconds left.\n|\n|t:|1782781512\n|move|p1a: Scovillain|Substitute|p1a: Scovillain\n|-start|p1a: Scovillain|Substitute\n|-damage|p1a: Scovillain|200/266\n|move|p2a: Vikavolt|Sticky Web|p1a: Scovillain\n|-sidestart|p1: sdf4567|move: Sticky Web\n|\n|-heal|p1a: Scovillain|216/266|[from] item: Leftovers\n|upkeep\n|turn|27\n|inactive|Boiatirador has 90 seconds left.\n|\n|t:|1782781538\n|move|p1a: Scovillain|Flamethrower|p2a: Vikavolt\n|-supereffective|p2a: Vikavolt\n|-damage|p2a: Vikavolt|0 fnt\n|faint|p2a: Vikavolt\n|\n|-heal|p1a: Scovillain|232/266|[from] item: Leftovers\n|upkeep\n|\n|t:|1782781544\n|switch|p2a: Brute Bonnet|Brute Bonnet, L80|309/309\n|turn|28\n|inactive|Boiatirador has 90 seconds left.\n|\n|t:|1782781556\n|-terastallize|p2a: Brute Bonnet|Poison\n|move|p1a: Scovillain|Flamethrower|p2a: Brute Bonnet\n|-damage|p2a: Brute Bonnet|191/309\n|move|p2a: Brute Bonnet|Crunch|p1a: Scovillain\n|-end|p1a: Scovillain|Substitute\n|\n|-heal|p1a: Scovillain|248/266|[from] item: Leftovers\n|-heal|p2a: Brute Bonnet|210/309|[from] item: Leftovers\n|upkeep\n|turn|29\n|inactive|Boiatirador has 90 seconds left.\n|\n|t:|1782781576\n|move|p1a: Scovillain|Leech Seed|p2a: Brute Bonnet\n|-start|p2a: Brute Bonnet|move: Leech Seed\n|move|p2a: Brute Bonnet|Crunch|p1a: Scovillain\n|-damage|p1a: Scovillain|140/266\n|\n|-heal|p1a: Scovillain|156/266|[from] item: Leftovers\n|-heal|p2a: Brute Bonnet|229/309|[from] item: Leftovers\n|-damage|p2a: Brute Bonnet|191/309|[from] Leech Seed|[of] p1a: Scovillain\n|-heal|p1a: Scovillain|194/266|[silent]\n|upkeep\n|turn|30\n|\n|t:|1782781589\n|move|p2a: Brute Bonnet|Sucker Punch|p1a: Scovillain\n|-damage|p1a: Scovillain|101/266\n|move|p1a: Scovillain|Flamethrower|p2a: Brute Bonnet\n|-damage|p2a: Brute Bonnet|71/309\n|\n|-heal|p1a: Scovillain|117/266|[from] item: Leftovers\n|-heal|p2a: Brute Bonnet|90/309|[from] item: Leftovers\n|-damage|p2a: Brute Bonnet|52/309|[from] Leech Seed|[of] p1a: Scovillain\n|-heal|p1a: Scovillain|155/266|[silent]\n|upkeep\n|turn|31\n|\n|t:|1782781600\n|move|p2a: Brute Bonnet|Sucker Punch||[still]\n|-fail|p2a: Brute Bonnet\n|move|p1a: Scovillain|Substitute|p1a: Scovillain\n|-start|p1a: Scovillain|Substitute\n|-damage|p1a: Scovillain|89/266\n|\n|-heal|p1a: Scovillain|105/266|[from] item: Leftovers\n|-heal|p2a: Brute Bonnet|71/309|[from] item: Leftovers\n|-damage|p2a: Brute Bonnet|33/309|[from] Leech Seed|[of] p1a: Scovillain\n|-heal|p1a: Scovillain|143/266|[silent]\n|upkeep\n|turn|32\n|\n|t:|1782781615\n|move|p2a: Brute Bonnet|Sucker Punch|p1a: Scovillain\n|-end|p1a: Scovillain|Substitute\n|move|p1a: Scovillain|Flamethrower|p2a: Brute Bonnet\n|-damage|p2a: Brute Bonnet|0 fnt\n|faint|p2a: Brute Bonnet\n|-end|p2a: Brute Bonnet|Protosynthesis|[silent]\n|\n|win|sdf4567\n|raw|sdf4567's rating: 1043 &rarr; <strong>1072</strong><br />(+29 for winning)\n|raw|Boiatirador's rating: 1000 &rarr; <strong>1000</strong><br />(+0 for losing)\n|l|\u203dBoiatirador\n|player|p2|\n", "inputlog": ">version f8ac14003a5f27e1bdc8d8c59608a773c1cb96e5\n>start {\"formatid\":\"gen9randombattle\",\"seed\":\"sodium,0d3ab79083a0d2b0cba626d929dc9228\",\"rated\":\"Rated battle\"}\n>player p1 {\"name\":\"sdf4567\",\"avatar\":\"102\",\"rating\":1043,\"seed\":\"sodium,32ed1d988b526cb5be8f68975e8ddc68\"}\n>player p2 {\"name\":\"Boiatirador\",\"avatar\":\"acetrainerf\",\"rating\":1000,\"seed\":\"sodium,977ba11b5df4531f01334ec0197f1838\"}\n>p1 move icebeam\n>p2 move spore\n>p1 switch 5\n>p2 move crunch\n>p1 move bugbuzz\n>p2 move suckerpunch\n>p1 switch 4\n>p1 move strangesteam\n>p2 switch 2\n>p1 switch 2\n>p2 move earthquake\n>p1 move calmmind\n>p2 switch 4\n>p1 move hurricane\n>p2 move calmmind\n>p1 move hurricane\n>p2 move strengthsap\n>p1 move hurricane\n>p2 move strengthsap\n>p1 move hurricane\n>p2 move airslash\n>p1 move hurricane\n>p2 move strengthsap\n>p1 move calmmind\n>p2 move airslash\n>p1 move roost\n>p2 move airslash\n>p1 move hurricane\n>p2 move airslash\n>p2 switch 4\n>p1 move hypervoice\n>p2 move knockoff\n>p2 switch 5\n>p1 move hypervoice terastallize\n>p2 move freezedry\n>p1 move hypervoice\n>p2 move protect\n>p1 move hypervoice\n>p2 move mudshot\n>p2 switch 2\n>p1 move roost\n>p2 move closecombat\n>p1 move roost\n>p2 move closecombat\n>p1 move hypervoice\n>p2 move suckerpunch\n>p1 switch 2\n>p1 move strangesteam\n>p2 switch 6\n>p1 move strangesteam\n>p2 move gunkshot\n>p1 move strangesteam\n>p2 move gunkshot\n>p2 switch 3\n>p1 move fireblast\n>p2 move thunderbolt\n>p1 switch 3\n>p1 move substitute\n>p2 move stickyweb\n>p1 move flamethrower\n>p2 move bugbuzz\n>p2 switch 6\n>p1 move flamethrower\n>p2 move crunch terastallize\n>p1 move leechseed\n>p2 move crunch\n>p1 move flamethrower\n>p2 move suckerpunch\n>p1 move substitute\n>p2 move suckerpunch\n>p1 move flamethrower\n>p2 move suckerpunch", "uploadtime": 1782781632, "views": 7, "formatid": "gen9randombattle", "rating": 1000, "private": 0, "password": null, "player_dets": [{"name": "sdf4567", "avatar": "102", "rating": 1043, "seed": "sodium,32ed1d988b526cb5be8f68975e8ddc68"}, {"name": "Boiatirador", "avatar": "acetrainerf", "rating": 1000, "seed": "sodium,977ba11b5df4531f01334ec0197f1838"}], "teams_full": [{"Kyogre": {"name": "Kyogre", "species": "Kyogre", "speciesId": "kyogre", "gender": "N", "shiny": false, "level": 71, "moves": ["thunder", "icebeam", "waterspout", "originpulse"], "ability": "Drizzle", "evs": {"hp": 85, "atk": 0, "def": 85, "spa": 85, "spd": 85, "spe": 85}, "ivs": {"hp": 31, "atk": 0, "def": 31, "spa": 31, "spd": 31, "spe": 31}, "item": "Choice Scarf", "teraType": "Water", "role": "Fast Attacker", "bvs": {"hp": 100, "atk": 100, "def": 90, "spa": 150, "spd": 140, "spe": 90}, "stats": {"hp": 259, "atk": 147, "def": 169, "spa": 254, "spd": 240, "spe": 169}, "types": ["Water"]}, "Noctowl": {"name": "Noctowl", "species": "Noctowl", "speciesId": "noctowl", "gender": "F", "shiny": false, "level": 95, "moves": ["roost", "hurricane", "hypervoice", "calmmind"], "ability": "Tinted Lens", "evs": {"hp": 85, "atk": 0, "def": 85, "spa": 85, "spd": 85, "spe": 85}, "ivs": {"hp": 31, "atk": 0, "def": 31, "spa": 31, "spd": 31, "spe": 31}, "item": "Heavy-Duty Boots", "teraType": "Normal", "role": "Bulky Attacker", "bvs": {"hp": 100, "atk": 50, "def": 50, "spa": 86, "spd": 96, "spe": 70}, "stats": {"hp": 344, "atk": 100, "def": 149, "spa": 217, "spd": 236, "spe": 187}, "types": ["Normal", "Flying"]}, "Scovillain": {"name": "Scovillain", "species": "Scovillain", "speciesId": "scovillain", "gender": "F", "shiny": false, "level": 91, "moves": ["leechseed", "flamethrower", "protect", "substitute"], "ability": "Chlorophyll", "evs": {"hp": 85, "atk": 0, "def": 85, "spa": 85, "spd": 85, "spe": 85}, "ivs": {"hp": 31, "atk": 0, "def": 31, "spa": 31, "spd": 31, "spe": 31}, "item": "Leftovers", "teraType": "Steel", "role": "Bulky Attacker", "bvs": {"hp": 65, "atk": 108, "def": 65, "spa": 108, "spd": 65, "spe": 75}, "stats": {"hp": 266, "atk": 201, "def": 170, "spa": 248, "spd": 170, "spe": 188}, "types": ["Grass", "Fire"]}, "Weezing": {"name": "Weezing", "species": "Weezing-Galar", "speciesId": "weezinggalar", "gender": "M", "shiny": false, "level": 86, "moves": ["fireblast", "defog", "strangesteam", "gunkshot"], "ability": "Levitate", "evs": {"hp": 85, "atk": 85, "def": 85, "spa": 85, "spd": 85, "spe": 85}, "ivs": {"hp": 31, "atk": 31, "def": 31, "spa": 31, "spd": 31, "spe": 31}, "item": "Leftovers", "teraType": "Steel", "role": "Bulky Support", "bvs": {"hp": 65, "atk": 90, "def": 120, "spa": 85, "spd": 70, "spe": 60}, "stats": {"hp": 252, "atk": 204, "def": 256, "spa": 195, "spd": 170, "spe": 152}, "types": ["Poison", "Fairy"]}, "Vivillon": {"name": "Vivillon", "species": "Vivillon-Sun", "speciesId": "vivillon", "gender": "M", "shiny": false, "level": 83, "moves": ["sleeppowder", "hurricane", "bugbuzz", "quiverdance"], "ability": "Compound Eyes", "evs": {"hp": 85, "atk": 0, "def": 85, "spa": 85, "spd": 85, "spe": 85}, "ivs": {"hp": 31, "atk": 0, "def": 31, "spa": 31, "spd": 31, "spe": 31}, "item": "Heavy-Duty Boots", "teraType": "Steel", "role": "Fast Bulky Setup", "bvs": {"hp": 80, "atk": 52, "def": 50, "spa": 90, "spd": 50, "spe": 89}, "stats": {"hp": 268, "atk": 91, "def": 131, "spa": 197, "spd": 131, "spe": 195}, "types": ["Bug", "Flying"]}, "Dusknoir": {"name": "Dusknoir", "species": "Dusknoir", "speciesId": "dusknoir", "gender": "M", "shiny": true, "level": 89, "moves": ["shadowsneak", "trick", "earthquake", "poltergeist"], "ability": "Frisk", "evs": {"hp": 85, "atk": 85, "def": 85, "spa": 85, "spd": 85, "spe": 85}, "ivs": {"hp": 31, "atk": 31, "def": 31, "spa": 31, "spd": 31, "spe": 31}, "item": "Choice Band", "teraType": "Ground", "role": "Wallbreaker", "bvs": {"hp": 45, "atk": 100, "def": 135, "spa": 65, "spd": 135, "spe": 45}, "stats": {"hp": 225, "atk": 229, "def": 291, "spa": 166, "spd": 291, "spe": 131}, "types": ["Ghost"]}}, {"Brute Bonnet": {"name": "Brute Bonnet", "species": "Brute Bonnet", "speciesId": "brutebonnet", "gender": "N", "shiny": false, "level": 80, "moves": ["suckerpunch", "spore", "closecombat", "crunch"], "ability": "Protosynthesis", "evs": {"hp": 85, "atk": 85, "def": 85, "spa": 85, "spd": 85, "spe": 85}, "ivs": {"hp": 31, "atk": 31, "def": 31, "spa": 31, "spd": 31, "spe": 31}, "item": "Leftovers", "teraType": "Poison", "role": "Bulky Attacker", "bvs": {"hp": 111, "atk": 127, "def": 99, "spa": 79, "spd": 99, "spe": 55}, "stats": {"hp": 309, "atk": 249, "def": 205, "spa": 173, "spd": 205, "spe": 134}, "types": ["Grass", "Dark"]}, "Gumshoos": {"name": "Gumshoos", "species": "Gumshoos", "speciesId": "gumshoos", "gender": "M", "shiny": false, "level": 95, "moves": ["earthquake", "knockoff", "uturn", "doubleedge"], "ability": "Stakeout", "evs": {"hp": 85, "atk": 85, "def": 85, "spa": 85, "spd": 85, "spe": 85}, "ivs": {"hp": 31, "atk": 31, "def": 31, "spa": 31, "spd": 31, "spe": 31}, "item": "Choice Band", "teraType": "Ground", "role": "Fast Attacker", "bvs": {"hp": 88, "atk": 110, "def": 60, "spa": 55, "spd": 60, "spe": 45}, "stats": {"hp": 321, "atk": 263, "def": 168, "spa": 158, "spd": 168, "spe": 139}, "types": ["Normal"]}, "Vikavolt": {"name": "Vikavolt", "species": "Vikavolt", "speciesId": "vikavolt", "gender": "M", "shiny": false, "level": 83, "moves": ["thunderbolt", "voltswitch", "stickyweb", "bugbuzz"], "ability": "Levitate", "evs": {"hp": 85, "atk": 0, "def": 85, "spa": 85, "spd": 85, "spe": 85}, "ivs": {"hp": 31, "atk": 0, "def": 31, "spa": 31, "spd": 31, "spe": 31}, "item": "Heavy-Duty Boots", "teraType": "Electric", "role": "Bulky Support", "bvs": {"hp": 77, "atk": 70, "def": 90, "spa": 145, "spd": 75, "spe": 43}, "stats": {"hp": 263, "atk": 121, "def": 197, "spa": 288, "spd": 172, "spe": 119}, "types": ["Bug", "Electric"]}, "Drifblim": {"name": "Drifblim", "species": "Drifblim", "speciesId": "drifblim", "gender": "M", "shiny": false, "level": 86, "moves": ["strengthsap", "calmmind", "airslash", "shadowball"], "ability": "Unburden", "evs": {"hp": 73, "atk": 0, "def": 85, "spa": 85, "spd": 85, "spe": 85}, "ivs": {"hp": 31, "atk": 0, "def": 31, "spa": 31, "spd": 31, "spe": 31}, "item": "Sitrus Berry", "teraType": "Fairy", "role": "Bulky Attacker", "bvs": {"hp": 150, "atk": 80, "def": 44, "spa": 90, "spd": 54, "spe": 80}, "stats": {"hp": 396, "atk": 142, "def": 125, "spa": 204, "spd": 142, "spe": 187}, "types": ["Ghost", "Flying"]}, "Glaceon": {"name": "Glaceon", "species": "Glaceon", "speciesId": "glaceon", "gender": "M", "shiny": false, "level": 94, "moves": ["freezedry", "protect", "mudshot", "wish"], "ability": "Ice Body", "evs": {"hp": 85, "atk": 0, "def": 85, "spa": 85, "spd": 85, "spe": 85}, "ivs": {"hp": 31, "atk": 0, "def": 31, "spa": 31, "spd": 31, "spe": 31}, "item": "Heavy-Duty Boots", "teraType": "Ground", "role": "Bulky Attacker", "bvs": {"hp": 65, "atk": 60, "def": 110, "spa": 130, "spd": 95, "spe": 65}, "stats": {"hp": 275, "atk": 117, "def": 260, "spa": 298, "spd": 232, "spe": 176}, "types": ["Ice"]}, "Skuntank": {"name": "Skuntank", "species": "Skuntank", "speciesId": "skuntank", "gender": "M", "shiny": false, "level": 84, "moves": ["taunt", "gunkshot", "toxicspikes", "knockoff"], "ability": "Aftermath", "evs": {"hp": 85, "atk": 85, "def": 85, "spa": 85, "spd": 85, "spe": 85}, "ivs": {"hp": 31, "atk": 31, "def": 31, "spa": 31, "spd": 31, "spe": 31}, "item": "Leftovers", "teraType": "Poison", "role": "Fast Support", "bvs": {"hp": 103, "atk": 93, "def": 67, "spa": 71, "spd": 61, "spe": 84}, "stats": {"hp": 310, "atk": 204, "def": 161, "spa": 167, "spd": 151, "spe": 189}, "types": ["Poison", "Dark"]}}]}