{"id": "gen9randombattle-2641490985", "format": "[Gen 9] Random Battle", "players": ["JohnaP", "Khari"], "log": "|j|\u2606JohnaP\n|j|\u2606Khari\n|t:|1782793533\n|gametype|singles\n|player|p1|JohnaP|elesa|2056\n|player|p2|Khari|pokefanf|1991\n|gen|9\n|tier|[Gen 9] Random Battle\n|rated|\n|rule|Species Clause: Limit one of each Pok\u00e9mon\n|rule|HP Percentage Mod: HP is shown in percentages\n|rule|Sleep Clause Mod: Limit one foe put to sleep\n|rule|Illusion Level Mod: Illusion disguises the Pok\u00e9mon's true level\n|\n|t:|1782793533\n|teamsize|p1|6\n|teamsize|p2|6\n|start\n|switch|p1a: Incineroar|Incineroar, L82, F|290/290\n|switch|p2a: Ting-Lu|Ting-Lu, L78|370/370\n|-ability|p1a: Incineroar|Intimidate|boost\n|-unboost|p2a: Ting-Lu|atk|1\n|-ability|p2a: Ting-Lu|Vessel of Ruin\n|turn|1\n|inactive|Battle timer is ON: inactive players will automatically lose when time's up. (requested by Khari)\n|inactive|JohnaP also wants the timer to be on.\n|\n|t:|1782793553\n|move|p1a: Incineroar|Will-O-Wisp|p2a: Ting-Lu\n|-status|p2a: Ting-Lu|brn\n|move|p2a: Ting-Lu|Earthquake|p1a: Incineroar\n|-supereffective|p1a: Incineroar\n|-damage|p1a: Incineroar|226/290\n|\n|-damage|p2a: Ting-Lu|347/370 brn|[from] brn\n|upkeep\n|turn|2\n|\n|t:|1782793556\n|move|p1a: Incineroar|Parting Shot|p2a: Ting-Lu\n|-unboost|p2a: Ting-Lu|atk|1\n|-unboost|p2a: Ting-Lu|spa|1\n|\n|t:|1782793566\n|switch|p1a: Tsareena|Tsareena, L87, F|267/267|[from] Parting Shot\n|move|p2a: Ting-Lu|Earthquake|p1a: Tsareena\n|-resisted|p1a: Tsareena\n|-damage|p1a: Tsareena|255/267\n|\n|-damage|p2a: Ting-Lu|324/370 brn|[from] brn\n|upkeep\n|turn|3\n|\n|t:|1782793577\n|switch|p2a: Overqwil|Overqwil, L82, F|274/274\n|-ability|p2a: Overqwil|Intimidate|boost\n|-unboost|p1a: Tsareena|atk|1\n|move|p1a: Tsareena|Power Whip|p2a: Overqwil\n|-resisted|p2a: Overqwil\n|-damage|p2a: Overqwil|204/274\n|\n|upkeep\n|turn|4\n|\n|t:|1782793585\n|switch|p1a: Incineroar|Incineroar, L82, F|226/290\n|-ability|p1a: Incineroar|Intimidate|boost\n|-unboost|p2a: Overqwil|atk|1\n|move|p2a: Overqwil|Swords Dance|p2a: Overqwil\n|-boost|p2a: Overqwil|atk|2\n|\n|upkeep\n|turn|5\n|\n|t:|1782793590\n|move|p2a: Overqwil|Gunk Shot|p1a: Incineroar\n|-damage|p1a: Incineroar|28/290\n|move|p1a: Incineroar|Will-O-Wisp|p2a: Overqwil|[miss]\n|-miss|p1a: Incineroar|p2a: Overqwil\n|\n|upkeep\n|turn|6\n|\n|t:|1782793601\n|move|p2a: Overqwil|Crunch|p1a: Incineroar\n|-resisted|p1a: Incineroar\n|-damage|p1a: Incineroar|0 fnt\n|faint|p1a: Incineroar\n|\n|upkeep\n|\n|t:|1782793618\n|switch|p1a: Lokix|Lokix, L82, M|251/251\n|turn|7\n|\n|t:|1782793624\n|move|p1a: Lokix|First Impression|p2a: Overqwil\n|-damage|p2a: Overqwil|87/274\n|-damage|p1a: Lokix|226/251|[from] item: Life Orb\n|move|p2a: Overqwil|Gunk Shot|p1a: Lokix\n|-damage|p1a: Lokix|0 fnt\n|faint|p1a: Lokix\n|\n|upkeep\n|\n|t:|1782793635\n|switch|p1a: Cramorant|Cramorant, L86, M|261/261\n|turn|8\n|\n|t:|1782793642\n|switch|p2a: Regice|Regice, L88|284/284\n|move|p1a: Cramorant|Surf|p2a: Regice\n|-formechange|p1a: Cramorant|Cramorant-Gulping|\n|-damage|p2a: Regice|242/284\n|\n|upkeep\n|turn|9\n|\n|t:|1782793648\n|switch|p1a: Tsareena|Tsareena, L87, F|255/267\n|move|p2a: Regice|Thunder Wave|p1a: Tsareena\n|-status|p1a: Tsareena|par\n|\n|upkeep\n|turn|10\n|\n|t:|1782793656\n|move|p2a: Regice|Ice Beam|p1a: Tsareena\n|-supereffective|p1a: Tsareena\n|-damage|p1a: Tsareena|61/267 par\n|cant|p1a: Tsareena|par\n|\n|upkeep\n|turn|11\n|-message|JohnaP forfeited.\n|\n|win|Khari\n", "inputlog": ">version f8ac14003a5f27e1bdc8d8c59608a773c1cb96e5\n>start {\"formatid\":\"gen9randombattle\",\"seed\":\"sodium,203c45065d8f176a2c7350ea2ed14a5d\",\"rated\":\"Rated battle\"}\n>player p1 {\"name\":\"JohnaP\",\"avatar\":\"elesa\",\"rating\":2056,\"seed\":\"sodium,761d9641b884720ab445777c3b595ea2\"}\n>player p2 {\"name\":\"Khari\",\"avatar\":\"pokefanf\",\"rating\":1991,\"seed\":\"sodium,acb6f31792c8c5cc71b4dee0d8b4d07a\"}\n>p1 move willowisp\n>p2 move earthquake\n>p1 move partingshot\n>p2 move earthquake\n>p1 switch 2\n>p1 move powerwhip\n>p2 switch 6\n>p1 switch 2\n>p2 move swordsdance\n>p1 move willowisp\n>p2 move gunkshot\n>p1 move flareblitz\n>p2 move crunch\n>p1 switch 3\n>p1 move firstimpression\n>p2 move gunkshot\n>p1 switch 4\n>p1 move surf\n>p2 switch 4\n>p1 switch 2\n>p2 move thunderwave\n>p1 move highjumpkick\n>p2 move icebeam\n>forcelose p1", "uploadtime": 1782793535, "views": 3, "formatid": "gen9randombattle", "rating": null, "private": 0, "password": null, "player_dets": [{"name": "JohnaP", "avatar": "elesa", "rating": 2056, "seed": "sodium,761d9641b884720ab445777c3b595ea2"}, {"name": "Khari", "avatar": "pokefanf", "rating": 1991, "seed": "sodium,acb6f31792c8c5cc71b4dee0d8b4d07a"}], "teams_full": [{"Incineroar": {"name": "Incineroar", "species": "Incineroar", "speciesId": "incineroar", "gender": "F", "shiny": false, "level": 82, "moves": ["willowisp", "partingshot", "flareblitz", "knockoff"], "ability": "Intimidate", "evs": {"hp": 85, "atk": 85, "def": 85, "spa": 85, "spd": 85, "spe": 85}, "ivs": {"hp": 31, "atk": 31, "def": 31, "spa": 31, "spd": 31, "spe": 31}, "item": "Heavy-Duty Boots", "teraType": "Water", "role": "Fast Attacker", "bvs": {"hp": 95, "atk": 115, "def": 90, "spa": 80, "spd": 90, "spe": 60}, "stats": {"hp": 290, "atk": 236, "def": 195, "spa": 178, "spd": 195, "spe": 146}, "types": ["Fire", "Dark"]}, "Tsareena": {"name": "Tsareena", "species": "Tsareena", "speciesId": "tsareena", "gender": "F", "shiny": false, "level": 87, "moves": ["tripleaxel", "powerwhip", "highjumpkick", "knockoff"], "ability": "Queenly Majesty", "evs": {"hp": 85, "atk": 85, "def": 85, "spa": 85, "spd": 85, "spe": 85}, "ivs": {"hp": 31, "atk": 31, "def": 31, "spa": 31, "spd": 31, "spe": 31}, "item": "Choice Band", "teraType": "Fighting", "role": "Fast Support", "bvs": {"hp": 72, "atk": 120, "def": 98, "spa": 50, "spd": 98, "spe": 72}, "stats": {"hp": 267, "atk": 259, "def": 220, "spa": 137, "spd": 220, "spe": 175}, "types": ["Grass"]}, "Lokix": {"name": "Lokix", "species": "Lokix", "speciesId": "lokix", "gender": "M", "shiny": false, "level": 82, "moves": ["knockoff", "suckerpunch", "leechlife", "firstimpression"], "ability": "Tinted Lens", "evs": {"hp": 85, "atk": 85, "def": 85, "spa": 85, "spd": 85, "spe": 85}, "ivs": {"hp": 31, "atk": 31, "def": 31, "spa": 31, "spd": 31, "spe": 31}, "item": "Life Orb", "teraType": "Bug", "role": "Wallbreaker", "bvs": {"hp": 71, "atk": 102, "def": 78, "spa": 52, "spd": 55, "spe": 92}, "stats": {"hp": 251, "atk": 214, "def": 175, "spa": 132, "spd": 137, "spe": 198}, "types": ["Bug", "Dark"]}, "Cramorant": {"name": "Cramorant", "species": "Cramorant", "speciesId": "cramorant", "gender": "M", "shiny": false, "level": 86, "moves": ["roost", "defog", "surf", "bravebird"], "ability": "Gulp Missile", "evs": {"hp": 85, "atk": 85, "def": 85, "spa": 85, "spd": 85, "spe": 85}, "ivs": {"hp": 31, "atk": 31, "def": 31, "spa": 31, "spd": 31, "spe": 31}, "item": "Heavy-Duty Boots", "teraType": "Ground", "role": "Bulky Support", "bvs": {"hp": 70, "atk": 85, "def": 55, "spa": 85, "spd": 95, "spe": 85}, "stats": {"hp": 261, "atk": 195, "def": 144, "spa": 195, "spd": 213, "spe": 195}, "types": ["Flying", "Water"]}, "Giratina": {"name": "Giratina", "species": "Giratina-Origin", "speciesId": "giratinaorigin", "gender": "N", "shiny": false, "level": 72, "moves": ["dracometeor", "shadowsneak", "dragontail", "poltergeist"], "ability": "Levitate", "evs": {"hp": 85, "atk": 85, "def": 85, "spa": 85, "spd": 85, "spe": 85}, "ivs": {"hp": 31, "atk": 31, "def": 31, "spa": 31, "spd": 31, "spe": 31}, "item": "Griseous Core", "teraType": "Dragon", "role": "Fast Attacker", "bvs": {"hp": 150, "atk": 120, "def": 100, "spa": 120, "spd": 100, "spe": 90}, "stats": {"hp": 335, "atk": 215, "def": 186, "spa": 215, "spd": 186, "spe": 172}, "types": ["Ghost", "Dragon"]}, "Arceus": {"name": "Arceus", "species": "Arceus-Ghost", "speciesId": "arceusghost", "gender": "N", "shiny": false, "level": 69, "moves": ["focusblast", "calmmind", "judgment", "recover"], "ability": "Multitype", "evs": {"hp": 85, "atk": 0, "def": 85, "spa": 85, "spd": 85, "spe": 85}, "ivs": {"hp": 31, "atk": 0, "def": 31, "spa": 31, "spd": 31, "spe": 31}, "item": "Spooky Plate", "teraType": "Dark", "role": "Bulky Attacker", "bvs": {"hp": 120, "atk": 120, "def": 120, "spa": 120, "spd": 120, "spe": 120}, "stats": {"hp": 280, "atk": 170, "def": 206, "spa": 206, "spd": 206, "spe": 206}, "types": ["Ghost"]}}, {"Ting-Lu": {"name": "Ting-Lu", "species": "Ting-Lu", "speciesId": "tinglu", "gender": "N", "shiny": false, "level": 78, "moves": ["payback", "ruination", "heavyslam", "earthquake"], "ability": "Vessel of Ruin", "evs": {"hp": 85, "atk": 85, "def": 85, "spa": 85, "spd": 85, "spe": 85}, "ivs": {"hp": 31, "atk": 31, "def": 31, "spa": 31, "spd": 31, "spe": 31}, "item": "Assault Vest", "teraType": "Poison", "role": "Bulky Attacker", "bvs": {"hp": 155, "atk": 110, "def": 125, "spa": 55, "spd": 80, "spe": 45}, "stats": {"hp": 370, "atk": 217, "def": 240, "spa": 131, "spd": 170, "spe": 115}, "types": ["Dark", "Ground"]}, "Kyogre": {"name": "Kyogre", "species": "Kyogre", "speciesId": "kyogre", "gender": "N", "shiny": false, "level": 71, "moves": ["thunder", "icebeam", "originpulse", "calmmind"], "ability": "Drizzle", "evs": {"hp": 85, "atk": 0, "def": 85, "spa": 85, "spd": 85, "spe": 85}, "ivs": {"hp": 31, "atk": 0, "def": 31, "spa": 31, "spd": 31, "spe": 31}, "item": "Leftovers", "teraType": "Steel", "role": "Bulky Setup", "bvs": {"hp": 100, "atk": 100, "def": 90, "spa": 150, "spd": 140, "spe": 90}, "stats": {"hp": 259, "atk": 147, "def": 169, "spa": 254, "spd": 240, "spe": 169}, "types": ["Water"]}, "Chansey": {"name": "Chansey", "species": "Chansey", "speciesId": "chansey", "gender": "F", "shiny": false, "level": 85, "moves": ["thunderwave", "healbell", "seismictoss", "softboiled"], "ability": "Natural Cure", "evs": {"hp": 85, "atk": 0, "def": 85, "spa": 85, "spd": 85, "spe": 85}, "ivs": {"hp": 31, "atk": 0, "def": 31, "spa": 31, "spd": 31, "spe": 31}, "item": "Eviolite", "teraType": "Poison", "role": "Bulky Support", "bvs": {"hp": 250, "atk": 5, "def": 5, "spa": 35, "spd": 105, "spe": 50}, "stats": {"hp": 564, "atk": 13, "def": 57, "spa": 108, "spd": 227, "spe": 134}, "types": ["Normal"]}, "Regice": {"name": "Regice", "species": "Regice", "speciesId": "regice", "gender": "N", "shiny": false, "level": 88, "moves": ["thunderwave", "thunderbolt", "bodypress", "icebeam"], "ability": "Clear Body", "evs": {"hp": 85, "atk": 0, "def": 85, "spa": 85, "spd": 85, "spe": 85}, "ivs": {"hp": 31, "atk": 0, "def": 31, "spa": 31, "spd": 31, "spe": 31}, "item": "Heavy-Duty Boots", "teraType": "Electric", "role": "Bulky Attacker", "bvs": {"hp": 80, "atk": 50, "def": 100, "spa": 100, "spd": 200, "spe": 50}, "stats": {"hp": 284, "atk": 93, "def": 226, "spa": 226, "spd": 402, "spe": 138}, "types": ["Ice"]}, "Jirachi": {"name": "Jirachi", "species": "Jirachi", "speciesId": "jirachi", "gender": "N", "shiny": false, "level": 80, "moves": ["ironhead", "drainpunch", "uturn", "bodyslam"], "ability": "Serene Grace", "evs": {"hp": 85, "atk": 85, "def": 85, "spa": 85, "spd": 85, "spe": 85}, "ivs": {"hp": 31, "atk": 31, "def": 31, "spa": 31, "spd": 31, "spe": 31}, "item": "Assault Vest", "teraType": "Fighting", "role": "Bulky Attacker", "bvs": {"hp": 100, "atk": 100, "def": 100, "spa": 100, "spd": 100, "spe": 100}, "stats": {"hp": 291, "atk": 206, "def": 206, "spa": 206, "spd": 206, "spe": 206}, "types": ["Steel", "Psychic"]}, "Overqwil": {"name": "Overqwil", "species": "Overqwil", "speciesId": "overqwil", "gender": "F", "shiny": false, "level": 82, "moves": ["scaleshot", "crunch", "gunkshot", "swordsdance"], "ability": "Intimidate", "evs": {"hp": 85, "atk": 85, "def": 85, "spa": 85, "spd": 85, "spe": 85}, "ivs": {"hp": 31, "atk": 31, "def": 31, "spa": 31, "spd": 31, "spe": 31}, "item": "Loaded Dice", "teraType": "Dragon", "role": "Setup Sweeper", "bvs": {"hp": 85, "atk": 115, "def": 95, "spa": 65, "spd": 65, "spe": 85}, "stats": {"hp": 274, "atk": 236, "def": 203, "spa": 154, "spd": 154, "spe": 187}, "types": ["Dark", "Poison"]}}]}