{"id": "gen9randombattle-2641435142", "format": "[Gen 9] Random Battle", "players": ["sarodiya", "spencomatic"], "log": "|j|\u2606sarodiya\n|j|\u2606spencomatic\n|t:|1782784353\n|gametype|singles\n|player|p1|sarodiya|265|1927\n|player|p2|spencomatic|2|2047\n|gen|9\n|tier|[Gen 9] Random Battle\n|rated|\n|rule|Species Clause: Limit one of each Pok\u00e9mon\n|rule|HP Percentage Mod: HP is shown in percentages\n|rule|Sleep Clause Mod: Limit one foe put to sleep\n|rule|Illusion Level Mod: Illusion disguises the Pok\u00e9mon's true level\n|\n|t:|1782784353\n|teamsize|p1|6\n|teamsize|p2|6\n|start\n|switch|p1a: Milotic|Milotic, L83, F|293/293\n|switch|p2a: Stonjourner|Stonjourner, L91, F|330/330\n|turn|1\n|inactive|Battle timer is ON: inactive players will automatically lose when time's up. (requested by spencomatic)\n|inactive|sarodiya also wants the timer to be on.\n|\n|t:|1782784357\n|switch|p2a: Wo-Chien|Wo-Chien, L83|277/277\n|-ability|p2a: Wo-Chien|Tablets of Ruin\n|move|p1a: Milotic|Scald|p2a: Wo-Chien\n|-resisted|p2a: Wo-Chien\n|-damage|p2a: Wo-Chien|248/277\n|\n|-heal|p2a: Wo-Chien|265/277|[from] item: Leftovers\n|upkeep\n|turn|2\n|\n|t:|1782784369\n|move|p1a: Milotic|Ice Beam|p2a: Wo-Chien\n|-supereffective|p2a: Wo-Chien\n|-damage|p2a: Wo-Chien|169/277\n|move|p2a: Wo-Chien|Knock Off|p1a: Milotic\n|-damage|p1a: Milotic|185/293\n|-enditem|p1a: Milotic|Leftovers|[from] move: Knock Off|[of] p2a: Wo-Chien\n|\n|-heal|p2a: Wo-Chien|186/277|[from] item: Leftovers\n|upkeep\n|turn|3\n|\n|t:|1782784379\n|switch|p1a: Iron Jugulis|Iron Jugulis, L77|271/271\n|move|p2a: Wo-Chien|Leech Seed|p1a: Iron Jugulis\n|-start|p1a: Iron Jugulis|move: Leech Seed\n|\n|-heal|p2a: Wo-Chien|203/277|[from] item: Leftovers\n|-damage|p1a: Iron Jugulis|238/271|[from] Leech Seed|[of] p2a: Wo-Chien\n|-heal|p2a: Wo-Chien|236/277|[silent]\n|upkeep\n|turn|4\n|\n|t:|1782784385\n|-end|p1a: Iron Jugulis|Quark Drive|[silent]\n|switch|p1a: Gurdurr|Gurdurr, L85, M|283/283\n|move|p2a: Wo-Chien|Protect||[still]\n|-fail|p2a: Wo-Chien\n|\n|-heal|p2a: Wo-Chien|253/277|[from] item: Leftovers\n|upkeep\n|turn|5\n|\n|t:|1782784390\n|move|p2a: Wo-Chien|Knock Off|p1a: Gurdurr\n|-resisted|p1a: Gurdurr\n|-damage|p1a: Gurdurr|252/283\n|-enditem|p1a: Gurdurr|Eviolite|[from] move: Knock Off|[of] p2a: Wo-Chien\n|move|p1a: Gurdurr|Knock Off|p2a: Wo-Chien\n|-resisted|p2a: Wo-Chien\n|-damage|p2a: Wo-Chien|228/277\n|-enditem|p2a: Wo-Chien|Leftovers|[from] move: Knock Off|[of] p1a: Gurdurr\n|\n|upkeep\n|turn|6\n|\n|t:|1782784396\n|switch|p2a: Farigiraf|Farigiraf, L90, M|362/362\n|move|p1a: Gurdurr|Drain Punch|p2a: Farigiraf\n|-damage|p2a: Farigiraf|256/362\n|-heal|p1a: Gurdurr|283/283|[from] drain|[of] p2a: Farigiraf\n|\n|-heal|p2a: Farigiraf|278/362|[from] item: Leftovers\n|upkeep\n|turn|7\n|\n|t:|1782784419\n|move|p2a: Farigiraf|Wish|p2a: Farigiraf\n|move|p1a: Gurdurr|Knock Off|p2a: Farigiraf\n|-supereffective|p2a: Farigiraf\n|-damage|p2a: Farigiraf|124/362\n|-enditem|p2a: Farigiraf|Leftovers|[from] move: Knock Off|[of] p1a: Gurdurr\n|\n|upkeep\n|turn|8\n|\n|t:|1782784430\n|switch|p1a: Metagross|Metagross, L79|256/256\n|move|p2a: Farigiraf|Psychic Noise|p1a: Metagross\n|-resisted|p1a: Metagross\n|-damage|p1a: Metagross|228/256\n|-start|p1a: Metagross|move: Heal Block\n|\n|-heal|p2a: Farigiraf|305/362|[from] move: Wish|[wisher] Farigiraf\n|upkeep\n|turn|9\n|\n|t:|1782784434\n|switch|p2a: Wo-Chien|Wo-Chien, L83|228/277\n|-ability|p2a: Wo-Chien|Tablets of Ruin\n|move|p1a: Metagross|Stealth Rock|p2a: Wo-Chien\n|-sidestart|p2: spencomatic|move: Stealth Rock\n|\n|-end|p1a: Metagross|move: Heal Block\n|upkeep\n|turn|10\n|\n|t:|1782784440\n|move|p2a: Wo-Chien|Leech Seed|p1a: Metagross\n|-start|p1a: Metagross|move: Leech Seed\n|move|p1a: Metagross|Heavy Slam|p2a: Wo-Chien\n|-damage|p2a: Wo-Chien|129/277\n|\n|-heal|p1a: Metagross|244/256|[from] item: Leftovers\n|-damage|p1a: Metagross|212/256|[from] Leech Seed|[of] p2a: Wo-Chien\n|-heal|p2a: Wo-Chien|161/277|[silent]\n|upkeep\n|turn|11\n|\n|t:|1782784445\n|switch|p1a: Iron Jugulis|Iron Jugulis, L77|238/271\n|move|p2a: Wo-Chien|Leech Seed|p1a: Iron Jugulis\n|-start|p1a: Iron Jugulis|move: Leech Seed\n|\n|-damage|p1a: Iron Jugulis|205/271|[from] Leech Seed|[of] p2a: Wo-Chien\n|-heal|p2a: Wo-Chien|194/277|[silent]\n|upkeep\n|turn|12\n|\n|t:|1782784449\n|-end|p1a: Iron Jugulis|Quark Drive|[silent]\n|switch|p1a: Gurdurr|Gurdurr, L85, M|283/283\n|move|p2a: Wo-Chien|Protect||[still]\n|-fail|p2a: Wo-Chien\n|\n|upkeep\n|turn|13\n|\n|t:|1782784453\n|switch|p2a: Farigiraf|Farigiraf, L90, M|305/362\n|-damage|p2a: Farigiraf|260/362|[from] Stealth Rock\n|move|p1a: Gurdurr|Drain Punch|p2a: Farigiraf\n|-damage|p2a: Farigiraf|163/362\n|\n|upkeep\n|turn|14\n|\n|t:|1782784457\n|switch|p1a: Iron Jugulis|Iron Jugulis, L77|205/271\n|move|p2a: Farigiraf|Wish|p2a: Farigiraf\n|\n|upkeep\n|turn|15\n|\n|t:|1782784463\n|move|p2a: Farigiraf|Protect|p2a: Farigiraf\n|-singleturn|p2a: Farigiraf|Protect\n|move|p1a: Iron Jugulis|Dark Pulse|p2a: Farigiraf\n|-activate|p2a: Farigiraf|move: Protect\n|\n|-heal|p2a: Farigiraf|344/362|[from] move: Wish|[wisher] Farigiraf\n|upkeep\n|turn|16\n|\n|t:|1782784472\n|move|p1a: Iron Jugulis|Meteor Beam||[still]\n|-prepare|p1a: Iron Jugulis|Meteor Beam\n|-boost|p1a: Iron Jugulis|spa|1\n|-enditem|p1a: Iron Jugulis|Power Herb\n|-anim|p1a: Iron Jugulis|Meteor Beam|p2a: Farigiraf\n|-damage|p2a: Farigiraf|208/362\n|move|p2a: Farigiraf|Wish|p2a: Farigiraf\n|\n|upkeep\n|turn|17\n|\n|t:|1782784478\n|switch|p2a: Regice|Regice, L88|284/284\n|move|p1a: Iron Jugulis|Hurricane|p2a: Regice|[miss]\n|-miss|p1a: Iron Jugulis|p2a: Regice\n|\n|upkeep\n|turn|18\n|\n|t:|1782784487\n|-end|p1a: Iron Jugulis|Quark Drive|[silent]\n|switch|p1a: Metagross|Metagross, L79|212/256\n|move|p2a: Regice|Ice Beam|p1a: Metagross\n|-resisted|p1a: Metagross\n|-damage|p1a: Metagross|157/256\n|-status|p1a: Metagross|frz\n|\n|-heal|p1a: Metagross|173/256 frz|[from] item: Leftovers\n|upkeep\n|turn|19\n|\n|t:|1782784495\n|switch|p2a: Wo-Chien|Wo-Chien, L83|194/277\n|-damage|p2a: Wo-Chien|160/277|[from] Stealth Rock\n|-ability|p2a: Wo-Chien|Tablets of Ruin\n|cant|p1a: Metagross|frz\n|\n|-heal|p1a: Metagross|189/256 frz|[from] item: Leftovers\n|upkeep\n|turn|20\n|\n|t:|1782784515\n|move|p2a: Wo-Chien|Leech Seed|p1a: Metagross|[miss]\n|-miss|p2a: Wo-Chien|p1a: Metagross\n|cant|p1a: Metagross|frz\n|\n|-heal|p1a: Metagross|205/256 frz|[from] item: Leftovers\n|upkeep\n|turn|21\n|\n|t:|1782784518\n|move|p2a: Wo-Chien|Leech Seed|p1a: Metagross\n|-start|p1a: Metagross|move: Leech Seed\n|cant|p1a: Metagross|frz\n|\n|-heal|p1a: Metagross|221/256 frz|[from] item: Leftovers\n|-damage|p1a: Metagross|189/256 frz|[from] Leech Seed|[of] p2a: Wo-Chien\n|-heal|p2a: Wo-Chien|192/277|[silent]\n|upkeep\n|turn|22\n|\n|t:|1782784521\n|move|p2a: Wo-Chien|Knock Off|p1a: Metagross\n|-supereffective|p1a: Metagross\n|-damage|p1a: Metagross|43/256 frz\n|-enditem|p1a: Metagross|Leftovers|[from] move: Knock Off|[of] p2a: Wo-Chien\n|cant|p1a: Metagross|frz\n|\n|-damage|p1a: Metagross|11/256 frz|[from] Leech Seed|[of] p2a: Wo-Chien\n|-heal|p2a: Wo-Chien|224/277|[silent]\n|upkeep\n|turn|23\n|\n|t:|1782784523\n|cant|p1a: Metagross|frz\n|move|p2a: Wo-Chien|Giga Drain|p1a: Metagross\n|-resisted|p1a: Metagross\n|-damage|p1a: Metagross|0 fnt\n|-heal|p2a: Wo-Chien|230/277|[from] drain|[of] p1a: Metagross\n|faint|p1a: Metagross\n|\n|upkeep\n|\n|t:|1782784529\n|switch|p1a: Iron Jugulis|Iron Jugulis, L77|205/271\n|turn|24\n|\n|t:|1782784533\n|switch|p2a: Regice|Regice, L88|284/284\n|move|p1a: Iron Jugulis|Hurricane|p2a: Regice|[miss]\n|-miss|p1a: Iron Jugulis|p2a: Regice\n|\n|upkeep\n|turn|25\n|-message|sarodiya forfeited.\n|\n|win|spencomatic\n", "inputlog": ">version f8ac14003a5f27e1bdc8d8c59608a773c1cb96e5\n>start {\"formatid\":\"gen9randombattle\",\"seed\":\"sodium,18d7f717f627215cde04ad93f15b39d9\",\"rated\":\"Rated battle\"}\n>player p1 {\"name\":\"sarodiya\",\"avatar\":\"265\",\"rating\":1927,\"seed\":\"sodium,99d046d9fcf39b695aaa3bfe8b326d22\"}\n>player p2 {\"name\":\"spencomatic\",\"avatar\":\"2\",\"rating\":2047,\"seed\":\"sodium,51877f28107911542fe52b81f3fb5bf1\"}\n>p1 move scald\n>p2 switch 3\n>p1 move icebeam\n>p2 move knockoff\n>p1 switch 5\n>p2 move leechseed\n>p1 switch 6\n>p2 move protect\n>p1 move knockoff\n>p2 move knockoff\n>p1 move drainpunch\n>p2 switch 6\n>p1 move knockoff\n>p2 move wish\n>p1 switch 4\n>p2 move psychicnoise\n>p1 move stealthrock\n>p2 switch 6\n>p1 move heavyslam\n>p2 move leechseed\n>p1 switch 6\n>p2 move leechseed\n>p1 switch 4\n>p2 move protect\n>p1 move drainpunch\n>p2 switch 6\n>p1 switch 4\n>p2 move wish\n>p1 move darkpulse\n>p2 move protect\n>p1 move meteorbeam\n>p2 move wish\n>p1 move hurricane\n>p2 switch 5\n>p1 switch 6\n>p2 move icebeam\n>p1 move heavyslam\n>p2 switch 6\n>p1 move heavyslam\n>p2 move leechseed\n>p1 move heavyslam\n>p2 move leechseed\n>p1 move heavyslam\n>p2 move knockoff\n>p1 move bulletpunch\n>p2 move gigadrain\n>p1 switch 6\n>p1 move hurricane\n>p2 switch 6\n>forcelose p1", "uploadtime": 1782784355, "views": 10, "formatid": "gen9randombattle", "rating": null, "private": 0, "password": null, "player_dets": [{"name": "sarodiya", "avatar": "265", "rating": 1927, "seed": "sodium,99d046d9fcf39b695aaa3bfe8b326d22"}, {"name": "spencomatic", "avatar": "2", "rating": 2047, "seed": "sodium,51877f28107911542fe52b81f3fb5bf1"}], "teams_full": [{"Milotic": {"name": "Milotic", "species": "Milotic", "speciesId": "milotic", "gender": "F", "shiny": false, "level": 83, "moves": ["scald", "icebeam", "recover", "dragontail"], "ability": "Competitive", "evs": {"hp": 85, "atk": 85, "def": 85, "spa": 85, "spd": 85, "spe": 85}, "ivs": {"hp": 31, "atk": 31, "def": 31, "spa": 31, "spd": 31, "spe": 31}, "item": "Leftovers", "teraType": "Dragon", "role": "Bulky Attacker", "bvs": {"hp": 95, "atk": 60, "def": 79, "spa": 100, "spd": 125, "spe": 81}, "stats": {"hp": 293, "atk": 147, "def": 179, "spa": 214, "spd": 255, "spe": 182}, "types": ["Water"]}, "Banette": {"name": "Banette", "species": "Banette", "speciesId": "banette", "gender": "M", "shiny": false, "level": 93, "moves": ["poltergeist", "thunderwave", "gunkshot", "shadowsneak"], "ability": "Cursed Body", "evs": {"hp": 85, "atk": 85, "def": 85, "spa": 85, "spd": 85, "spe": 85}, "ivs": {"hp": 31, "atk": 31, "def": 31, "spa": 31, "spd": 31, "spe": 31}, "item": "Life Orb", "teraType": "Poison", "role": "Wallbreaker", "bvs": {"hp": 64, "atk": 115, "def": 65, "spa": 83, "spd": 63, "spe": 65}, "stats": {"hp": 270, "atk": 267, "def": 174, "spa": 207, "spd": 170, "spe": 174}, "types": ["Ghost"]}, "Basculin": {"name": "Basculin", "species": "Basculin", "speciesId": "basculin", "gender": "F", "shiny": false, "level": 86, "moves": ["wavecrash", "doubleedge", "flipturn", "aquajet"], "ability": "Adaptability", "evs": {"hp": 85, "atk": 85, "def": 85, "spa": 85, "spd": 85, "spe": 85}, "ivs": {"hp": 31, "atk": 31, "def": 31, "spa": 31, "spd": 31, "spe": 31}, "item": "Choice Band", "teraType": "Water", "role": "Wallbreaker", "bvs": {"hp": 70, "atk": 92, "def": 65, "spa": 80, "spd": 55, "spe": 98}, "stats": {"hp": 261, "atk": 207, "def": 161, "spa": 187, "spd": 144, "spe": 218}, "types": ["Water"]}, "Metagross": {"name": "Metagross", "species": "Metagross", "speciesId": "metagross", "gender": "N", "shiny": false, "level": 79, "moves": ["bulletpunch", "heavyslam", "stealthrock", "psychicfangs"], "ability": "Clear Body", "evs": {"hp": 85, "atk": 85, "def": 85, "spa": 85, "spd": 85, "spe": 85}, "ivs": {"hp": 31, "atk": 31, "def": 31, "spa": 31, "spd": 31, "spe": 31}, "item": "Leftovers", "teraType": "Water", "role": "Bulky Support", "bvs": {"hp": 80, "atk": 135, "def": 130, "spa": 95, "spd": 90, "spe": 70}, "stats": {"hp": 256, "atk": 259, "def": 251, "spa": 196, "spd": 188, "spe": 156}, "types": ["Steel", "Psychic"]}, "Iron Jugulis": {"name": "Iron Jugulis", "species": "Iron Jugulis", "speciesId": "ironjugulis", "gender": "N", "shiny": false, "level": 77, "moves": ["darkpulse", "hurricane", "meteorbeam", "earthpower"], "ability": "Quark Drive", "evs": {"hp": 85, "atk": 0, "def": 85, "spa": 85, "spd": 85, "spe": 85}, "ivs": {"hp": 31, "atk": 0, "def": 31, "spa": 31, "spd": 31, "spe": 31}, "item": "Power Herb", "teraType": "Ground", "role": "Setup Sweeper", "bvs": {"hp": 94, "atk": 80, "def": 86, "spa": 122, "spd": 80, "spe": 108}, "stats": {"hp": 271, "atk": 128, "def": 177, "spa": 232, "spd": 168, "spe": 211}, "types": ["Dark", "Flying"]}, "Gurdurr": {"name": "Gurdurr", "species": "Gurdurr", "speciesId": "gurdurr", "gender": "M", "shiny": false, "level": 85, "moves": ["drainpunch", "knockoff", "bulkup", "machpunch"], "ability": "Guts", "evs": {"hp": 85, "atk": 85, "def": 85, "spa": 85, "spd": 85, "spe": 85}, "ivs": {"hp": 31, "atk": 31, "def": 31, "spa": 31, "spd": 31, "spe": 31}, "item": "Eviolite", "teraType": "Steel", "role": "Bulky Attacker", "bvs": {"hp": 85, "atk": 105, "def": 85, "spa": 40, "spd": 50, "spe": 40}, "stats": {"hp": 283, "atk": 227, "def": 193, "spa": 117, "spd": 134, "spe": 117}, "types": ["Fighting"]}}, {"Stonjourner": {"name": "Stonjourner", "species": "Stonjourner", "speciesId": "stonjourner", "gender": "F", "shiny": false, "level": 91, "moves": ["rockpolish", "heatcrash", "earthquake", "stoneedge"], "ability": "Power Spot", "evs": {"hp": 85, "atk": 85, "def": 85, "spa": 85, "spd": 85, "spe": 85}, "ivs": {"hp": 31, "atk": 31, "def": 31, "spa": 31, "spd": 31, "spe": 31}, "item": "Life Orb", "teraType": "Fire", "role": "Fast Attacker", "bvs": {"hp": 100, "atk": 125, "def": 135, "spa": 20, "spd": 20, "spe": 70}, "stats": {"hp": 330, "atk": 279, "def": 298, "spa": 88, "spd": 88, "spe": 179}, "types": ["Rock"]}, "Groudon": {"name": "Groudon", "species": "Groudon", "speciesId": "groudon", "gender": "N", "shiny": false, "level": 72, "moves": ["precipiceblades", "roar", "stealthrock", "heatcrash"], "ability": "Drought", "evs": {"hp": 85, "atk": 85, "def": 85, "spa": 85, "spd": 85, "spe": 85}, "ivs": {"hp": 31, "atk": 31, "def": 31, "spa": 31, "spd": 31, "spe": 31}, "item": "Leftovers", "teraType": "Fire", "role": "Bulky Attacker", "bvs": {"hp": 100, "atk": 150, "def": 140, "spa": 100, "spd": 90, "spe": 90}, "stats": {"hp": 263, "atk": 258, "def": 244, "spa": 186, "spd": 172, "spe": 172}, "types": ["Ground"]}, "Wo-Chien": {"name": "Wo-Chien", "species": "Wo-Chien", "speciesId": "wochien", "gender": "N", "shiny": false, "level": 83, "moves": ["leechseed", "gigadrain", "protect", "knockoff"], "ability": "Tablets of Ruin", "evs": {"hp": 85, "atk": 85, "def": 85, "spa": 85, "spd": 85, "spe": 85}, "ivs": {"hp": 31, "atk": 31, "def": 31, "spa": 31, "spd": 31, "spe": 31}, "item": "Leftovers", "teraType": "Poison", "role": "Bulky Support", "bvs": {"hp": 85, "atk": 85, "def": 100, "spa": 95, "spd": 135, "spe": 70}, "stats": {"hp": 277, "atk": 189, "def": 214, "spa": 205, "spd": 272, "spe": 164}, "types": ["Dark", "Grass"]}, "Slither Wing": {"name": "Slither Wing", "species": "Slither Wing", "speciesId": "slitherwing", "gender": "N", "shiny": false, "level": 81, "moves": ["closecombat", "firstimpression", "wildcharge", "earthquake"], "ability": "Protosynthesis", "evs": {"hp": 85, "atk": 85, "def": 85, "spa": 85, "spd": 85, "spe": 85}, "ivs": {"hp": 31, "atk": 31, "def": 31, "spa": 31, "spd": 31, "spe": 31}, "item": "Life Orb", "teraType": "Electric", "role": "Fast Attacker", "bvs": {"hp": 85, "atk": 135, "def": 79, "spa": 85, "spd": 105, "spe": 81}, "stats": {"hp": 270, "atk": 265, "def": 175, "spa": 184, "spd": 217, "spe": 178}, "types": ["Bug", "Fighting"]}, "Regice": {"name": "Regice", "species": "Regice", "speciesId": "regice", "gender": "N", "shiny": false, "level": 88, "moves": ["icebeam", "sleeptalk", "thunderbolt", "rest"], "ability": "Clear Body", "evs": {"hp": 85, "atk": 0, "def": 85, "spa": 85, "spd": 85, "spe": 85}, "ivs": {"hp": 31, "atk": 0, "def": 31, "spa": 31, "spd": 31, "spe": 31}, "item": "Heavy-Duty Boots", "teraType": "Electric", "role": "Bulky Attacker", "bvs": {"hp": 80, "atk": 50, "def": 100, "spa": 100, "spd": 200, "spe": 50}, "stats": {"hp": 284, "atk": 93, "def": 226, "spa": 226, "spd": 402, "spe": 138}, "types": ["Ice"]}, "Farigiraf": {"name": "Farigiraf", "species": "Farigiraf", "speciesId": "farigiraf", "gender": "M", "shiny": false, "level": 90, "moves": ["psychicnoise", "protect", "wish", "bodyslam"], "ability": "Sap Sipper", "evs": {"hp": 85, "atk": 85, "def": 85, "spa": 85, "spd": 85, "spe": 85}, "ivs": {"hp": 31, "atk": 31, "def": 31, "spa": 31, "spd": 31, "spe": 31}, "item": "Leftovers", "teraType": "Water", "role": "Bulky Support", "bvs": {"hp": 120, "atk": 90, "def": 70, "spa": 110, "spd": 70, "spe": 60}, "stats": {"hp": 362, "atk": 213, "def": 177, "spa": 249, "spd": 177, "spe": 159}, "types": ["Normal", "Psychic"]}}]}