{"id": "gen9randombattle-2641687994", "format": "[Gen 9] Random Battle", "players": ["Apple_Airpod5", "sonnyjimvb2"], "log": "|j|\u2606Apple_Airpod5\n|j|\u2606sonnyjimvb2\n|t:|1782829954\n|gametype|singles\n|player|p1|Apple_Airpod5|ingo|1954\n|player|p2|sonnyjimvb2|169|1960\n|gen|9\n|tier|[Gen 9] Random Battle\n|rated|\n|rule|Species Clause: Limit one of each Pok\u00e9mon\n|rule|HP Percentage Mod: HP is shown in percentages\n|rule|Sleep Clause Mod: Limit one foe put to sleep\n|rule|Illusion Level Mod: Illusion disguises the Pok\u00e9mon's true level\n|\n|t:|1782829954\n|teamsize|p1|6\n|teamsize|p2|6\n|start\n|switch|p1a: Leavanny|Leavanny, L86, M|269/269\n|switch|p2a: Banette|Banette, L93, F|270/270\n|turn|1\n|inactive|Battle timer is ON: inactive players will automatically lose when time's up. (requested by Apple_Airpod5)\n|\n|t:|1782829966\n|move|p1a: Leavanny|Knock Off|p2a: Banette\n|-supereffective|p2a: Banette\n|-damage|p2a: Banette|98/270\n|-enditem|p2a: Banette|Life Orb|[from] move: Knock Off|[of] p1a: Leavanny\n|move|p2a: Banette|Thunder Wave|p1a: Leavanny\n|-status|p1a: Leavanny|par\n|\n|upkeep\n|turn|2\n|\n|t:|1782829976\n|switch|p1a: Mightyena|Mightyena, L96, M|290/290\n|-ability|p1a: Mightyena|Intimidate|boost\n|-unboost|p2a: Banette|atk|1\n|move|p2a: Banette|Gunk Shot|p1a: Mightyena|[miss]\n|-miss|p2a: Banette|p1a: Mightyena\n|\n|upkeep\n|turn|3\n|\n|t:|1782829988\n|switch|p2a: Slither Wing|Slither Wing, L81|270/270\n|move|p1a: Mightyena|Crunch|p2a: Slither Wing\n|-resisted|p2a: Slither Wing\n|-damage|p2a: Slither Wing|215/270\n|\n|upkeep\n|turn|4\n|\n|t:|1782830008\n|move|p1a: Mightyena|Play Rough|p2a: Slither Wing\n|-supereffective|p2a: Slither Wing\n|-damage|p2a: Slither Wing|41/270\n|move|p2a: Slither Wing|U-turn|p1a: Mightyena\n|-supereffective|p1a: Mightyena\n|-crit|p1a: Mightyena\n|-damage|p1a: Mightyena|0 fnt\n|faint|p1a: Mightyena\n|\n|t:|1782830018\n|-end|p2a: Slither Wing|Protosynthesis|[silent]\n|switch|p2a: Iron Bundle|Iron Bundle, L78|215/215|[from] U-turn\n|\n|upkeep\n|\n|t:|1782830029\n|switch|p1a: Lapras|Lapras, L87, M|367/367\n|turn|5\n|\n|t:|1782830039\n|move|p2a: Iron Bundle|Freeze-Dry|p1a: Lapras\n|-damage|p1a: Lapras|292/367\n|move|p1a: Lapras|Freeze-Dry|p2a: Iron Bundle\n|-damage|p2a: Iron Bundle|55/215\n|\n|upkeep\n|turn|6\n|l|\u2606sonnyjimvb2\n|inactive|sonnyjimvb2 disconnected and has a minute to reconnect!\n|player|p2|\n|j|\u2606sonnyjimvb2\n|inactive|sonnyjimvb2 reconnected and has 145 seconds left.\n|player|p2|sonnyjimvb2|169|\n|\n|t:|1782830052\n|move|p2a: Iron Bundle|Freeze-Dry|p1a: Lapras\n|-damage|p1a: Lapras|213/367\n|move|p1a: Lapras|Freeze-Dry|p2a: Iron Bundle\n|-damage|p2a: Iron Bundle|0 fnt\n|faint|p2a: Iron Bundle\n|-end|p2a: Iron Bundle|Quark Drive|[silent]\n|\n|upkeep\n|\n|t:|1782830055\n|switch|p2a: Slither Wing|Slither Wing, L81|41/270\n|turn|7\n|\n|t:|1782830079\n|switch|p1a: Crabominable|Crabominable, L90, M|321/321\n|move|p2a: Slither Wing|Morning Sun|p2a: Slither Wing\n|-heal|p2a: Slither Wing|176/270\n|\n|upkeep\n|turn|8\n|inactive|Apple_Airpod5 has 120 seconds left.\n|\n|t:|1782830102\n|-terastallize|p1a: Crabominable|Ground\n|move|p2a: Slither Wing|Will-O-Wisp|p1a: Crabominable|[miss]\n|-miss|p2a: Slither Wing|p1a: Crabominable\n|move|p1a: Crabominable|Ice Hammer|p2a: Slither Wing\n|-damage|p2a: Slither Wing|0 fnt\n|-unboost|p1a: Crabominable|spe|1\n|faint|p2a: Slither Wing\n|-end|p2a: Slither Wing|Protosynthesis|[silent]\n|\n|upkeep\n|\n|t:|1782830110\n|switch|p2a: Banette|Banette, L93, F|98/270\n|turn|9\n|\n|t:|1782830114\n|move|p2a: Banette|Poltergeist|p1a: Crabominable\n|-activate|p1a: Crabominable|move: Poltergeist|Choice Band\n|-damage|p1a: Crabominable|158/321\n|move|p1a: Crabominable|Ice Hammer|p2a: Banette\n|-damage|p2a: Banette|0 fnt\n|-unboost|p1a: Crabominable|spe|1\n|faint|p2a: Banette\n|\n|upkeep\n|\n|t:|1782830120\n|switch|p2a: Lilligant|Lilligant, L86, F|261/261\n|turn|10\n|\n|t:|1782830133\n|switch|p1a: Leavanny|Leavanny, L86, M|269/269 par\n|move|p2a: Lilligant|Petal Dance|p1a: Leavanny\n|-resisted|p1a: Leavanny\n|-damage|p1a: Leavanny|218/269 par\n|-damage|p2a: Lilligant|235/261|[from] item: Life Orb\n|\n|upkeep\n|turn|11\n|\n|t:|1782830140\n|move|p2a: Lilligant|Petal Dance|p1a: Leavanny|[from] lockedmove\n|-resisted|p1a: Leavanny\n|-damage|p1a: Leavanny|170/269 par\n|-damage|p2a: Lilligant|209/261|[from] item: Life Orb\n|cant|p1a: Leavanny|par\n|\n|upkeep\n|turn|12\n|\n|t:|1782830148\n|move|p2a: Lilligant|Petal Dance|p1a: Leavanny|[from] lockedmove\n|-resisted|p1a: Leavanny\n|-damage|p1a: Leavanny|117/269 par\n|-damage|p2a: Lilligant|183/261|[from] item: Life Orb\n|move|p1a: Leavanny|Triple Axel|p2a: Lilligant\n|-supereffective|p2a: Lilligant\n|-damage|p2a: Lilligant|145/261\n|-supereffective|p2a: Lilligant\n|-crit|p2a: Lilligant\n|-damage|p2a: Lilligant|49/261\n|-supereffective|p2a: Lilligant\n|-damage|p2a: Lilligant|0 fnt\n|faint|p2a: Lilligant\n|-hitcount|p2: Lilligant|3\n|\n|upkeep\n|\n|t:|1782830151\n|switch|p2a: Polteageist|Polteageist-Antique, L78|222/222\n|turn|13\n|\n|t:|1782830162\n|move|p2a: Polteageist|Shell Smash|p2a: Polteageist\n|-unboost|p2a: Polteageist|def|1\n|-unboost|p2a: Polteageist|spd|1\n|-boost|p2a: Polteageist|atk|2\n|-boost|p2a: Polteageist|spa|2\n|-boost|p2a: Polteageist|spe|2\n|-enditem|p2a: Polteageist|White Herb\n|-clearnegativeboost|p2a: Polteageist|[silent]\n|cant|p1a: Leavanny|par\n|\n|upkeep\n|turn|14\n|\n|t:|1782830174\n|-terastallize|p2a: Polteageist|Fighting\n|move|p2a: Polteageist|Shell Smash|p2a: Polteageist\n|-unboost|p2a: Polteageist|def|1\n|-unboost|p2a: Polteageist|spd|1\n|-boost|p2a: Polteageist|atk|2\n|-boost|p2a: Polteageist|spa|2\n|-boost|p2a: Polteageist|spe|2\n|cant|p1a: Leavanny|par\n|\n|upkeep\n|turn|15\n|\n|t:|1782830184\n|move|p2a: Polteageist|Shadow Ball|p1a: Leavanny\n|-damage|p1a: Leavanny|0 fnt\n|faint|p1a: Leavanny\n|\n|upkeep\n|\n|t:|1782830197\n|switch|p1a: Lapras|Lapras, L87, M|213/367\n|turn|16\n|\n|t:|1782830219\n|move|p2a: Polteageist|Tera Blast|p1a: Lapras|[anim] Tera Blast Fighting\n|-supereffective|p1a: Lapras\n|-damage|p1a: Lapras|0 fnt\n|faint|p1a: Lapras\n|\n|upkeep\n|\n|t:|1782830222\n|switch|p1a: Pikachu|Pikachu-Kalos, L93, M|216/216\n|turn|17\n|\n|t:|1782830228\n|move|p2a: Polteageist|Tera Blast|p1a: Pikachu|[anim] Tera Blast Fighting\n|-damage|p1a: Pikachu|0 fnt\n|faint|p1a: Pikachu\n|\n|upkeep\n|\n|t:|1782830232\n|switch|p1a: Iron Leaves|Iron Leaves, L80|275/275\n|turn|18\n|\n|t:|1782830234\n|move|p2a: Polteageist|Shadow Ball|p1a: Iron Leaves\n|-supereffective|p1a: Iron Leaves\n|-damage|p1a: Iron Leaves|0 fnt\n|faint|p1a: Iron Leaves\n|-end|p1a: Iron Leaves|Quark Drive|[silent]\n|\n|upkeep\n|\n|t:|1782830237\n|switch|p1a: Crabominable|Crabominable, L90, M, tera:Ground|158/321\n|turn|19\n|\n|t:|1782830240\n|move|p2a: Polteageist|Shadow Ball|p1a: Crabominable\n|-damage|p1a: Crabominable|0 fnt\n|faint|p1a: Crabominable\n|\n|win|sonnyjimvb2\n", "inputlog": ">version f8ac14003a5f27e1bdc8d8c59608a773c1cb96e5\n>start {\"formatid\":\"gen9randombattle\",\"seed\":\"sodium,d67488d1455b4ba36ee705614d18b35d\",\"rated\":\"Rated battle\"}\n>player p1 {\"name\":\"Apple_Airpod5\",\"avatar\":\"ingo\",\"rating\":1954,\"seed\":\"sodium,95ea59c51baab4ee355bd78822cf1c05\"}\n>player p2 {\"name\":\"sonnyjimvb2\",\"avatar\":\"169\",\"rating\":1960,\"seed\":\"sodium,65fc22de42d6491751d0f86c678420d2\"}\n>p1 move knockoff\n>p2 move thunderwave\n>p1 switch 2\n>p2 move gunkshot\n>p1 move crunch\n>p2 switch 2\n>p1 move playrough\n>p2 move uturn\n>p2 switch 6\n>p1 switch 3\n>p1 move freezedry\n>p2 move freezedry\n>p1 move freezedry\n>p2 move freezedry\n>p2 switch 6\n>p1 switch 4\n>p2 move morningsun\n>p1 move icehammer terastallize\n>p2 move willowisp\n>p2 switch 2\n>p1 move icehammer\n>p2 move poltergeist\n>p2 switch 3\n>p1 switch 2\n>p2 move petaldance\n>p1 move stickyweb\n>p2 move petaldance\n>p1 move tripleaxel\n>p2 move petaldance\n>p2 switch 5\n>p1 move knockoff\n>p2 move shellsmash\n>p1 move knockoff\n>p2 move shellsmash terastallize\n>p1 move tripleaxel\n>p2 move shadowball\n>p1 switch 4\n>p1 move sparklingaria\n>p2 move terablast\n>p1 switch 6\n>p1 move volttackle\n>p2 move terablast\n>p1 switch 5\n>p1 move psyblade\n>p2 move shadowball\n>p1 switch 2\n>p1 move icehammer\n>p2 move shadowball", "uploadtime": 1782829956, "views": 3, "formatid": "gen9randombattle", "rating": null, "private": 0, "password": null, "player_dets": [{"name": "Apple_Airpod5", "avatar": "ingo", "rating": 1954, "seed": "sodium,95ea59c51baab4ee355bd78822cf1c05"}, {"name": "sonnyjimvb2", "avatar": "169", "rating": 1960, "seed": "sodium,65fc22de42d6491751d0f86c678420d2"}], "teams_full": [{"Leavanny": {"name": "Leavanny", "species": "Leavanny", "speciesId": "leavanny", "gender": "M", "shiny": false, "level": 86, "moves": ["knockoff", "stickyweb", "tripleaxel", "bulletseed"], "ability": "Chlorophyll", "evs": {"hp": 85, "atk": 85, "def": 85, "spa": 85, "spd": 85, "spe": 85}, "ivs": {"hp": 31, "atk": 31, "def": 31, "spa": 31, "spd": 31, "spe": 31}, "item": "Loaded Dice", "teraType": "Ghost", "role": "Fast Attacker", "bvs": {"hp": 75, "atk": 103, "def": 80, "spa": 70, "spd": 80, "spe": 92}, "stats": {"hp": 269, "atk": 226, "def": 187, "spa": 170, "spd": 187, "spe": 207}, "types": ["Bug", "Grass"]}, "Mightyena": {"name": "Mightyena", "species": "Mightyena", "speciesId": "mightyena", "gender": "M", "shiny": false, "level": 96, "moves": ["suckerpunch", "poisonfang", "playrough", "crunch"], "ability": "Intimidate", "evs": {"hp": 85, "atk": 85, "def": 85, "spa": 85, "spd": 85, "spe": 85}, "ivs": {"hp": 31, "atk": 31, "def": 31, "spa": 31, "spd": 31, "spe": 31}, "item": "Assault Vest", "teraType": "Poison", "role": "AV Pivot", "bvs": {"hp": 70, "atk": 90, "def": 70, "spa": 60, "spd": 60, "spe": 70}, "stats": {"hp": 290, "atk": 227, "def": 189, "spa": 170, "spd": 170, "spe": 189}, "types": ["Dark"]}, "Lapras": {"name": "Lapras", "species": "Lapras", "speciesId": "lapras", "gender": "M", "shiny": false, "level": 87, "moves": ["sparklingaria", "hydropump", "freezedry", "icebeam"], "ability": "Water Absorb", "evs": {"hp": 81, "atk": 0, "def": 85, "spa": 85, "spd": 85, "spe": 85}, "ivs": {"hp": 31, "atk": 0, "def": 31, "spa": 31, "spd": 31, "spe": 31}, "item": "Choice Specs", "teraType": "Water", "role": "Wallbreaker", "bvs": {"hp": 130, "atk": 85, "def": 80, "spa": 85, "spd": 95, "spe": 60}, "stats": {"hp": 367, "atk": 152, "def": 189, "spa": 198, "spd": 215, "spe": 154}, "types": ["Water", "Ice"]}, "Crabominable": {"name": "Crabominable", "species": "Crabominable", "speciesId": "crabominable", "gender": "M", "shiny": false, "level": 90, "moves": ["earthquake", "icehammer", "gunkshot", "closecombat"], "ability": "Iron Fist", "evs": {"hp": 85, "atk": 85, "def": 85, "spa": 85, "spd": 85, "spe": 85}, "ivs": {"hp": 31, "atk": 31, "def": 31, "spa": 31, "spd": 31, "spe": 31}, "item": "Choice Band", "teraType": "Ground", "role": "Wallbreaker", "bvs": {"hp": 97, "atk": 132, "def": 77, "spa": 62, "spd": 67, "spe": 43}, "stats": {"hp": 321, "atk": 289, "def": 190, "spa": 163, "spd": 172, "spe": 129}, "types": ["Fighting", "Ice"]}, "Iron Leaves": {"name": "Iron Leaves", "species": "Iron Leaves", "speciesId": "ironleaves", "gender": "N", "shiny": false, "level": 80, "moves": ["closecombat", "psyblade", "leafblade", "swordsdance"], "ability": "Quark Drive", "evs": {"hp": 85, "atk": 85, "def": 85, "spa": 85, "spd": 85, "spe": 85}, "ivs": {"hp": 31, "atk": 31, "def": 31, "spa": 31, "spd": 31, "spe": 31}, "item": "Life Orb", "teraType": "Fighting", "role": "Wallbreaker", "bvs": {"hp": 90, "atk": 130, "def": 88, "spa": 70, "spd": 108, "spe": 104}, "stats": {"hp": 275, "atk": 254, "def": 187, "spa": 158, "spd": 219, "spe": 213}, "types": ["Grass", "Psychic"]}, "Pikachu": {"name": "Pikachu", "species": "Pikachu-Kalos", "speciesId": "pikachu", "gender": "M", "shiny": false, "level": 93, "moves": ["volttackle", "voltswitch", "surf", "playrough"], "ability": "Lightning Rod", "evs": {"hp": 85, "atk": 85, "def": 85, "spa": 85, "spd": 85, "spe": 85}, "ivs": {"hp": 31, "atk": 31, "def": 31, "spa": 31, "spd": 31, "spe": 31}, "item": "Light Ball", "teraType": "Water", "role": "Fast Attacker", "bvs": {"hp": 35, "atk": 55, "def": 40, "spa": 50, "spd": 50, "spe": 90}, "stats": {"hp": 216, "atk": 155, "def": 127, "spa": 146, "spd": 146, "spe": 220}, "types": ["Electric"]}}, {"Banette": {"name": "Banette", "species": "Banette", "speciesId": "banette", "gender": "F", "shiny": false, "level": 93, "moves": ["shadowsneak", "gunkshot", "poltergeist", "thunderwave"], "ability": "Insomnia", "evs": {"hp": 85, "atk": 85, "def": 85, "spa": 85, "spd": 85, "spe": 85}, "ivs": {"hp": 31, "atk": 31, "def": 31, "spa": 31, "spd": 31, "spe": 31}, "item": "Life Orb", "teraType": "Poison", "role": "Wallbreaker", "bvs": {"hp": 64, "atk": 115, "def": 65, "spa": 83, "spd": 63, "spe": 65}, "stats": {"hp": 270, "atk": 267, "def": 174, "spa": 207, "spd": 170, "spe": 174}, "types": ["Ghost"]}, "Slither Wing": {"name": "Slither Wing", "species": "Slither Wing", "speciesId": "slitherwing", "gender": "N", "shiny": false, "level": 81, "moves": ["closecombat", "willowisp", "uturn", "morningsun"], "ability": "Protosynthesis", "evs": {"hp": 85, "atk": 85, "def": 85, "spa": 85, "spd": 85, "spe": 85}, "ivs": {"hp": 31, "atk": 31, "def": 31, "spa": 31, "spd": 31, "spe": 31}, "item": "Heavy-Duty Boots", "teraType": "Fire", "role": "Fast Support", "bvs": {"hp": 85, "atk": 135, "def": 79, "spa": 85, "spd": 105, "spe": 81}, "stats": {"hp": 270, "atk": 265, "def": 175, "spa": 184, "spd": 217, "spe": 178}, "types": ["Bug", "Fighting"]}, "Lilligant": {"name": "Lilligant", "species": "Lilligant", "speciesId": "lilligant", "gender": "F", "shiny": false, "level": 86, "moves": ["petaldance", "alluringvoice", "sleeppowder", "quiverdance"], "ability": "Own Tempo", "evs": {"hp": 85, "atk": 0, "def": 85, "spa": 85, "spd": 85, "spe": 85}, "ivs": {"hp": 31, "atk": 0, "def": 31, "spa": 31, "spd": 31, "spe": 31}, "item": "Life Orb", "teraType": "Fairy", "role": "Setup Sweeper", "bvs": {"hp": 70, "atk": 60, "def": 75, "spa": 110, "spd": 75, "spe": 90}, "stats": {"hp": 261, "atk": 108, "def": 178, "spa": 238, "spd": 178, "spe": 204}, "types": ["Grass"]}, "Sandaconda": {"name": "Sandaconda", "species": "Sandaconda", "speciesId": "sandaconda", "gender": "M", "shiny": false, "level": 84, "moves": ["rest", "earthquake", "glare", "stoneedge"], "ability": "Shed Skin", "evs": {"hp": 85, "atk": 85, "def": 85, "spa": 85, "spd": 85, "spe": 85}, "ivs": {"hp": 31, "atk": 31, "def": 31, "spa": 31, "spd": 31, "spe": 31}, "item": "Leftovers", "teraType": "Water", "role": "Bulky Attacker", "bvs": {"hp": 72, "atk": 107, "def": 125, "spa": 65, "spd": 70, "spe": 71}, "stats": {"hp": 258, "atk": 228, "def": 258, "spa": 157, "spd": 166, "spe": 167}, "types": ["Ground"]}, "Polteageist": {"name": "Polteageist", "species": "Polteageist-Antique", "speciesId": "polteageist", "gender": "N", "shiny": false, "level": 78, "moves": ["strengthsap", "terablast", "shadowball", "shellsmash"], "ability": "Cursed Body", "evs": {"hp": 85, "atk": 0, "def": 85, "spa": 85, "spd": 85, "spe": 85}, "ivs": {"hp": 31, "atk": 0, "def": 31, "spa": 31, "spd": 31, "spe": 31}, "item": "White Herb", "teraType": "Fighting", "role": "Tera Blast user", "bvs": {"hp": 60, "atk": 65, "def": 65, "spa": 134, "spd": 114, "spe": 70}, "stats": {"hp": 222, "atk": 106, "def": 146, "spa": 254, "spd": 223, "spe": 154}, "types": ["Ghost"]}, "Iron Bundle": {"name": "Iron Bundle", "species": "Iron Bundle", "speciesId": "ironbundle", "gender": "N", "shiny": false, "level": 78, "moves": ["encore", "icebeam", "hydropump", "freezedry"], "ability": "Quark Drive", "evs": {"hp": 85, "atk": 0, "def": 85, "spa": 85, "spd": 85, "spe": 85}, "ivs": {"hp": 31, "atk": 0, "def": 31, "spa": 31, "spd": 31, "spe": 31}, "item": "Heavy-Duty Boots", "teraType": "Water", "role": "Fast Attacker", "bvs": {"hp": 56, "atk": 80, "def": 114, "spa": 124, "spd": 60, "spe": 136}, "stats": {"hp": 215, "atk": 129, "def": 223, "spa": 239, "spd": 139, "spe": 257}, "types": ["Ice", "Water"]}}]}