{"id": "gen9randombattle-2641617335", "format": "[Gen 9] Random Battle", "players": ["mztmztmzt123", "ShadowQ8"], "log": "|j|\u2606mztmztmzt123\n|j|\u2606ShadowQ8\n|t:|1782819573\n|gametype|singles\n|player|p1|mztmztmzt123|1|2160\n|player|p2|ShadowQ8|cyrus|2255\n|gen|9\n|tier|[Gen 9] Random Battle\n|rated|\n|rule|Species Clause: Limit one of each Pok\u00e9mon\n|rule|HP Percentage Mod: HP is shown in percentages\n|rule|Sleep Clause Mod: Limit one foe put to sleep\n|rule|Illusion Level Mod: Illusion disguises the Pok\u00e9mon's true level\n|\n|t:|1782819573\n|teamsize|p1|6\n|teamsize|p2|6\n|start\n|switch|p1a: Mightyena|Mightyena, L96, F|290/290\n|switch|p2a: Gastrodon|Gastrodon-East, L86, M|331/331\n|-ability|p1a: Mightyena|Intimidate|boost\n|-unboost|p2a: Gastrodon|atk|1\n|turn|1\n|inactive|Battle timer is ON: inactive players will automatically lose when time's up. (requested by ShadowQ8)\n|\n|t:|1782819587\n|switch|p1a: Meganium|Meganium, L90, M|290/290\n|move|p2a: Gastrodon|Stealth Rock|p1a: Meganium\n|-sidestart|p1: mztmztmzt123|move: Stealth Rock\n|\n|upkeep\n|turn|2\n|\n|t:|1782819595\n|switch|p2a: Lurantis|Lurantis, L87, F|264/264\n|move|p1a: Meganium|Knock Off|p2a: Lurantis\n|-damage|p2a: Lurantis|197/264\n|-enditem|p2a: Lurantis|Assault Vest|[from] move: Knock Off|[of] p1a: Meganium\n|\n|upkeep\n|turn|3\n|\n|t:|1782819599\n|move|p2a: Lurantis|Leaf Storm|p1a: Meganium\n|-resisted|p1a: Meganium\n|-damage|p1a: Meganium|235/290\n|-boost|p2a: Lurantis|spa|2\n|move|p1a: Meganium|Dragon Tail|p2a: Lurantis\n|-damage|p2a: Lurantis|156/264\n|drag|p2a: Gastrodon|Gastrodon-East, L86, M|331/331\n|\n|-heal|p1a: Meganium|253/290|[from] item: Leftovers\n|upkeep\n|turn|4\n|\n|t:|1782819605\n|switch|p2a: Duraludon|Duraludon, L82, M|249/249\n|move|p1a: Meganium|Energy Ball|p2a: Duraludon\n|-resisted|p2a: Duraludon\n|-damage|p2a: Duraludon|224/249\n|\n|-heal|p1a: Meganium|271/290|[from] item: Leftovers\n|upkeep\n|turn|5\n|\n|t:|1782819618\n|move|p1a: Meganium|Knock Off|p2a: Duraludon\n|-damage|p2a: Duraludon|188/249\n|-enditem|p2a: Duraludon|Eviolite|[from] move: Knock Off|[of] p1a: Meganium\n|move|p2a: Duraludon|Draco Meteor|p1a: Meganium\n|-damage|p1a: Meganium|144/290\n|-unboost|p2a: Duraludon|spa|2\n|\n|-heal|p1a: Meganium|162/290|[from] item: Leftovers\n|upkeep\n|turn|6\n|\n|t:|1782819623\n|move|p1a: Meganium|Synthesis|p1a: Meganium\n|-heal|p1a: Meganium|290/290\n|move|p2a: Duraludon|Dragon Tail|p1a: Meganium\n|-damage|p1a: Meganium|239/290\n|drag|p1a: Oranguru|Oranguru, L92, M|315/315\n|-damage|p1a: Oranguru|276/315|[from] Stealth Rock\n|\n|upkeep\n|turn|7\n|\n|t:|1782819629\n|move|p2a: Duraludon|Flash Cannon|p1a: Oranguru\n|-damage|p1a: Oranguru|239/315\n|move|p1a: Oranguru|Focus Blast|p2a: Duraludon|[miss]\n|-miss|p1a: Oranguru|p2a: Duraludon\n|\n|upkeep\n|turn|8\n|\n|t:|1782819634\n|switch|p2a: Gastrodon|Gastrodon-East, L86, M|331/331\n|move|p1a: Oranguru|Focus Blast|p2a: Gastrodon\n|-damage|p2a: Gastrodon|186/331\n|\n|-heal|p2a: Gastrodon|206/331|[from] item: Leftovers\n|upkeep\n|turn|9\n|\n|t:|1782819648\n|switch|p1a: Meganium|Meganium, L90, M|239/290\n|-damage|p1a: Meganium|203/290|[from] Stealth Rock\n|switch|p2a: Lurantis|Lurantis, L87, F|156/264\n|\n|-heal|p1a: Meganium|221/290|[from] item: Leftovers\n|upkeep\n|turn|10\n|\n|t:|1782819654\n|switch|p1a: Bombirdier|Bombirdier, L85, M|258/258\n|-damage|p1a: Bombirdier|194/258|[from] Stealth Rock\n|move|p2a: Lurantis|Leech Life|p1a: Bombirdier\n|-damage|p1a: Bombirdier|125/258\n|-heal|p2a: Lurantis|191/264|[from] drain|[of] p1a: Bombirdier\n|\n|upkeep\n|turn|11\n|\n|t:|1782819665\n|switch|p2a: Duraludon|Duraludon, L82, M|188/249\n|move|p1a: Bombirdier|Brave Bird|p2a: Duraludon\n|-resisted|p2a: Duraludon\n|-damage|p2a: Duraludon|102/249\n|-damage|p1a: Bombirdier|97/258|[from] Recoil\n|\n|upkeep\n|turn|12\n|\n|t:|1782819682\n|switch|p1a: Oranguru|Oranguru, L92, M|239/315\n|-damage|p1a: Oranguru|200/315|[from] Stealth Rock\n|move|p2a: Duraludon|Dragon Tail|p1a: Oranguru|[miss]\n|-miss|p2a: Duraludon|p1a: Oranguru\n|\n|upkeep\n|turn|13\n|\n|t:|1782819686\n|move|p2a: Duraludon|Draco Meteor|p1a: Oranguru\n|-damage|p1a: Oranguru|73/315\n|-unboost|p2a: Duraludon|spa|2\n|move|p1a: Oranguru|Hyper Voice|p2a: Duraludon\n|-resisted|p2a: Duraludon\n|-damage|p2a: Duraludon|0 fnt\n|faint|p2a: Duraludon\n|\n|upkeep\n|\n|t:|1782819695\n|switch|p2a: Passimian|Passimian, L83, M|302/302\n|turn|14\n|\n|t:|1782819701\n|move|p2a: Passimian|U-turn|p1a: Oranguru\n|-supereffective|p1a: Oranguru\n|-damage|p1a: Oranguru|0 fnt\n|faint|p1a: Oranguru\n|\n|t:|1782819721\n|switch|p2a: Gastrodon|Gastrodon-East, L86, M|206/331|[from] U-turn\n|\n|-heal|p2a: Gastrodon|226/331|[from] item: Leftovers\n|upkeep\n|\n|t:|1782819744\n|switch|p1a: Glaceon|Glaceon, L94, M|275/275\n|turn|15\n|\n|t:|1782819756\n|switch|p2a: Porygon2|Porygon2, L81|270/270\n|-ability|p2a: Porygon2|Download|boost\n|-boost|p2a: Porygon2|spa|1\n|move|p1a: Glaceon|Freeze-Dry|p2a: Porygon2\n|-damage|p2a: Porygon2|189/270\n|\n|upkeep\n|turn|16\n|\n|t:|1782819767\n|switch|p1a: Mightyena|Mightyena, L96, F|290/290\n|-damage|p1a: Mightyena|254/290|[from] Stealth Rock\n|-ability|p1a: Mightyena|Intimidate|boost\n|-unboost|p2a: Porygon2|atk|1\n|move|p2a: Porygon2|Discharge|p1a: Mightyena\n|-damage|p1a: Mightyena|188/290\n|-status|p1a: Mightyena|par\n|\n|upkeep\n|turn|17\n|\n|t:|1782819776\n|switch|p2a: Passimian|Passimian, L83, M|302/302\n|move|p1a: Mightyena|Throat Chop|p2a: Passimian\n|-resisted|p2a: Passimian\n|-damage|p2a: Passimian|251/302\n|-start|p2a: Passimian|Throat Chop|[silent]\n|\n|upkeep\n|turn|18\n|\n|t:|1782819781\n|move|p2a: Passimian|Close Combat|p1a: Mightyena\n|-supereffective|p1a: Mightyena\n|-damage|p1a: Mightyena|0 fnt\n|-unboost|p2a: Passimian|def|1\n|-unboost|p2a: Passimian|spd|1\n|faint|p1a: Mightyena\n|\n|-end|p2a: Passimian|Throat Chop|[silent]\n|upkeep\n|\n|t:|1782819786\n|switch|p1a: Meganium|Meganium, L90, M|221/290\n|-damage|p1a: Meganium|185/290|[from] Stealth Rock\n|turn|19\n|\n|t:|1782819790\n|switch|p2a: Lurantis|Lurantis, L87, F|191/264\n|move|p1a: Meganium|Dragon Tail|p2a: Lurantis\n|-damage|p2a: Lurantis|146/264\n|drag|p2a: Porygon2|Porygon2, L81|189/270\n|-ability|p2a: Porygon2|Download|boost\n|-boost|p2a: Porygon2|spa|1\n|\n|-heal|p1a: Meganium|203/290|[from] item: Leftovers\n|upkeep\n|turn|20\n|\n|t:|1782819801\n|switch|p2a: Lurantis|Lurantis, L87, F|146/264\n|move|p1a: Meganium|Knock Off|p2a: Lurantis\n|-damage|p2a: Lurantis|98/264\n|\n|-heal|p1a: Meganium|221/290|[from] item: Leftovers\n|upkeep\n|turn|21\n|\n|t:|1782819805\n|switch|p1a: Glaceon|Glaceon, L94, M|275/275\n|move|p2a: Lurantis|Leech Life|p1a: Glaceon\n|-damage|p1a: Glaceon|223/275\n|-heal|p2a: Lurantis|124/264|[from] drain|[of] p1a: Glaceon\n|\n|upkeep\n|turn|22\n|\n|t:|1782819811\n|switch|p2a: Porygon2|Porygon2, L81|189/270\n|-ability|p2a: Porygon2|Download|boost\n|-boost|p2a: Porygon2|spa|1\n|move|p1a: Glaceon|Freeze-Dry|p2a: Porygon2\n|-damage|p2a: Porygon2|119/270\n|\n|upkeep\n|turn|23\n|\n|t:|1782819831\n|switch|p1a: Meganium|Meganium, L90, M|221/290\n|-damage|p1a: Meganium|185/290|[from] Stealth Rock\n|move|p2a: Porygon2|Recover|p2a: Porygon2\n|-heal|p2a: Porygon2|254/270\n|\n|-heal|p1a: Meganium|203/290|[from] item: Leftovers\n|upkeep\n|turn|24\n|\n|t:|1782819834\n|switch|p2a: Lurantis|Lurantis, L87, F|124/264\n|move|p1a: Meganium|Knock Off|p2a: Lurantis\n|-crit|p2a: Lurantis\n|-damage|p2a: Lurantis|58/264\n|\n|-heal|p1a: Meganium|221/290|[from] item: Leftovers\n|upkeep\n|turn|25\n|\n|t:|1782819841\n|move|p2a: Lurantis|Leech Life|p1a: Meganium\n|-supereffective|p1a: Meganium\n|-damage|p1a: Meganium|113/290\n|-heal|p2a: Lurantis|112/264|[from] drain|[of] p1a: Meganium\n|move|p1a: Meganium|Dragon Tail|p2a: Lurantis\n|-crit|p2a: Lurantis\n|-damage|p2a: Lurantis|47/264\n|drag|p2a: Passimian|Passimian, L83, M|251/302\n|\n|-heal|p1a: Meganium|131/290|[from] item: Leftovers\n|upkeep\n|turn|26\n|\n|t:|1782819847\n|move|p2a: Passimian|U-turn|p1a: Meganium\n|-supereffective|p1a: Meganium\n|-damage|p1a: Meganium|33/290\n|\n|t:|1782819849\n|switch|p2a: Lurantis|Lurantis, L87, F|47/264|[from] U-turn\n|move|p1a: Meganium|Synthesis|p1a: Meganium\n|-heal|p1a: Meganium|178/290\n|\n|-heal|p1a: Meganium|196/290|[from] item: Leftovers\n|upkeep\n|turn|27\n|\n|t:|1782819853\n|switch|p1a: Glaceon|Glaceon, L94, M|223/275\n|move|p2a: Lurantis|Leech Life|p1a: Glaceon\n|-damage|p1a: Glaceon|176/275\n|-heal|p2a: Lurantis|71/264|[from] drain|[of] p1a: Glaceon\n|\n|upkeep\n|turn|28\n|\n|t:|1782819857\n|switch|p2a: Porygon2|Porygon2, L81|254/270\n|-ability|p2a: Porygon2|Download|boost\n|-boost|p2a: Porygon2|spa|1\n|move|p1a: Glaceon|Freeze-Dry|p2a: Porygon2\n|-damage|p2a: Porygon2|175/270\n|\n|upkeep\n|turn|29\n|\n|t:|1782819861\n|move|p1a: Glaceon|Wish|p1a: Glaceon\n|move|p2a: Porygon2|Tri Attack|p1a: Glaceon\n|-damage|p1a: Glaceon|65/275\n|\n|upkeep\n|turn|30\n|\n|t:|1782819869\n|switch|p1a: Persian|Persian, L92, M|269/269\n|-damage|p1a: Persian|236/269|[from] Stealth Rock\n|move|p2a: Porygon2|Tri Attack|p1a: Persian\n|-damage|p1a: Persian|103/269\n|\n|-heal|p1a: Persian|240/269|[from] move: Wish|[wisher] Glaceon\n|upkeep\n|turn|31\n|\n|t:|1782819877\n|switch|p2a: Gastrodon|Gastrodon-East, L86, M|226/331\n|move|p1a: Persian|Knock Off|p2a: Gastrodon\n|-damage|p2a: Gastrodon|155/331\n|-enditem|p2a: Gastrodon|Leftovers|[from] move: Knock Off|[of] p1a: Persian\n|\n|upkeep\n|turn|32\n|\n|t:|1782819884\n|move|p1a: Persian|Double-Edge|p2a: Gastrodon\n|-damage|p2a: Gastrodon|0 fnt\n|faint|p2a: Gastrodon\n|-damage|p1a: Persian|189/269|[from] Recoil\n|\n|upkeep\n|\n|t:|1782819887\n|switch|p2a: Passimian|Passimian, L83, M|251/302\n|turn|33\n|\n|t:|1782819895\n|switch|p1a: Glaceon|Glaceon, L94, M|65/275\n|move|p2a: Passimian|Close Combat|p1a: Glaceon\n|-supereffective|p1a: Glaceon\n|-damage|p1a: Glaceon|0 fnt\n|-unboost|p2a: Passimian|def|1\n|-unboost|p2a: Passimian|spd|1\n|faint|p1a: Glaceon\n|\n|upkeep\n|\n|t:|1782819897\n|switch|p1a: Persian|Persian, L92, M|189/269\n|-damage|p1a: Persian|156/269|[from] Stealth Rock\n|turn|34\n|\n|t:|1782819900\n|-terastallize|p1a: Persian|Normal\n|move|p1a: Persian|Fake Out|p2a: Passimian\n|-damage|p2a: Passimian|103/302\n|cant|p2a: Passimian|flinch\n|\n|upkeep\n|turn|35\n|\n|t:|1782819905\n|switch|p1a: Bombirdier|Bombirdier, L85, M|97/258\n|-damage|p1a: Bombirdier|33/258|[from] Stealth Rock\n|move|p2a: Passimian|Close Combat|p1a: Bombirdier\n|-crit|p1a: Bombirdier\n|-damage|p1a: Bombirdier|0 fnt\n|-unboost|p2a: Passimian|def|1\n|-unboost|p2a: Passimian|spd|1\n|faint|p1a: Bombirdier\n|\n|upkeep\n|\n|t:|1782819907\n|switch|p1a: Persian|Persian, L92, M, tera:Normal|156/269\n|-damage|p1a: Persian|123/269|[from] Stealth Rock\n|turn|36\n|\n|t:|1782819911\n|switch|p2a: Lurantis|Lurantis, L87, F|71/264\n|move|p1a: Persian|Fake Out|p2a: Lurantis\n|-damage|p2a: Lurantis|0 fnt\n|faint|p2a: Lurantis\n|\n|upkeep\n|\n|t:|1782819913\n|switch|p2a: Passimian|Passimian, L83, M|103/302\n|turn|37\n|\n|t:|1782819919\n|move|p2a: Passimian|Close Combat|p1a: Persian\n|-supereffective|p1a: Persian\n|-damage|p1a: Persian|0 fnt\n|-unboost|p2a: Passimian|def|1\n|-unboost|p2a: Passimian|spd|1\n|faint|p1a: Persian\n|\n|upkeep\n|\n|t:|1782819920\n|switch|p1a: Meganium|Meganium, L90, M|196/290\n|-damage|p1a: Meganium|160/290|[from] Stealth Rock\n|turn|38\n|\n|t:|1782819925\n|move|p2a: Passimian|Close Combat|p1a: Meganium\n|-damage|p1a: Meganium|33/290\n|-unboost|p2a: Passimian|def|1\n|-unboost|p2a: Passimian|spd|1\n|move|p1a: Meganium|Energy Ball|p2a: Passimian\n|-damage|p2a: Passimian|0 fnt\n|faint|p2a: Passimian\n|\n|-heal|p1a: Meganium|51/290|[from] item: Leftovers\n|upkeep\n|\n|t:|1782819930\n|switch|p2a: Porygon2|Porygon2, L81|175/270\n|-ability|p2a: Porygon2|Download|boost\n|-boost|p2a: Porygon2|spa|1\n|turn|39\n|\n|t:|1782819934\n|move|p1a: Meganium|Synthesis|p1a: Meganium\n|-heal|p1a: Meganium|196/290\n|move|p2a: Porygon2|Tri Attack|p1a: Meganium\n|-damage|p1a: Meganium|96/290\n|\n|-heal|p1a: Meganium|114/290|[from] item: Leftovers\n|upkeep\n|turn|40\n|\n|t:|1782819938\n|move|p1a: Meganium|Synthesis|p1a: Meganium\n|-heal|p1a: Meganium|259/290\n|move|p2a: Porygon2|Ice Beam|p1a: Meganium\n|-supereffective|p1a: Meganium\n|-damage|p1a: Meganium|89/290\n|\n|-heal|p1a: Meganium|107/290|[from] item: Leftovers\n|upkeep\n|turn|41\n|\n|t:|1782819943\n|move|p1a: Meganium|Knock Off|p2a: Porygon2\n|-damage|p2a: Porygon2|130/270\n|-enditem|p2a: Porygon2|Eviolite|[from] move: Knock Off|[of] p1a: Meganium\n|move|p2a: Porygon2|Ice Beam|p1a: Meganium\n|-supereffective|p1a: Meganium\n|-damage|p1a: Meganium|0 fnt\n|faint|p1a: Meganium\n|\n|win|ShadowQ8\n", "inputlog": ">version f8ac14003a5f27e1bdc8d8c59608a773c1cb96e5\n>start {\"formatid\":\"gen9randombattle\",\"seed\":\"sodium,a560a278385892ca7852c3868da76315\",\"rated\":\"Rated battle\"}\n>player p1 {\"name\":\"mztmztmzt123\",\"avatar\":\"1\",\"rating\":2160,\"seed\":\"sodium,6c949284e080642d0a4fd7e0712b34f7\"}\n>player p2 {\"name\":\"ShadowQ8\",\"avatar\":\"cyrus\",\"rating\":2255,\"seed\":\"sodium,0cc833ad118c30581002935a8da92de5\"}\n>p1 switch 4\n>p2 move stealthrock\n>p1 move knockoff\n>p2 switch 3\n>p1 move dragontail\n>p2 move leafstorm\n>p1 move energyball\n>p2 switch 6\n>p1 move knockoff\n>p2 move dracometeor\n>p1 move synthesis\n>p2 move dragontail\n>p1 move focusblast\n>p2 move flashcannon\n>p1 move focusblast\n>p2 switch 6\n>p1 switch 6\n>p2 switch 3\n>p1 switch 2\n>p2 move leechlife\n>p1 move bravebird\n>p2 switch 6\n>p1 switch 6\n>p2 move dragontail\n>p1 move hypervoice\n>p2 move dracometeor\n>p2 switch 4\n>p1 move hypervoice\n>p2 move uturn\n>p2 switch 3\n>p1 switch 3\n>p1 move freezedry\n>p2 switch 2\n>p1 switch 4\n>p2 move discharge\n>p1 move throatchop\n>p2 switch 3\n>p1 move playrough\n>p2 move closecombat\n>p1 switch 2\n>p1 move dragontail\n>p2 switch 6\n>p1 move knockoff\n>p2 switch 3\n>p1 switch 4\n>p2 move leechlife\n>p1 move freezedry\n>p2 switch 3\n>p1 switch 4\n>p2 move recover\n>p1 move knockoff\n>p2 switch 3\n>p1 move dragontail\n>p2 move leechlife\n>p1 move synthesis\n>p2 move uturn\n>p2 switch 6\n>p1 switch 4\n>p2 move leechlife\n>p1 move freezedry\n>p2 switch 3\n>p1 move wish\n>p2 move triattack\n>p1 switch 5\n>p2 move triattack\n>p1 move knockoff\n>p2 switch 2\n>p1 move doubleedge\n>p2 move surf\n>p2 switch 6\n>p1 switch 5\n>p2 move closecombat\n>p1 switch 5\n>p1 move fakeout terastallize\n>p2 move closecombat\n>p1 switch 6\n>p2 move closecombat\n>p1 switch 6\n>p1 move fakeout\n>p2 switch 3\n>p2 switch 3\n>p1 move doubleedge\n>p2 move closecombat\n>p1 switch 4\n>p1 move energyball\n>p2 move closecombat\n>p2 switch 2\n>p1 move synthesis\n>p2 move triattack\n>p1 move synthesis\n>p2 move icebeam\n>p1 move knockoff\n>p2 move icebeam", "uploadtime": 1782819576, "views": 3, "formatid": "gen9randombattle", "rating": null, "private": 0, "password": null, "player_dets": [{"name": "mztmztmzt123", "avatar": "1", "rating": 2160, "seed": "sodium,6c949284e080642d0a4fd7e0712b34f7"}, {"name": "ShadowQ8", "avatar": "cyrus", "rating": 2255, "seed": "sodium,0cc833ad118c30581002935a8da92de5"}], "teams_full": [{"Mightyena": {"name": "Mightyena", "species": "Mightyena", "speciesId": "mightyena", "gender": "F", "shiny": false, "level": 96, "moves": ["suckerpunch", "throatchop", "playrough", "superfang"], "ability": "Intimidate", "evs": {"hp": 85, "atk": 85, "def": 85, "spa": 85, "spd": 85, "spe": 85}, "ivs": {"hp": 31, "atk": 31, "def": 31, "spa": 31, "spd": 31, "spe": 31}, "item": "Assault Vest", "teraType": "Fairy", "role": "AV Pivot", "bvs": {"hp": 70, "atk": 90, "def": 70, "spa": 60, "spd": 60, "spe": 70}, "stats": {"hp": 290, "atk": 227, "def": 189, "spa": 170, "spd": 170, "spe": 189}, "types": ["Dark"]}, "Bombirdier": {"name": "Bombirdier", "species": "Bombirdier", "speciesId": "bombirdier", "gender": "M", "shiny": false, "level": 85, "moves": ["suckerpunch", "knockoff", "bravebird", "stoneedge"], "ability": "Rocky Payload", "evs": {"hp": 85, "atk": 85, "def": 85, "spa": 85, "spd": 85, "spe": 85}, "ivs": {"hp": 31, "atk": 31, "def": 31, "spa": 31, "spd": 31, "spe": 31}, "item": "Choice Band", "teraType": "Rock", "role": "Fast Attacker", "bvs": {"hp": 70, "atk": 103, "def": 85, "spa": 60, "spd": 85, "spe": 82}, "stats": {"hp": 258, "atk": 224, "def": 193, "spa": 151, "spd": 193, "spe": 188}, "types": ["Flying", "Dark"]}, "Glaceon": {"name": "Glaceon", "species": "Glaceon", "speciesId": "glaceon", "gender": "M", "shiny": false, "level": 94, "moves": ["freezedry", "wish", "protect", "mudshot"], "ability": "Ice Body", "evs": {"hp": 85, "atk": 0, "def": 85, "spa": 85, "spd": 85, "spe": 85}, "ivs": {"hp": 31, "atk": 0, "def": 31, "spa": 31, "spd": 31, "spe": 31}, "item": "Heavy-Duty Boots", "teraType": "Ground", "role": "Bulky Attacker", "bvs": {"hp": 65, "atk": 60, "def": 110, "spa": 130, "spd": 95, "spe": 65}, "stats": {"hp": 275, "atk": 117, "def": 260, "spa": 298, "spd": 232, "spe": 176}, "types": ["Ice"]}, "Meganium": {"name": "Meganium", "species": "Meganium", "speciesId": "meganium", "gender": "M", "shiny": false, "level": 90, "moves": ["energyball", "knockoff", "dragontail", "synthesis"], "ability": "Overgrow", "evs": {"hp": 85, "atk": 85, "def": 85, "spa": 85, "spd": 85, "spe": 85}, "ivs": {"hp": 31, "atk": 31, "def": 31, "spa": 31, "spd": 31, "spe": 31}, "item": "Leftovers", "teraType": "Water", "role": "Bulky Attacker", "bvs": {"hp": 80, "atk": 82, "def": 100, "spa": 83, "spd": 100, "spe": 80}, "stats": {"hp": 290, "atk": 199, "def": 231, "spa": 201, "spd": 231, "spe": 195}, "types": ["Grass"]}, "Persian": {"name": "Persian", "species": "Persian", "speciesId": "persian", "gender": "M", "shiny": false, "level": 92, "moves": ["doubleedge", "knockoff", "uturn", "fakeout"], "ability": "Technician", "evs": {"hp": 85, "atk": 85, "def": 85, "spa": 85, "spd": 85, "spe": 85}, "ivs": {"hp": 31, "atk": 31, "def": 31, "spa": 31, "spd": 31, "spe": 31}, "item": "Silk Scarf", "teraType": "Normal", "role": "Fast Attacker", "bvs": {"hp": 65, "atk": 70, "def": 60, "spa": 65, "spd": 65, "spe": 115}, "stats": {"hp": 269, "atk": 181, "def": 163, "spa": 172, "spd": 172, "spe": 264}, "types": ["Normal"]}, "Oranguru": {"name": "Oranguru", "species": "Oranguru", "speciesId": "oranguru", "gender": "M", "shiny": false, "level": 92, "moves": ["hypervoice", "focusblast", "trick", "psyshock"], "ability": "Inner Focus", "evs": {"hp": 85, "atk": 0, "def": 85, "spa": 85, "spd": 85, "spe": 85}, "ivs": {"hp": 31, "atk": 0, "def": 31, "spa": 31, "spd": 31, "spe": 31}, "item": "Choice Specs", "teraType": "Psychic", "role": "Wallbreaker", "bvs": {"hp": 90, "atk": 60, "def": 80, "spa": 90, "spd": 110, "spe": 60}, "stats": {"hp": 315, "atk": 115, "def": 200, "spa": 218, "spd": 255, "spe": 163}, "types": ["Normal", "Psychic"]}}, {"Gastrodon": {"name": "Gastrodon", "species": "Gastrodon-East", "speciesId": "gastrodon", "gender": "M", "shiny": false, "level": 86, "moves": ["surf", "stealthrock", "earthquake", "recover"], "ability": "Storm Drain", "evs": {"hp": 85, "atk": 85, "def": 85, "spa": 85, "spd": 85, "spe": 85}, "ivs": {"hp": 31, "atk": 31, "def": 31, "spa": 31, "spd": 31, "spe": 31}, "item": "Leftovers", "teraType": "Poison", "role": "Bulky Support", "bvs": {"hp": 111, "atk": 83, "def": 68, "spa": 92, "spd": 82, "spe": 39}, "stats": {"hp": 331, "atk": 192, "def": 166, "spa": 207, "spd": 190, "spe": 116}, "types": ["Water", "Ground"]}, "Porygon2": {"name": "Porygon2", "species": "Porygon2", "speciesId": "porygon2", "gender": "N", "shiny": false, "level": 81, "moves": ["triattack", "discharge", "recover", "icebeam"], "ability": "Download", "evs": {"hp": 85, "atk": 0, "def": 85, "spa": 85, "spd": 85, "spe": 85}, "ivs": {"hp": 31, "atk": 0, "def": 31, "spa": 31, "spd": 31, "spe": 31}, "item": "Eviolite", "teraType": "Electric", "role": "Bulky Support", "bvs": {"hp": 85, "atk": 80, "def": 90, "spa": 105, "spd": 95, "spe": 60}, "stats": {"hp": 270, "atk": 134, "def": 192, "spa": 217, "spd": 201, "spe": 144}, "types": ["Normal"]}, "Lurantis": {"name": "Lurantis", "species": "Lurantis", "speciesId": "lurantis", "gender": "F", "shiny": false, "level": 87, "moves": ["knockoff", "superpower", "leechlife", "leafstorm"], "ability": "Contrary", "evs": {"hp": 85, "atk": 85, "def": 85, "spa": 85, "spd": 85, "spe": 85}, "ivs": {"hp": 31, "atk": 31, "def": 31, "spa": 31, "spd": 31, "spe": 31}, "item": "Assault Vest", "teraType": "Steel", "role": "AV Pivot", "bvs": {"hp": 70, "atk": 105, "def": 90, "spa": 80, "spd": 90, "spe": 45}, "stats": {"hp": 264, "atk": 232, "def": 206, "spa": 189, "spd": 206, "spe": 128}, "types": ["Grass"]}, "Passimian": {"name": "Passimian", "species": "Passimian", "speciesId": "passimian", "gender": "M", "shiny": false, "level": 83, "moves": ["closecombat", "uturn", "rockslide", "knockoff"], "ability": "Defiant", "evs": {"hp": 85, "atk": 85, "def": 85, "spa": 85, "spd": 85, "spe": 85}, "ivs": {"hp": 31, "atk": 31, "def": 31, "spa": 31, "spd": 31, "spe": 31}, "item": "Choice Scarf", "teraType": "Dark", "role": "Fast Attacker", "bvs": {"hp": 100, "atk": 120, "def": 90, "spa": 40, "spd": 60, "spe": 80}, "stats": {"hp": 302, "atk": 247, "def": 197, "spa": 114, "spd": 147, "spe": 180}, "types": ["Fighting"]}, "Moltres": {"name": "Moltres", "species": "Moltres-Galar", "speciesId": "moltresgalar", "gender": "N", "shiny": false, "level": 79, "moves": ["agility", "fierywrath", "hurricane", "nastyplot"], "ability": "Berserk", "evs": {"hp": 81, "atk": 0, "def": 85, "spa": 85, "spd": 85, "spe": 85}, "ivs": {"hp": 31, "atk": 0, "def": 31, "spa": 31, "spd": 31, "spe": 31}, "item": "Weakness Policy", "teraType": "Dark", "role": "Bulky Setup", "bvs": {"hp": 90, "atk": 85, "def": 90, "spa": 100, "spd": 125, "spe": 90}, "stats": {"hp": 271, "atk": 139, "def": 188, "spa": 204, "spd": 243, "spe": 188}, "types": ["Dark", "Flying"]}, "Duraludon": {"name": "Duraludon", "species": "Duraludon", "speciesId": "duraludon", "gender": "M", "shiny": false, "level": 82, "moves": ["flashcannon", "bodypress", "dragontail", "dracometeor"], "ability": "Light Metal", "evs": {"hp": 85, "atk": 85, "def": 85, "spa": 85, "spd": 85, "spe": 85}, "ivs": {"hp": 31, "atk": 31, "def": 31, "spa": 31, "spd": 31, "spe": 31}, "item": "Eviolite", "teraType": "Fighting", "role": "Bulky Attacker", "bvs": {"hp": 70, "atk": 95, "def": 115, "spa": 120, "spd": 50, "spe": 85}, "stats": {"hp": 249, "atk": 203, "def": 236, "spa": 244, "spd": 129, "spe": 187}, "types": ["Steel", "Dragon"]}}]}