{"id": "gen9randombattle-2641480673", "format": "[Gen 9] Random Battle", "players": ["shamu142", "mahomesthegoat"], "log": "|j|\u2606shamu142\n|j|\u2606mahomesthegoat\n|t:|1782791621\n|gametype|singles\n|player|p1|shamu142|baker|2207\n|player|p2|mahomesthegoat|102|2134\n|gen|9\n|tier|[Gen 9] Random Battle\n|rated|\n|rule|Species Clause: Limit one of each Pok\u00e9mon\n|rule|HP Percentage Mod: HP is shown in percentages\n|rule|Sleep Clause Mod: Limit one foe put to sleep\n|rule|Illusion Level Mod: Illusion disguises the Pok\u00e9mon's true level\n|\n|t:|1782791621\n|teamsize|p1|6\n|teamsize|p2|6\n|start\n|switch|p1a: Urshifu|Urshifu, L74, F|270/270\n|switch|p2a: Slither Wing|Slither Wing, L81|270/270\n|turn|1\n|j| cycleblast\n|\n|t:|1782791646\n|switch|p1a: Noivern|Noivern, L82, M|274/274\n|move|p2a: Slither Wing|U-turn|p1a: Noivern\n|-resisted|p1a: Noivern\n|-damage|p1a: Noivern|229/274\n|\n|t:|1782791664\n|-end|p2a: Slither Wing|Protosynthesis|[silent]\n|switch|p2a: Grumpig|Grumpig, L92, F|297/297|[from] U-turn\n|\n|upkeep\n|turn|2\n|\n|t:|1782791679\n|switch|p1a: Weavile|Weavile, L79, F|240/240\n|move|p2a: Grumpig|Nasty Plot|p2a: Grumpig\n|-boost|p2a: Grumpig|spa|2\n|\n|upkeep\n|turn|3\n|\n|t:|1782791690\n|switch|p2a: Slither Wing|Slither Wing, L81|270/270\n|move|p1a: Weavile|Knock Off|p2a: Slither Wing\n|-resisted|p2a: Slither Wing\n|-damage|p2a: Slither Wing|211/270\n|-enditem|p2a: Slither Wing|Heavy-Duty Boots|[from] move: Knock Off|[of] p1a: Weavile\n|\n|upkeep\n|turn|4\n|\n|t:|1782791695\n|switch|p1a: Noivern|Noivern, L82, M|229/274\n|move|p2a: Slither Wing|U-turn|p1a: Noivern\n|-resisted|p1a: Noivern\n|-damage|p1a: Noivern|176/274\n|\n|t:|1782791705\n|-end|p2a: Slither Wing|Protosynthesis|[silent]\n|switch|p2a: Grumpig|Grumpig, L92, F|297/297|[from] U-turn\n|\n|upkeep\n|turn|5\n|\n|t:|1782791719\n|switch|p1a: Weavile|Weavile, L79, F|240/240\n|move|p2a: Grumpig|Nasty Plot|p2a: Grumpig\n|-boost|p2a: Grumpig|spa|2\n|\n|upkeep\n|turn|6\n|\n|t:|1782791723\n|switch|p2a: Slither Wing|Slither Wing, L81|211/270\n|move|p1a: Weavile|Knock Off|p2a: Slither Wing\n|-resisted|p2a: Slither Wing\n|-damage|p2a: Slither Wing|172/270\n|\n|upkeep\n|turn|7\n|\n|t:|1782791730\n|move|p1a: Weavile|Triple Axel|p2a: Slither Wing\n|-crit|p2a: Slither Wing\n|-damage|p2a: Slither Wing|132/270\n|-damage|p2a: Slither Wing|84/270\n|-hitcount|p2a: Slither Wing|2\n|move|p2a: Slither Wing|U-turn|p1a: Weavile\n|-supereffective|p1a: Weavile\n|-damage|p1a: Weavile|16/240\n|\n|t:|1782791746\n|-end|p2a: Slither Wing|Protosynthesis|[silent]\n|switch|p2a: Decidueye|Decidueye, L88, F|281/281|[from] U-turn\n|\n|upkeep\n|turn|8\n|\n|t:|1782791754\n|switch|p1a: Urshifu|Urshifu, L74, F|270/270\n|move|p2a: Decidueye|Shadow Sneak|p1a: Urshifu\n|-resisted|p1a: Urshifu\n|-damage|p1a: Urshifu|235/270\n|-damage|p2a: Decidueye|253/281|[from] item: Life Orb\n|\n|upkeep\n|turn|9\n|\n|t:|1782791797\n|switch|p2a: Eiscue|Eiscue, L88, F|274/274\n|move|p1a: Urshifu|Wicked Blow|p2a: Eiscue\n|-activate|p2a: Eiscue|ability: Ice Face\n|-damage|p2a: Eiscue|274/274\n|detailschange|p2a: Eiscue|Eiscue-Noice, L88, F\n|-damage|p1a: Urshifu|208/270|[from] item: Life Orb\n|\n|upkeep\n|turn|10\n|\n|t:|1782791807\n|move|p2a: Eiscue|Ice Spinner|p1a: Urshifu\n|-damage|p1a: Urshifu|127/270\n|move|p1a: Urshifu|Close Combat|p2a: Eiscue\n|-supereffective|p2a: Eiscue\n|-damage|p2a: Eiscue|0 fnt\n|-unboost|p1a: Urshifu|def|1\n|-unboost|p1a: Urshifu|spd|1\n|faint|p2a: Eiscue\n|-damage|p1a: Urshifu|100/270|[from] item: Life Orb\n|\n|upkeep\n|\n|t:|1782791828\n|switch|p2a: Slither Wing|Slither Wing, L81|84/270\n|turn|11\n|inactive|Battle timer is ON: inactive players will automatically lose when time's up. (requested by mahomesthegoat)\n|\n|t:|1782791865\n|move|p1a: Urshifu|Poison Jab|p2a: Slither Wing\n|-damage|p2a: Slither Wing|6/270\n|-damage|p1a: Urshifu|73/270|[from] item: Life Orb\n|move|p2a: Slither Wing|Morning Sun|p2a: Slither Wing\n|-heal|p2a: Slither Wing|141/270\n|\n|upkeep\n|turn|12\n|\n|t:|1782791875\n|switch|p1a: Noivern|Noivern, L82, M|176/274\n|move|p2a: Slither Wing|Morning Sun|p2a: Slither Wing\n|-heal|p2a: Slither Wing|270/270\n|\n|upkeep\n|turn|13\n|\n|t:|1782791889\n|switch|p1a: Weavile|Weavile, L79, F|16/240\n|-end|p2a: Slither Wing|Protosynthesis|[silent]\n|switch|p2a: Grumpig|Grumpig, L92, F|297/297\n|\n|upkeep\n|turn|14\n|\n|t:|1782791895\n|switch|p2a: Slither Wing|Slither Wing, L81|270/270\n|move|p1a: Weavile|Triple Axel|p2a: Slither Wing\n|-damage|p2a: Slither Wing|245/270\n|-damage|p2a: Slither Wing|190/270\n|-damage|p2a: Slither Wing|109/270\n|-hitcount|p2a: Slither Wing|3\n|\n|upkeep\n|turn|15\n|inactive|mahomesthegoat has 120 seconds left.\n|\n|t:|1782791928\n|switch|p1a: Noivern|Noivern, L82, M|176/274\n|move|p2a: Slither Wing|U-turn|p1a: Noivern\n|-resisted|p1a: Noivern\n|-damage|p1a: Noivern|124/274\n|inactive|mahomesthegoat has 120 seconds left.\n|\n|t:|1782791939\n|-end|p2a: Slither Wing|Protosynthesis|[silent]\n|switch|p2a: Grumpig|Grumpig, L92, F|297/297|[from] U-turn\n|\n|upkeep\n|turn|16\n|inactive|mahomesthegoat has 120 seconds left.\n|\n|t:|1782791950\n|move|p1a: Noivern|Roost|p1a: Noivern\n|-heal|p1a: Noivern|261/274\n|-singleturn|p1a: Noivern|move: Roost\n|move|p2a: Grumpig|Shadow Ball|p1a: Noivern\n|-damage|p1a: Noivern|189/274\n|\n|upkeep\n|turn|17\n|\n|t:|1782791955\n|move|p1a: Noivern|Hurricane|p2a: Grumpig\n|-damage|p2a: Grumpig|207/297\n|move|p2a: Grumpig|Shadow Ball|p1a: Noivern\n|-damage|p1a: Noivern|113/274\n|\n|-heal|p2a: Grumpig|225/297|[from] item: Leftovers\n|upkeep\n|turn|18\n|\n|t:|1782791964\n|switch|p1a: Weavile|Weavile, L79, F|16/240\n|move|p2a: Grumpig|Nasty Plot|p2a: Grumpig\n|-boost|p2a: Grumpig|spa|2\n|\n|-heal|p2a: Grumpig|243/297|[from] item: Leftovers\n|upkeep\n|turn|19\n|\n|t:|1782791981\n|switch|p2a: Slither Wing|Slither Wing, L81|109/270\n|move|p1a: Weavile|Knock Off|p2a: Slither Wing\n|-resisted|p2a: Slither Wing\n|-damage|p2a: Slither Wing|69/270\n|\n|upkeep\n|turn|20\n|\n|t:|1782791985\n|switch|p1a: Noivern|Noivern, L82, M|113/274\n|move|p2a: Slither Wing|U-turn|p1a: Noivern\n|-resisted|p1a: Noivern\n|-damage|p1a: Noivern|66/274\n|inactive|mahomesthegoat has 120 seconds left.\n|\n|t:|1782792013\n|-end|p2a: Slither Wing|Protosynthesis|[silent]\n|switch|p2a: Espathra|Espathra, L80, F|283/283|[from] U-turn\n|\n|upkeep\n|turn|21\n|\n|t:|1782792030\n|move|p1a: Noivern|Hurricane|p2a: Espathra|[miss]\n|-miss|p1a: Noivern|p2a: Espathra\n|move|p2a: Espathra|Dazzling Gleam|p1a: Noivern\n|-supereffective|p1a: Noivern\n|-damage|p1a: Noivern|0 fnt\n|faint|p1a: Noivern\n|\n|-ability|p2a: Espathra|Speed Boost|boost\n|-boost|p2a: Espathra|spe|1\n|upkeep\n|\n|t:|1782792035\n|switch|p1a: Iron Moth|Iron Moth, L78|253/253\n|turn|22\n|\n|t:|1782792053\n|switch|p2a: Slither Wing|Slither Wing, L81|69/270\n|move|p1a: Iron Moth|Toxic Spikes|p2a: Slither Wing\n|-sidestart|p2: mahomesthegoat|move: Toxic Spikes\n|\n|upkeep\n|turn|23\n|\n|t:|1782792066\n|move|p1a: Iron Moth|Sludge Wave|p2a: Slither Wing\n|-damage|p2a: Slither Wing|0 fnt\n|faint|p2a: Slither Wing\n|-end|p2a: Slither Wing|Protosynthesis|[silent]\n|\n|upkeep\n|inactive|mahomesthegoat has 120 seconds left.\n|\n|t:|1782792078\n|switch|p2a: Cramorant|Cramorant, L86, M|261/261\n|turn|24\n|inactive|mahomesthegoat has 120 seconds left.\n|\n|t:|1782792089\n|-end|p1a: Iron Moth|Quark Drive|[silent]\n|switch|p1a: Tentacruel|Tentacruel, L84, M|272/272\n|move|p2a: Cramorant|Surf|p1a: Tentacruel\n|-formechange|p2a: Cramorant|Cramorant-Gulping|\n|-resisted|p1a: Tentacruel\n|-damage|p1a: Tentacruel|237/272\n|\n|-heal|p1a: Tentacruel|254/272|[from] item: Leftovers\n|upkeep\n|turn|25\n|\n|t:|1782792092\n|move|p1a: Tentacruel|Sludge Bomb|p2a: Cramorant\n|-damage|p2a: Cramorant|180/261\n|-status|p2a: Cramorant|psn\n|-damage|p1a: Tentacruel|186/272|[from] ability: Gulp Missile|[of] p2a: Cramorant\n|-unboost|p1a: Tentacruel|def|1\n|-formechange|p2a: Cramorant|Cramorant|\n|move|p2a: Cramorant|Defog|p1a: Tentacruel\n|-unboost|p1a: Tentacruel|evasion|1\n|-sideend|p2: mahomesthegoat|Toxic Spikes|[from] move: Defog|[of] p2a: Cramorant\n|\n|-heal|p1a: Tentacruel|203/272|[from] item: Leftovers\n|-damage|p2a: Cramorant|148/261 psn|[from] psn\n|upkeep\n|turn|26\n|\n|t:|1782792115\n|move|p1a: Tentacruel|Sludge Bomb|p2a: Cramorant\n|-damage|p2a: Cramorant|67/261 psn\n|move|p2a: Cramorant|Roost|p2a: Cramorant\n|-heal|p2a: Cramorant|198/261 psn\n|-singleturn|p2a: Cramorant|move: Roost\n|\n|-heal|p1a: Tentacruel|220/272|[from] item: Leftovers\n|-damage|p2a: Cramorant|166/261 psn|[from] psn\n|upkeep\n|turn|27\n|\n|t:|1782792129\n|move|p1a: Tentacruel|Haze|p1a: Tentacruel\n|-clearallboost\n|move|p2a: Cramorant|Brave Bird|p1a: Tentacruel\n|-damage|p1a: Tentacruel|60/272\n|-damage|p2a: Cramorant|113/261 psn|[from] Recoil\n|\n|-heal|p1a: Tentacruel|77/272|[from] item: Leftovers\n|-damage|p2a: Cramorant|81/261 psn|[from] psn\n|upkeep\n|turn|28\n|inactive|mahomesthegoat has 120 seconds left.\n|\n|t:|1782792153\n|move|p1a: Tentacruel|Sludge Bomb|p2a: Cramorant\n|-damage|p2a: Cramorant|6/261 psn\n|move|p2a: Cramorant|Brave Bird|p1a: Tentacruel\n|-damage|p1a: Tentacruel|0 fnt\n|faint|p1a: Tentacruel\n|-damage|p2a: Cramorant|0 fnt|[from] Recoil\n|faint|p2a: Cramorant\n|\n|upkeep\n|\n|t:|1782792175\n|switch|p1a: Weavile|Weavile, L79, F|16/240\n|switch|p2a: Decidueye|Decidueye, L88, F|253/281\n|turn|29\n|\n|t:|1782792180\n|move|p1a: Weavile|Ice Shard|p2a: Decidueye\n|-supereffective|p2a: Decidueye\n|-damage|p2a: Decidueye|151/281\n|move|p2a: Decidueye|Shadow Sneak|p1a: Weavile\n|-resisted|p1a: Weavile\n|-damage|p1a: Weavile|0 fnt\n|faint|p1a: Weavile\n|-damage|p2a: Decidueye|123/281|[from] item: Life Orb\n|\n|upkeep\n|\n|t:|1782792182\n|switch|p1a: Urshifu|Urshifu, L74, F|73/270\n|turn|30\n|inactive|mahomesthegoat has 120 seconds left.\n|\n|t:|1782792195\n|move|p2a: Decidueye|Shadow Sneak|p1a: Urshifu\n|-resisted|p1a: Urshifu\n|-damage|p1a: Urshifu|39/270\n|-damage|p2a: Decidueye|95/281|[from] item: Life Orb\n|move|p1a: Urshifu|Wicked Blow|p2a: Decidueye\n|-supereffective|p2a: Decidueye\n|-crit|p2a: Decidueye\n|-damage|p2a: Decidueye|0 fnt\n|faint|p2a: Decidueye\n|-damage|p1a: Urshifu|12/270|[from] item: Life Orb\n|\n|upkeep\n|inactive|mahomesthegoat has 90 seconds left.\n|\n|t:|1782792227\n|switch|p2a: Espathra|Espathra, L80, F|283/283\n|turn|31\n|\n|t:|1782792236\n|switch|p1a: Iron Moth|Iron Moth, L78|253/253\n|move|p2a: Espathra|U-turn|p1a: Iron Moth\n|-resisted|p1a: Iron Moth\n|-damage|p1a: Iron Moth|241/253\n|\n|t:|1782792241\n|switch|p2a: Grumpig|Grumpig, L92, F|243/297|[from] U-turn\n|\n|-heal|p2a: Grumpig|261/297|[from] item: Leftovers\n|upkeep\n|turn|32\n|\n|t:|1782792262\n|move|p1a: Iron Moth|Sludge Wave|p2a: Grumpig\n|-damage|p2a: Grumpig|164/297\n|move|p2a: Grumpig|Nasty Plot|p2a: Grumpig\n|-boost|p2a: Grumpig|spa|2\n|\n|-heal|p2a: Grumpig|182/297|[from] item: Leftovers\n|upkeep\n|turn|33\n|\n|t:|1782792266\n|move|p1a: Iron Moth|U-turn|p2a: Grumpig\n|-supereffective|p2a: Grumpig\n|-damage|p2a: Grumpig|102/297\n|\n|t:|1782792268\n|-end|p1a: Iron Moth|Quark Drive|[silent]\n|switch|p1a: Urshifu|Urshifu, L74, F|12/270|[from] U-turn\n|move|p2a: Grumpig|Psychic|p1a: Urshifu\n|-immune|p1a: Urshifu\n|\n|-heal|p2a: Grumpig|120/297|[from] item: Leftovers\n|upkeep\n|turn|34\n|\n|t:|1782792278\n|switch|p1a: Iron Moth|Iron Moth, L78|241/253\n|move|p2a: Grumpig|Shadow Ball|p1a: Iron Moth\n|-damage|p1a: Iron Moth|124/253\n|\n|-heal|p2a: Grumpig|138/297|[from] item: Leftovers\n|upkeep\n|turn|35\n|\n|t:|1782792299\n|move|p1a: Iron Moth|U-turn|p2a: Grumpig\n|-supereffective|p2a: Grumpig\n|-crit|p2a: Grumpig\n|-damage|p2a: Grumpig|20/297\n|\n|t:|1782792300\n|-end|p1a: Iron Moth|Quark Drive|[silent]\n|switch|p1a: Urshifu|Urshifu, L74, F|12/270|[from] U-turn\n|move|p2a: Grumpig|Psychic|p1a: Urshifu\n|-immune|p1a: Urshifu\n|\n|-heal|p2a: Grumpig|38/297|[from] item: Leftovers\n|upkeep\n|turn|36\n|\n|t:|1782792303\n|move|p2a: Grumpig|Shadow Ball|p1a: Urshifu\n|-resisted|p1a: Urshifu\n|-damage|p1a: Urshifu|0 fnt\n|faint|p1a: Urshifu\n|\n|-heal|p2a: Grumpig|56/297|[from] item: Leftovers\n|upkeep\n|\n|t:|1782792305\n|switch|p1a: Iron Moth|Iron Moth, L78|124/253\n|turn|37\n|\n|t:|1782792318\n|move|p1a: Iron Moth|Sludge Wave|p2a: Grumpig\n|-crit|p2a: Grumpig\n|-damage|p2a: Grumpig|0 fnt\n|faint|p2a: Grumpig\n|\n|upkeep\n|\n|t:|1782792321\n|switch|p2a: Espathra|Espathra, L80, F|283/283\n|turn|38\n|\n|t:|1782792327\n|move|p1a: Iron Moth|Sludge Wave|p2a: Espathra\n|-damage|p2a: Espathra|112/283\n|-status|p2a: Espathra|psn\n|move|p2a: Espathra|Lumina Crash|p1a: Iron Moth\n|-supereffective|p1a: Iron Moth\n|-damage|p1a: Iron Moth|0 fnt\n|faint|p1a: Iron Moth\n|-end|p1a: Iron Moth|Quark Drive|[silent]\n|\n|-damage|p2a: Espathra|77/283 psn|[from] psn\n|-ability|p2a: Espathra|Speed Boost|boost\n|-boost|p2a: Espathra|spe|1\n|upkeep\n|\n|t:|1782792330\n|switch|p1a: Gholdengo|Gholdengo, L77|261/261\n|turn|39\n|\n|t:|1782792333\n|-terastallize|p2a: Espathra|Psychic\n|move|p2a: Espathra|Lumina Crash|p1a: Gholdengo\n|-resisted|p1a: Gholdengo\n|-damage|p1a: Gholdengo|171/261\n|-unboost|p1a: Gholdengo|spd|2\n|move|p1a: Gholdengo|Shadow Ball|p2a: Espathra\n|-supereffective|p2a: Espathra\n|-damage|p2a: Espathra|0 fnt\n|faint|p2a: Espathra\n|\n|win|shamu142\n", "inputlog": ">version f8ac14003a5f27e1bdc8d8c59608a773c1cb96e5\n>start {\"formatid\":\"gen9randombattle\",\"seed\":\"sodium,7bb30e8b8b5e42bc96fe757cca17fe97\",\"rated\":\"Rated battle\"}\n>player p1 {\"name\":\"shamu142\",\"avatar\":\"baker\",\"rating\":2207,\"seed\":\"sodium,54deb1631c5e1470338e82ae07521eea\"}\n>player p2 {\"name\":\"mahomesthegoat\",\"avatar\":\"102\",\"rating\":2134,\"seed\":\"sodium,b0230ea6b14ed58c92506967b2522604\"}\n>p1 switch 6\n>p2 move uturn\n>p2 switch 2\n>p1 switch 5\n>p2 move nastyplot\n>p1 move knockoff\n>p2 switch 2\n>p1 switch 5\n>p2 move uturn\n>p2 switch 2\n>p1 switch 5\n>p2 move nastyplot\n>p1 move knockoff\n>p2 switch 2\n>p1 move tripleaxel\n>p2 move uturn\n>p2 switch 3\n>p1 switch 6\n>p2 move shadowsneak\n>p1 move wickedblow\n>p2 switch 4\n>p1 move closecombat\n>p2 move icespinner\n>p2 switch 3\n>p1 move poisonjab\n>p2 move morningsun\n>p1 switch 5\n>p2 move morningsun\n>p1 switch 6\n>p2 switch 2\n>p1 move tripleaxel\n>p2 switch 2\n>p1 switch 6\n>p2 move uturn\n>p2 switch 2\n>p1 move roost\n>p2 move shadowball\n>p1 move hurricane\n>p2 move shadowball\n>p1 switch 6\n>p2 move nastyplot\n>p1 move knockoff\n>p2 switch 2\n>p1 switch 6\n>p2 move uturn\n>p2 switch 6\n>p1 move hurricane\n>p2 move dazzlinggleam\n>p1 switch 3\n>p1 move toxicspikes\n>p2 switch 6\n>p1 move sludgewave\n>p2 move uturn\n>p2 switch 5\n>p1 switch 4\n>p2 move surf\n>p1 move sludgebomb\n>p2 move defog\n>p1 move sludgebomb\n>p2 move roost\n>p1 move haze\n>p2 move bravebird\n>p1 move sludgebomb\n>p2 move bravebird\n>p1 switch 6\n>p2 switch 4\n>p1 move iceshard\n>p2 move shadowsneak\n>p1 switch 5\n>p1 move wickedblow\n>p2 move shadowsneak\n>p2 switch 6\n>p1 switch 4\n>p2 move uturn\n>p2 switch 2\n>p1 move sludgewave\n>p2 move nastyplot\n>p1 move uturn\n>p2 move psychic\n>p1 switch 4\n>p1 switch 4\n>p2 move shadowball\n>p1 move uturn\n>p2 move psychic\n>p1 switch 4\n>p1 move wickedblow\n>p2 move shadowball\n>p1 switch 4\n>p1 move sludgewave\n>p2 move psychic\n>p2 switch 2\n>p1 move sludgewave\n>p2 move luminacrash\n>p1 switch 2\n>p1 move shadowball\n>p2 move luminacrash terastallize", "uploadtime": 1782791623, "views": 4, "formatid": "gen9randombattle", "rating": null, "private": 0, "password": null, "player_dets": [{"name": "shamu142", "avatar": "baker", "rating": 2207, "seed": "sodium,54deb1631c5e1470338e82ae07521eea"}, {"name": "mahomesthegoat", "avatar": "102", "rating": 2134, "seed": "sodium,b0230ea6b14ed58c92506967b2522604"}], "teams_full": [{"Urshifu": {"name": "Urshifu", "species": "Urshifu", "speciesId": "urshifu", "gender": "F", "shiny": false, "level": 74, "moves": ["poisonjab", "wickedblow", "closecombat", "swordsdance"], "ability": "Unseen Fist", "evs": {"hp": 85, "atk": 85, "def": 85, "spa": 85, "spd": 85, "spe": 85}, "ivs": {"hp": 31, "atk": 31, "def": 31, "spa": 31, "spd": 31, "spe": 31}, "item": "Life Orb", "teraType": "Dark", "role": "Fast Attacker", "bvs": {"hp": 100, "atk": 130, "def": 100, "spa": 63, "spd": 60, "spe": 97}, "stats": {"hp": 270, "atk": 235, "def": 191, "spa": 136, "spd": 132, "spe": 187}, "types": ["Fighting", "Dark"]}, "Gholdengo": {"name": "Gholdengo", "species": "Gholdengo", "speciesId": "gholdengo", "gender": "N", "shiny": false, "level": 77, "moves": ["nastyplot", "recover", "makeitrain", "shadowball"], "ability": "Good as Gold", "evs": {"hp": 85, "atk": 0, "def": 85, "spa": 85, "spd": 85, "spe": 85}, "ivs": {"hp": 31, "atk": 0, "def": 31, "spa": 31, "spd": 31, "spe": 31}, "item": "Leftovers", "teraType": "Water", "role": "Bulky Support", "bvs": {"hp": 87, "atk": 60, "def": 95, "spa": 133, "spd": 91, "spe": 84}, "stats": {"hp": 261, "atk": 97, "def": 191, "spa": 249, "spd": 185, "spe": 174}, "types": ["Steel", "Ghost"]}, "Iron Moth": {"name": "Iron Moth", "species": "Iron Moth", "speciesId": "ironmoth", "gender": "N", "shiny": false, "level": 78, "moves": ["uturn", "sludgewave", "fireblast", "toxicspikes"], "ability": "Quark Drive", "evs": {"hp": 85, "atk": 85, "def": 85, "spa": 85, "spd": 85, "spe": 85}, "ivs": {"hp": 31, "atk": 31, "def": 31, "spa": 31, "spd": 31, "spe": 31}, "item": "Heavy-Duty Boots", "teraType": "Fire", "role": "Fast Attacker", "bvs": {"hp": 80, "atk": 70, "def": 60, "spa": 140, "spd": 110, "spe": 110}, "stats": {"hp": 253, "atk": 154, "def": 139, "spa": 263, "spd": 217, "spe": 217}, "types": ["Fire", "Poison"]}, "Tentacruel": {"name": "Tentacruel", "species": "Tentacruel", "speciesId": "tentacruel", "gender": "M", "shiny": false, "level": 84, "moves": ["rapidspin", "sludgebomb", "surf", "haze"], "ability": "Liquid Ooze", "evs": {"hp": 85, "atk": 85, "def": 85, "spa": 85, "spd": 85, "spe": 85}, "ivs": {"hp": 31, "atk": 31, "def": 31, "spa": 31, "spd": 31, "spe": 31}, "item": "Leftovers", "teraType": "Grass", "role": "Bulky Support", "bvs": {"hp": 80, "atk": 70, "def": 65, "spa": 80, "spd": 120, "spe": 100}, "stats": {"hp": 272, "atk": 166, "def": 157, "spa": 183, "spd": 250, "spe": 216}, "types": ["Water", "Poison"]}, "Weavile": {"name": "Weavile", "species": "Weavile", "speciesId": "weavile", "gender": "F", "shiny": false, "level": 79, "moves": ["iceshard", "tripleaxel", "knockoff", "swordsdance"], "ability": "Pickpocket", "evs": {"hp": 85, "atk": 85, "def": 85, "spa": 85, "spd": 85, "spe": 85}, "ivs": {"hp": 31, "atk": 31, "def": 31, "spa": 31, "spd": 31, "spe": 31}, "item": "Heavy-Duty Boots", "teraType": "Dark", "role": "Fast Attacker", "bvs": {"hp": 70, "atk": 120, "def": 65, "spa": 45, "spd": 85, "spe": 125}, "stats": {"hp": 240, "atk": 235, "def": 148, "spa": 117, "spd": 180, "spe": 243}, "types": ["Dark", "Ice"]}, "Noivern": {"name": "Noivern", "species": "Noivern", "speciesId": "noivern", "gender": "M", "shiny": false, "level": 82, "moves": ["roost", "dracometeor", "hurricane", "flamethrower"], "ability": "Infiltrator", "evs": {"hp": 85, "atk": 0, "def": 85, "spa": 85, "spd": 85, "spe": 85}, "ivs": {"hp": 31, "atk": 0, "def": 31, "spa": 31, "spd": 31, "spe": 31}, "item": "Heavy-Duty Boots", "teraType": "Fire", "role": "Fast Support", "bvs": {"hp": 85, "atk": 70, "def": 80, "spa": 97, "spd": 80, "spe": 123}, "stats": {"hp": 274, "atk": 119, "def": 178, "spa": 206, "spd": 178, "spe": 249}, "types": ["Flying", "Dragon"]}}, {"Slither Wing": {"name": "Slither Wing", "species": "Slither Wing", "speciesId": "slitherwing", "gender": "N", "shiny": false, "level": 81, "moves": ["morningsun", "uturn", "closecombat", "willowisp"], "ability": "Protosynthesis", "evs": {"hp": 85, "atk": 85, "def": 85, "spa": 85, "spd": 85, "spe": 85}, "ivs": {"hp": 31, "atk": 31, "def": 31, "spa": 31, "spd": 31, "spe": 31}, "item": "Heavy-Duty Boots", "teraType": "Steel", "role": "Fast Support", "bvs": {"hp": 85, "atk": 135, "def": 79, "spa": 85, "spd": 105, "spe": 81}, "stats": {"hp": 270, "atk": 265, "def": 175, "spa": 184, "spd": 217, "spe": 178}, "types": ["Bug", "Fighting"]}, "Grumpig": {"name": "Grumpig", "species": "Grumpig", "speciesId": "grumpig", "gender": "F", "shiny": false, "level": 92, "moves": ["nastyplot", "focusblast", "shadowball", "psychic"], "ability": "Thick Fat", "evs": {"hp": 85, "atk": 0, "def": 85, "spa": 85, "spd": 85, "spe": 85}, "ivs": {"hp": 31, "atk": 0, "def": 31, "spa": 31, "spd": 31, "spe": 31}, "item": "Leftovers", "teraType": "Fighting", "role": "Bulky Setup", "bvs": {"hp": 80, "atk": 45, "def": 65, "spa": 90, "spd": 110, "spe": 80}, "stats": {"hp": 297, "atk": 87, "def": 172, "spa": 218, "spd": 255, "spe": 200}, "types": ["Psychic"]}, "Decidueye": {"name": "Decidueye", "species": "Decidueye", "speciesId": "decidueye", "gender": "F", "shiny": false, "level": 88, "moves": ["leafblade", "shadowsneak", "poltergeist", "swordsdance"], "ability": "Overgrow", "evs": {"hp": 85, "atk": 85, "def": 85, "spa": 85, "spd": 85, "spe": 85}, "ivs": {"hp": 31, "atk": 31, "def": 31, "spa": 31, "spd": 31, "spe": 31}, "item": "Life Orb", "teraType": "Ghost", "role": "Setup Sweeper", "bvs": {"hp": 78, "atk": 107, "def": 75, "spa": 100, "spd": 100, "spe": 70}, "stats": {"hp": 281, "atk": 239, "def": 182, "spa": 226, "spd": 226, "spe": 173}, "types": ["Grass", "Ghost"]}, "Eiscue": {"name": "Eiscue", "species": "Eiscue", "speciesId": "eiscue", "gender": "F", "shiny": false, "level": 88, "moves": ["liquidation", "icespinner", "zenheadbutt", "bellydrum"], "ability": "Ice Face", "evs": {"hp": 81, "atk": 85, "def": 85, "spa": 85, "spd": 85, "spe": 85}, "ivs": {"hp": 31, "atk": 31, "def": 31, "spa": 31, "spd": 31, "spe": 31}, "item": "Sitrus Berry", "teraType": "Water", "role": "Setup Sweeper", "bvs": {"hp": 75, "atk": 80, "def": 110, "spa": 65, "spd": 90, "spe": 50}, "stats": {"hp": 274, "atk": 191, "def": 244, "spa": 165, "spd": 209, "spe": 138}, "types": ["Ice"]}, "Cramorant": {"name": "Cramorant", "species": "Cramorant", "speciesId": "cramorant", "gender": "M", "shiny": false, "level": 86, "moves": ["surf", "defog", "roost", "bravebird"], "ability": "Gulp Missile", "evs": {"hp": 85, "atk": 85, "def": 85, "spa": 85, "spd": 85, "spe": 85}, "ivs": {"hp": 31, "atk": 31, "def": 31, "spa": 31, "spd": 31, "spe": 31}, "item": "Heavy-Duty Boots", "teraType": "Ground", "role": "Bulky Support", "bvs": {"hp": 70, "atk": 85, "def": 55, "spa": 85, "spd": 95, "spe": 85}, "stats": {"hp": 261, "atk": 195, "def": 144, "spa": 195, "spd": 213, "spe": 195}, "types": ["Flying", "Water"]}, "Espathra": {"name": "Espathra", "species": "Espathra", "speciesId": "espathra", "gender": "F", "shiny": false, "level": 80, "moves": ["shadowball", "luminacrash", "dazzlinggleam", "uturn"], "ability": "Speed Boost", "evs": {"hp": 85, "atk": 85, "def": 85, "spa": 85, "spd": 85, "spe": 85}, "ivs": {"hp": 31, "atk": 31, "def": 31, "spa": 31, "spd": 31, "spe": 31}, "item": "Choice Specs", "teraType": "Psychic", "role": "Wallbreaker", "bvs": {"hp": 95, "atk": 60, "def": 60, "spa": 101, "spd": 60, "spe": 105}, "stats": {"hp": 283, "atk": 142, "def": 142, "spa": 208, "spd": 142, "spe": 214}, "types": ["Psychic"]}}]}