{"id": "gen9randombattle-2641353376", "format": "[Gen 9] Random Battle", "players": ["zicafeliped", "fireicedragon25"], "log": "|j|\u2606zicafeliped\n|j|\u2606fireicedragon25\n|t:|1782771849\n|gametype|singles\n|player|p1|zicafeliped|beauty-gen4dp|2178\n|player|p2|fireicedragon25|169|2173\n|gen|9\n|tier|[Gen 9] Random Battle\n|rated|\n|rule|Species Clause: Limit one of each Pok\u00e9mon\n|rule|HP Percentage Mod: HP is shown in percentages\n|rule|Sleep Clause Mod: Limit one foe put to sleep\n|rule|Illusion Level Mod: Illusion disguises the Pok\u00e9mon's true level\n|\n|t:|1782771849\n|teamsize|p1|6\n|teamsize|p2|6\n|start\n|switch|p1a: Ursaluna|Ursaluna, L79, F|335/335\n|switch|p2a: Rotom|Rotom-Frost, L87|229/229\n|turn|1\n|inactive|Battle timer is ON: inactive players will automatically lose when time's up. (requested by zicafeliped)\n|inactive|fireicedragon25 has 120 seconds left.\n|\n|t:|1782771885\n|switch|p1a: Iron Moth|Iron Moth, L78|253/253\n|move|p2a: Rotom|Blizzard|p1a: Iron Moth\n|-resisted|p1a: Iron Moth\n|-damage|p1a: Iron Moth|194/253\n|\n|upkeep\n|turn|2\n|\n|t:|1782771894\n|switch|p2a: Regirock|Regirock, L83|268/268\n|move|p1a: Iron Moth|Toxic Spikes|p2a: Regirock\n|-sidestart|p2: fireicedragon25|move: Toxic Spikes\n|\n|upkeep\n|turn|3\n|\n|t:|1782771899\n|move|p1a: Iron Moth|Energy Ball|p2a: Regirock\n|-supereffective|p2a: Regirock\n|-damage|p2a: Regirock|128/268\n|move|p2a: Regirock|Stone Edge|p1a: Iron Moth|[miss]\n|-miss|p2a: Regirock|p1a: Iron Moth\n|\n|upkeep\n|turn|4\n|\n|t:|1782771905\n|move|p1a: Iron Moth|Energy Ball|p2a: Regirock\n|-supereffective|p2a: Regirock\n|-damage|p2a: Regirock|0 fnt\n|faint|p2a: Regirock\n|\n|upkeep\n|\n|t:|1782771911\n|switch|p2a: Pecharunt|Pecharunt, L77|262/262\n|-sideend|p2: fireicedragon25|move: Toxic Spikes|[of] p2a: Pecharunt\n|turn|5\n|\n|t:|1782771916\n|switch|p2a: Meowstic|Meowstic-F, L89, F|277/277\n|move|p1a: Iron Moth|Fiery Dance|p2a: Meowstic\n|-damage|p2a: Meowstic|183/277\n|-boost|p1a: Iron Moth|spa|1\n|\n|upkeep\n|turn|6\n|\n|t:|1782771935\n|-end|p1a: Iron Moth|Quark Drive|[silent]\n|switch|p1a: Arceus|Arceus-Steel, L70|284/284\n|move|p2a: Meowstic|Psychic|p1a: Arceus\n|-resisted|p1a: Arceus\n|-damage|p1a: Arceus|222/284\n|-damage|p2a: Meowstic|156/277|[from] item: Life Orb\n|\n|upkeep\n|turn|7\n|inactive|fireicedragon25 has 120 seconds left.\n|\n|t:|1782771966\n|switch|p2a: Staraptor|Staraptor, L79, F|263/263\n|move|p1a: Arceus|Judgment|p2a: Staraptor\n|-crit|p2a: Staraptor\n|-damage|p2a: Staraptor|37/263\n|\n|upkeep\n|turn|8\n|\n|t:|1782771980\n|switch|p1a: Kilowattrel|Kilowattrel, L83, F|252/252\n|move|p2a: Staraptor|Close Combat|p1a: Kilowattrel\n|-resisted|p1a: Kilowattrel\n|-damage|p1a: Kilowattrel|158/252\n|-unboost|p2a: Staraptor|def|1\n|-unboost|p2a: Staraptor|spd|1\n|\n|upkeep\n|turn|9\n|\n|t:|1782771996\n|move|p1a: Kilowattrel|U-turn|p2a: Staraptor\n|-resisted|p2a: Staraptor\n|-crit|p2a: Staraptor\n|-damage|p2a: Staraptor|0 fnt\n|faint|p2a: Staraptor\n|\n|t:|1782772003\n|switch|p1a: Zangoose|Zangoose, L85, M|263/263|[from] U-turn\n|\n|-status|p1a: Zangoose|tox|[from] item: Toxic Orb\n|upkeep\n|\n|t:|1782772020\n|switch|p2a: Meowstic|Meowstic-F, L89, F|156/277\n|turn|10\n|\n|t:|1782772023\n|move|p2a: Meowstic|Psychic|p1a: Zangoose\n|-damage|p1a: Zangoose|106/263 tox\n|-damage|p2a: Meowstic|129/277|[from] item: Life Orb\n|move|p1a: Zangoose|Knock Off|p2a: Meowstic\n|-supereffective|p2a: Meowstic\n|-damage|p2a: Meowstic|0 fnt\n|-enditem|p2a: Meowstic|Life Orb|[from] move: Knock Off|[of] p1a: Zangoose\n|faint|p2a: Meowstic\n|\n|-damage|p1a: Zangoose|90/263 tox|[from] psn\n|upkeep\n|\n|t:|1782772028\n|switch|p2a: Arceus|Arceus-Bug, L73|295/295\n|turn|11\n|\n|t:|1782772037\n|move|p1a: Zangoose|Quick Attack|p2a: Arceus\n|-damage|p2a: Arceus|225/295\n|move|p2a: Arceus|Judgment|p1a: Zangoose\n|-damage|p1a: Zangoose|0 fnt\n|faint|p1a: Zangoose\n|\n|upkeep\n|\n|t:|1782772044\n|switch|p1a: Kilowattrel|Kilowattrel, L83, F|158/252\n|turn|12\n|\n|t:|1782772057\n|switch|p2a: Rotom|Rotom-Frost, L87|229/229\n|move|p1a: Kilowattrel|Hurricane|p2a: Rotom\n|-resisted|p2a: Rotom\n|-crit|p2a: Rotom\n|-damage|p2a: Rotom|158/229\n|\n|upkeep\n|turn|13\n|\n|t:|1782772061\n|move|p1a: Kilowattrel|U-turn|p2a: Rotom\n|-damage|p2a: Rotom|126/229\n|\n|t:|1782772064\n|switch|p1a: Iron Moth|Iron Moth, L78|194/253|[from] U-turn\n|move|p2a: Rotom|Thunderbolt|p1a: Iron Moth\n|-damage|p1a: Iron Moth|103/253\n|\n|upkeep\n|turn|14\n|\n|t:|1782772071\n|move|p1a: Iron Moth|Fiery Dance|p2a: Rotom\n|-supereffective|p2a: Rotom\n|-damage|p2a: Rotom|0 fnt\n|-boost|p1a: Iron Moth|spa|1\n|faint|p2a: Rotom\n|\n|upkeep\n|\n|t:|1782772075\n|switch|p2a: Arceus|Arceus-Bug, L73|225/295\n|turn|15\n|\n|t:|1782772081\n|-terastallize|p2a: Arceus|Ground\n|-terastallize|p1a: Iron Moth|Grass\n|move|p2a: Arceus|Earth Power|p1a: Iron Moth\n|-resisted|p1a: Iron Moth\n|-damage|p1a: Iron Moth|62/253\n|move|p1a: Iron Moth|Fiery Dance|p2a: Arceus\n|-damage|p2a: Arceus|102/295\n|-boost|p1a: Iron Moth|spa|1\n|\n|upkeep\n|turn|16\n|\n|t:|1782772089\n|move|p2a: Arceus|Judgment|p1a: Iron Moth\n|-supereffective|p1a: Iron Moth\n|-damage|p1a: Iron Moth|0 fnt\n|faint|p1a: Iron Moth\n|-end|p1a: Iron Moth|Quark Drive|[silent]\n|\n|upkeep\n|\n|t:|1782772097\n|switch|p1a: Ursaluna|Ursaluna, L79, F|335/335\n|turn|17\n|\n|t:|1782772103\n|move|p2a: Arceus|Judgment|p1a: Ursaluna\n|-damage|p1a: Ursaluna|209/335\n|move|p1a: Ursaluna|Trailblaze|p2a: Arceus\n|-supereffective|p2a: Arceus\n|-damage|p2a: Arceus|24/295\n|-boost|p1a: Ursaluna|spe|1\n|\n|-status|p1a: Ursaluna|brn|[from] item: Flame Orb\n|upkeep\n|turn|18\n|\n|t:|1782772119\n|move|p2a: Arceus|Judgment|p1a: Ursaluna\n|-damage|p1a: Ursaluna|74/335 brn\n|move|p1a: Ursaluna|Headlong Rush|p2a: Arceus\n|-damage|p2a: Arceus|0 fnt\n|-unboost|p1a: Ursaluna|def|1\n|-unboost|p1a: Ursaluna|spd|1\n|faint|p2a: Arceus\n|\n|-damage|p1a: Ursaluna|54/335 brn|[from] brn\n|upkeep\n|\n|t:|1782772126\n|switch|p2a: Pecharunt|Pecharunt, L77|262/262\n|turn|19\n|\n|t:|1782772133\n|move|p1a: Ursaluna|Headlong Rush|p2a: Pecharunt\n|-supereffective|p2a: Pecharunt\n|-damage|p2a: Pecharunt|0 fnt\n|-unboost|p1a: Ursaluna|def|1\n|-unboost|p1a: Ursaluna|spd|1\n|faint|p2a: Pecharunt\n|\n|win|zicafeliped\n|raw|zicafeliped's rating: 2178 &rarr; <strong>2198</strong><br />(+20 for winning)\n|raw|fireicedragon25's rating: 2173 &rarr; <strong>2153</strong><br />(-20 for losing)\n", "inputlog": ">version f8ac14003a5f27e1bdc8d8c59608a773c1cb96e5\n>start {\"formatid\":\"gen9randombattle\",\"seed\":\"sodium,460fa1e73ed0d1345980d57b4ce9c0dd\",\"rated\":\"Rated battle\"}\n>player p1 {\"name\":\"zicafeliped\",\"avatar\":\"beauty-gen4dp\",\"rating\":2178,\"seed\":\"sodium,2a30cabad487bf0df81c5ff33b5e6752\"}\n>player p2 {\"name\":\"fireicedragon25\",\"avatar\":\"169\",\"rating\":2173,\"seed\":\"sodium,4fc1baa2cf6af97cba57005c4a857f38\"}\n>p1 switch 2\n>p2 move blizzard\n>p1 move toxicspikes\n>p2 switch 5\n>p1 move energyball\n>p2 move stoneedge\n>p1 move energyball\n>p2 move stoneedge\n>p2 switch 2\n>p1 move fierydance\n>p2 switch 6\n>p1 switch 4\n>p2 move psychic\n>p1 move judgment\n>p2 switch 3\n>p1 switch 3\n>p2 move closecombat\n>p1 move uturn\n>p2 move closecombat\n>p1 switch 5\n>p2 switch 3\n>p1 move knockoff\n>p2 move psychic\n>p2 switch 4\n>p1 move quickattack\n>p2 move judgment\n>p1 switch 5\n>p1 move hurricane\n>p2 switch 5\n>p1 move uturn\n>p2 move thunderbolt\n>p1 switch 4\n>p1 move fierydance\n>p2 move thunderbolt\n>p2 switch 5\n>p1 move fierydance terastallize\n>p2 move earthpower terastallize\n>p1 move energyball\n>p2 move judgment\n>p1 switch 2\n>p1 move trailblaze\n>p2 move judgment\n>p1 move headlongrush\n>p2 move judgment\n>p2 switch 6\n>p1 move headlongrush\n>p2 move malignantchain", "uploadtime": 1782772133, "views": 7, "formatid": "gen9randombattle", "rating": 2153, "private": 0, "password": null, "player_dets": [{"name": "zicafeliped", "avatar": "beauty-gen4dp", "rating": 2178, "seed": "sodium,2a30cabad487bf0df81c5ff33b5e6752"}, {"name": "fireicedragon25", "avatar": "169", "rating": 2173, "seed": "sodium,4fc1baa2cf6af97cba57005c4a857f38"}], "teams_full": [{"Ursaluna": {"name": "Ursaluna", "species": "Ursaluna", "speciesId": "ursaluna", "gender": "F", "shiny": false, "level": 79, "moves": ["facade", "trailblaze", "headlongrush", "swordsdance"], "ability": "Guts", "evs": {"hp": 85, "atk": 85, "def": 85, "spa": 85, "spd": 85, "spe": 85}, "ivs": {"hp": 31, "atk": 31, "def": 31, "spa": 31, "spd": 31, "spe": 31}, "item": "Flame Orb", "teraType": "Normal", "role": "Bulky Attacker", "bvs": {"hp": 130, "atk": 140, "def": 105, "spa": 45, "spd": 80, "spe": 50}, "stats": {"hp": 335, "atk": 267, "def": 211, "spa": 117, "spd": 172, "spe": 125}, "types": ["Ground", "Normal"]}, "Iron Moth": {"name": "Iron Moth", "species": "Iron Moth", "speciesId": "ironmoth", "gender": "N", "shiny": false, "level": 78, "moves": ["energyball", "toxicspikes", "fierydance", "sludgewave"], "ability": "Quark Drive", "evs": {"hp": 85, "atk": 0, "def": 85, "spa": 85, "spd": 85, "spe": 85}, "ivs": {"hp": 31, "atk": 0, "def": 31, "spa": 31, "spd": 31, "spe": 31}, "item": "Heavy-Duty Boots", "teraType": "Grass", "role": "Fast Attacker", "bvs": {"hp": 80, "atk": 70, "def": 60, "spa": 140, "spd": 110, "spe": 110}, "stats": {"hp": 253, "atk": 114, "def": 139, "spa": 263, "spd": 217, "spe": 217}, "types": ["Fire", "Poison"]}, "Kilowattrel": {"name": "Kilowattrel", "species": "Kilowattrel", "speciesId": "kilowattrel", "gender": "F", "shiny": false, "level": 83, "moves": ["uturn", "roost", "discharge", "hurricane"], "ability": "Volt Absorb", "evs": {"hp": 85, "atk": 85, "def": 85, "spa": 85, "spd": 85, "spe": 85}, "ivs": {"hp": 31, "atk": 31, "def": 31, "spa": 31, "spd": 31, "spe": 31}, "item": "Heavy-Duty Boots", "teraType": "Steel", "role": "Bulky Attacker", "bvs": {"hp": 70, "atk": 70, "def": 60, "spa": 105, "spd": 60, "spe": 125}, "stats": {"hp": 252, "atk": 164, "def": 147, "spa": 222, "spd": 147, "spe": 255}, "types": ["Electric", "Flying"]}, "Arceus": {"name": "Arceus", "species": "Arceus-Steel", "speciesId": "arceussteel", "gender": "N", "shiny": false, "level": 70, "moves": ["judgment", "earthquake", "willowisp", "recover"], "ability": "Multitype", "evs": {"hp": 85, "atk": 85, "def": 85, "spa": 85, "spd": 85, "spe": 85}, "ivs": {"hp": 31, "atk": 31, "def": 31, "spa": 31, "spd": 31, "spe": 31}, "item": "Iron Plate", "teraType": "Ghost", "role": "Bulky Support", "bvs": {"hp": 120, "atk": 120, "def": 120, "spa": 120, "spd": 120, "spe": 120}, "stats": {"hp": 284, "atk": 209, "def": 209, "spa": 209, "spd": 209, "spe": 209}, "types": ["Steel"]}, "Zangoose": {"name": "Zangoose", "species": "Zangoose", "speciesId": "zangoose", "gender": "M", "shiny": false, "level": 85, "moves": ["knockoff", "facade", "closecombat", "quickattack"], "ability": "Toxic Boost", "evs": {"hp": 85, "atk": 85, "def": 85, "spa": 85, "spd": 85, "spe": 85}, "ivs": {"hp": 31, "atk": 31, "def": 31, "spa": 31, "spd": 31, "spe": 31}, "item": "Toxic Orb", "teraType": "Normal", "role": "Fast Attacker", "bvs": {"hp": 73, "atk": 115, "def": 60, "spa": 60, "spd": 60, "spe": 90}, "stats": {"hp": 263, "atk": 244, "def": 151, "spa": 151, "spd": 151, "spe": 202}, "types": ["Normal"]}, "Flapple": {"name": "Flapple", "species": "Flapple", "speciesId": "flapple", "gender": "M", "shiny": false, "level": 88, "moves": ["terablast", "outrage", "dragondance", "gravapple"], "ability": "Hustle", "evs": {"hp": 85, "atk": 85, "def": 85, "spa": 85, "spd": 85, "spe": 85}, "ivs": {"hp": 31, "atk": 31, "def": 31, "spa": 31, "spd": 31, "spe": 31}, "item": "Wide Lens", "teraType": "Fire", "role": "Tera Blast user", "bvs": {"hp": 70, "atk": 110, "def": 80, "spa": 95, "spd": 60, "spe": 70}, "stats": {"hp": 266, "atk": 244, "def": 191, "spa": 217, "spd": 156, "spe": 173}, "types": ["Grass", "Dragon"]}}, {"Rotom": {"name": "Rotom", "species": "Rotom-Frost", "speciesId": "rotomfrost", "gender": "N", "shiny": false, "level": 87, "moves": ["nastyplot", "blizzard", "willowisp", "thunderbolt"], "ability": "Levitate", "evs": {"hp": 85, "atk": 0, "def": 85, "spa": 85, "spd": 85, "spe": 85}, "ivs": {"hp": 31, "atk": 0, "def": 31, "spa": 31, "spd": 31, "spe": 31}, "item": "Heavy-Duty Boots", "teraType": "Electric", "role": "Fast Attacker", "bvs": {"hp": 50, "atk": 65, "def": 107, "spa": 105, "spd": 107, "spe": 86}, "stats": {"hp": 229, "atk": 118, "def": 236, "spa": 232, "spd": 236, "spe": 199}, "types": ["Electric", "Ice"]}, "Pecharunt": {"name": "Pecharunt", "species": "Pecharunt", "speciesId": "pecharunt", "gender": "N", "shiny": false, "level": 77, "moves": ["malignantchain", "shadowball", "recover", "nastyplot"], "ability": "Poison Puppeteer", "evs": {"hp": 85, "atk": 0, "def": 85, "spa": 85, "spd": 85, "spe": 85}, "ivs": {"hp": 31, "atk": 0, "def": 31, "spa": 31, "spd": 31, "spe": 31}, "item": "Leftovers", "teraType": "Dark", "role": "Bulky Attacker", "bvs": {"hp": 88, "atk": 88, "def": 160, "spa": 88, "spd": 88, "spe": 88}, "stats": {"hp": 262, "atk": 140, "def": 291, "spa": 180, "spd": 180, "spe": 180}, "types": ["Poison", "Ghost"]}, "Staraptor": {"name": "Staraptor", "species": "Staraptor", "speciesId": "staraptor", "gender": "F", "shiny": false, "level": 79, "moves": ["closecombat", "uturn", "quickattack", "bravebird"], "ability": "Reckless", "evs": {"hp": 81, "atk": 85, "def": 85, "spa": 85, "spd": 85, "spe": 85}, "ivs": {"hp": 31, "atk": 31, "def": 31, "spa": 31, "spd": 31, "spe": 31}, "item": "Choice Band", "teraType": "Flying", "role": "Fast Attacker", "bvs": {"hp": 85, "atk": 120, "def": 70, "spa": 50, "spd": 60, "spe": 100}, "stats": {"hp": 263, "atk": 235, "def": 156, "spa": 125, "spd": 140, "spe": 204}, "types": ["Normal", "Flying"]}, "Arceus": {"name": "Arceus", "species": "Arceus-Bug", "speciesId": "arceusbug", "gender": "N", "shiny": false, "level": 73, "moves": ["earthpower", "calmmind", "recover", "judgment"], "ability": "Multitype", "evs": {"hp": 81, "atk": 0, "def": 85, "spa": 85, "spd": 85, "spe": 85}, "ivs": {"hp": 31, "atk": 0, "def": 31, "spa": 31, "spd": 31, "spe": 31}, "item": "Insect Plate", "teraType": "Ground", "role": "Bulky Setup", "bvs": {"hp": 120, "atk": 120, "def": 120, "spa": 120, "spd": 120, "spe": 120}, "stats": {"hp": 295, "atk": 180, "def": 218, "spa": 218, "spd": 218, "spe": 218}, "types": ["Bug"]}, "Regirock": {"name": "Regirock", "species": "Regirock", "speciesId": "regirock", "gender": "N", "shiny": false, "level": 83, "moves": ["bodypress", "rest", "curse", "stoneedge"], "ability": "Clear Body", "evs": {"hp": 85, "atk": 85, "def": 85, "spa": 85, "spd": 85, "spe": 85}, "ivs": {"hp": 31, "atk": 31, "def": 31, "spa": 31, "spd": 31, "spe": 31}, "item": "Chesto Berry", "teraType": "Fighting", "role": "Bulky Setup", "bvs": {"hp": 80, "atk": 100, "def": 200, "spa": 50, "spd": 100, "spe": 50}, "stats": {"hp": 268, "atk": 214, "def": 380, "spa": 131, "spd": 214, "spe": 131}, "types": ["Rock"]}, "Meowstic": {"name": "Meowstic", "species": "Meowstic-F", "speciesId": "meowsticf", "gender": "F", "shiny": false, "level": 89, "moves": ["thunderbolt", "psychic", "nastyplot", "alluringvoice"], "ability": "Competitive", "evs": {"hp": 85, "atk": 0, "def": 85, "spa": 85, "spd": 85, "spe": 85}, "ivs": {"hp": 31, "atk": 0, "def": 31, "spa": 31, "spd": 31, "spe": 31}, "item": "Life Orb", "teraType": "Electric", "role": "Setup Sweeper", "bvs": {"hp": 74, "atk": 48, "def": 76, "spa": 83, "spd": 81, "spe": 104}, "stats": {"hp": 277, "atk": 90, "def": 186, "spa": 199, "spd": 195, "spe": 236}, "types": ["Psychic"]}}]}