{"id": "gen9randombattle-2641434858", "format": "[Gen 9] Random Battle", "players": ["mrongey10", "giogiovannio"], "log": "|j|\u203dmrongey10\n|j|\u2606giogiovannio\n|t:|1782784313\n|gametype|singles\n|player|p1|mrongey10|170|2156\n|player|p2|giogiovannio|170|2181\n|gen|9\n|tier|[Gen 9] Random Battle\n|rated|\n|rule|Species Clause: Limit one of each Pok\u00e9mon\n|rule|HP Percentage Mod: HP is shown in percentages\n|rule|Sleep Clause Mod: Limit one foe put to sleep\n|rule|Illusion Level Mod: Illusion disguises the Pok\u00e9mon's true level\n|\n|t:|1782784313\n|teamsize|p1|6\n|teamsize|p2|6\n|start\n|switch|p1a: Frosmoth|Frosmoth, L82, M|249/249\n|switch|p2a: Walking Wake|Walking Wake, L79|286/286\n|turn|1\n|inactive|Battle timer is ON: inactive players will automatically lose when time's up. (requested by mrongey10)\n|inactive|giogiovannio has 120 seconds left.\n|\n|t:|1782784370\n|switch|p1a: Florges|Florges-Blue, L85, F|271/271\n|move|p2a: Walking Wake|Flamethrower|p1a: Florges\n|-damage|p1a: Florges|215/271\n|-status|p1a: Florges|brn\n|-damage|p2a: Walking Wake|258/286|[from] item: Life Orb\n|\n|-heal|p1a: Florges|231/271 brn|[from] item: Leftovers\n|-damage|p1a: Florges|215/271 brn|[from] brn\n|upkeep\n|turn|2\n|\n|t:|1782784385\n|-end|p2a: Walking Wake|Protosynthesis|[silent]\n|switch|p2a: Tropius|Tropius, L91, F|328/328\n|move|p1a: Florges|Calm Mind|p1a: Florges\n|-boost|p1a: Florges|spa|1\n|-boost|p1a: Florges|spd|1\n|\n|-heal|p1a: Florges|231/271 brn|[from] item: Leftovers\n|-damage|p1a: Florges|215/271 brn|[from] brn\n|upkeep\n|turn|3\n|\n|t:|1782784388\n|move|p1a: Florges|Moonblast|p2a: Tropius\n|-damage|p2a: Tropius|169/328\n|move|p2a: Tropius|Leech Seed|p1a: Florges\n|-start|p1a: Florges|move: Leech Seed\n|\n|-heal|p1a: Florges|231/271 brn|[from] item: Leftovers\n|-damage|p1a: Florges|198/271 brn|[from] Leech Seed|[of] p2a: Tropius\n|-heal|p2a: Tropius|202/328|[silent]\n|-damage|p1a: Florges|182/271 brn|[from] brn\n|upkeep\n|turn|4\n|\n|t:|1782784397\n|switch|p1a: Chandelure|Chandelure, L83, F|235/235\n|move|p2a: Tropius|Protect||[still]\n|-fail|p2a: Tropius\n|\n|upkeep\n|turn|5\n|\n|t:|1782784400\n|switch|p2a: Kommo-o|Kommo-o, L78, F|245/245\n|move|p1a: Chandelure|Fire Blast|p2a: Kommo-o|[miss]\n|-miss|p1a: Chandelure|p2a: Kommo-o\n|\n|upkeep\n|turn|6\n|\n|t:|1782784407\n|switch|p1a: Cramorant|Cramorant, L86, F|261/261\n|move|p2a: Kommo-o|Swords Dance|p2a: Kommo-o\n|-boost|p2a: Kommo-o|atk|2\n|\n|upkeep\n|turn|7\n|\n|t:|1782784411\n|move|p1a: Cramorant|Surf|p2a: Kommo-o\n|-formechange|p1a: Cramorant|Cramorant-Gulping|\n|-resisted|p2a: Kommo-o\n|-damage|p2a: Kommo-o|202/245\n|move|p2a: Kommo-o|Scale Shot|p1a: Cramorant\n|-damage|p1a: Cramorant|194/261\n|-damage|p2a: Kommo-o|141/245|[from] ability: Gulp Missile|[of] p1a: Cramorant\n|-unboost|p2a: Kommo-o|def|1\n|-formechange|p1a: Cramorant|Cramorant|\n|-damage|p1a: Cramorant|121/261\n|-damage|p1a: Cramorant|49/261\n|-damage|p1a: Cramorant|0 fnt\n|faint|p1a: Cramorant\n|-hitcount|p1: Cramorant|4\n|-unboost|p2a: Kommo-o|def|1\n|-boost|p2a: Kommo-o|spe|1\n|\n|upkeep\n|\n|t:|1782784432\n|switch|p1a: Alcremie|Alcremie-Ruby-Swirl, L90, F|263/263\n|turn|8\n|\n|t:|1782784442\n|-terastallize|p2a: Kommo-o|Steel\n|-terastallize|p1a: Alcremie|Steel\n|move|p2a: Kommo-o|Iron Head|p1a: Alcremie\n|-resisted|p1a: Alcremie\n|-damage|p1a: Alcremie|176/263\n|move|p1a: Alcremie|Psyshock|p2a: Kommo-o\n|-resisted|p2a: Kommo-o\n|-damage|p2a: Kommo-o|81/245\n|\n|-heal|p1a: Alcremie|192/263|[from] item: Leftovers\n|upkeep\n|turn|9\n|\n|t:|1782784457\n|switch|p1a: Chandelure|Chandelure, L83, F|235/235\n|move|p2a: Kommo-o|Close Combat|p1a: Chandelure\n|-immune|p1a: Chandelure\n|\n|upkeep\n|turn|10\n|\n|t:|1782784464\n|switch|p2a: Walking Wake|Walking Wake, L79|258/286\n|move|p1a: Chandelure|Fire Blast|p2a: Walking Wake\n|-resisted|p2a: Walking Wake\n|-damage|p2a: Walking Wake|213/286\n|-status|p2a: Walking Wake|brn\n|\n|-damage|p2a: Walking Wake|196/286 brn|[from] brn\n|upkeep\n|turn|11\n|\n|t:|1782784479\n|-end|p2a: Walking Wake|Protosynthesis|[silent]\n|switch|p2a: Lapras|Lapras, L87, M|368/368\n|move|p1a: Chandelure|Shadow Ball|p2a: Lapras\n|-damage|p2a: Lapras|260/368\n|\n|upkeep\n|turn|12\n|\n|t:|1782784482\n|move|p1a: Chandelure|Calm Mind|p1a: Chandelure\n|-boost|p1a: Chandelure|spa|1\n|-boost|p1a: Chandelure|spd|1\n|move|p2a: Lapras|Sparkling Aria|p1a: Chandelure\n|-supereffective|p1a: Chandelure\n|-damage|p1a: Chandelure|121/235\n|\n|upkeep\n|turn|13\n|\n|t:|1782784485\n|move|p1a: Chandelure|Energy Ball|p2a: Lapras\n|-supereffective|p2a: Lapras\n|-damage|p2a: Lapras|8/368\n|-unboost|p2a: Lapras|spd|1\n|move|p2a: Lapras|Sparkling Aria|p1a: Chandelure\n|-supereffective|p1a: Chandelure\n|-damage|p1a: Chandelure|1/235\n|\n|upkeep\n|turn|14\n|\n|t:|1782784488\n|move|p1a: Chandelure|Shadow Ball|p2a: Lapras\n|-damage|p2a: Lapras|0 fnt\n|faint|p2a: Lapras\n|\n|upkeep\n|\n|t:|1782784492\n|switch|p2a: Walking Wake|Walking Wake, L79|196/286 brn\n|turn|15\n|\n|t:|1782784494\n|move|p2a: Walking Wake|Hydro Steam|p1a: Chandelure\n|-supereffective|p1a: Chandelure\n|-damage|p1a: Chandelure|0 fnt\n|faint|p1a: Chandelure\n|-damage|p2a: Walking Wake|168/286 brn|[from] item: Life Orb\n|\n|-damage|p2a: Walking Wake|151/286 brn|[from] brn\n|upkeep\n|\n|t:|1782784496\n|switch|p1a: Florges|Florges-Blue, L85, F|182/271 brn\n|turn|16\n|\n|t:|1782784504\n|-end|p2a: Walking Wake|Protosynthesis|[silent]\n|switch|p2a: Kommo-o|Kommo-o, L78, F, tera:Steel|81/245\n|move|p1a: Florges|Wish|p1a: Florges\n|\n|-heal|p1a: Florges|198/271 brn|[from] item: Leftovers\n|-damage|p1a: Florges|182/271 brn|[from] brn\n|upkeep\n|turn|17\n|\n|t:|1782784515\n|move|p2a: Kommo-o|Swords Dance|p2a: Kommo-o\n|-boost|p2a: Kommo-o|atk|2\n|move|p1a: Florges|Moonblast|p2a: Kommo-o\n|-resisted|p2a: Kommo-o\n|-damage|p2a: Kommo-o|28/245\n|\n|-heal|p1a: Florges|271/271 brn|[from] move: Wish|[wisher] Florges\n|-damage|p1a: Florges|255/271 brn|[from] brn\n|upkeep\n|turn|18\n|\n|t:|1782784521\n|move|p2a: Kommo-o|Iron Head|p1a: Florges\n|-supereffective|p1a: Florges\n|-damage|p1a: Florges|0 fnt\n|faint|p1a: Florges\n|\n|upkeep\n|\n|t:|1782784524\n|switch|p1a: Polteageist|Polteageist, L78|222/222\n|turn|19\n|\n|t:|1782784528\n|move|p2a: Kommo-o|Scale Shot|p1a: Polteageist\n|-damage|p1a: Polteageist|155/222\n|-start|p2a: Kommo-o|Disable|Scale Shot|[from] ability: Cursed Body|[of] p1a: Polteageist\n|-damage|p1a: Polteageist|91/222\n|-damage|p1a: Polteageist|18/222\n|-damage|p1a: Polteageist|0 fnt\n|faint|p1a: Polteageist\n|-hitcount|p1: Polteageist|4\n|-unboost|p2a: Kommo-o|def|1\n|-boost|p2a: Kommo-o|spe|1\n|\n|upkeep\n|l|\u203dmrongey10\n|inactive|mrongey10 disconnected and has a minute to reconnect!\n|player|p1|\n|inactive|mrongey10 has 30 seconds to reconnect!\n|inactive|mrongey10 has 20 seconds to reconnect!\n|inactive|mrongey10 has 15 seconds to reconnect!\n|inactive|mrongey10 has 10 seconds to reconnect!\n|inactive|mrongey10 has 5 seconds to reconnect!\n|-message|mrongey10 lost due to inactivity.\n|\n|win|giogiovannio\n|raw|mrongey10's rating: 2156 &rarr; <strong>2137</strong><br />(-19 for losing)\n|raw|giogiovannio's rating: 2181 &rarr; <strong>2200</strong><br />(+19 for winning)\n", "inputlog": ">version f8ac14003a5f27e1bdc8d8c59608a773c1cb96e5\n>start {\"formatid\":\"gen9randombattle\",\"seed\":\"sodium,273de40499426f3cfe218a098a882833\",\"rated\":\"Rated battle\"}\n>player p1 {\"name\":\"mrongey10\",\"avatar\":\"170\",\"rating\":2156,\"seed\":\"sodium,0340235b47528028e51ef27041faaf28\"}\n>player p2 {\"name\":\"giogiovannio\",\"avatar\":\"170\",\"rating\":2181,\"seed\":\"sodium,8159b08753d61b7bb4ba8cd02aa0d187\"}\n>p1 switch 6\n>p2 move flamethrower\n>p1 move calmmind\n>p2 switch 6\n>p1 move moonblast\n>p2 move leechseed\n>p1 switch 2\n>p2 move protect\n>p1 move fireblast\n>p2 switch 3\n>p1 switch 3\n>p2 move swordsdance\n>p1 move surf\n>p2 move scaleshot\n>p1 switch 4\n>p1 move psyshock terastallize\n>p2 move ironhead terastallize\n>p1 switch 3\n>p2 move closecombat\n>p1 move fireblast\n>p2 switch 6\n>p1 move shadowball\n>p2 switch 4\n>p1 move calmmind\n>p2 move sparklingaria\n>p1 move energyball\n>p2 move sparklingaria\n>p1 move shadowball\n>p2 move freezedry\n>p2 switch 4\n>p1 move shadowball\n>p2 move hydrosteam\n>p1 switch 2\n>p1 move wish\n>p2 switch 6\n>p1 move moonblast\n>p2 move swordsdance\n>p1 move moonblast\n>p2 move ironhead\n>p1 switch 5\n>p1 move shellsmash\n>p2 move scaleshot\n>forcelose p1", "uploadtime": 1782784315, "views": 8, "formatid": "gen9randombattle", "rating": 2137, "private": 0, "password": null, "player_dets": [{"name": "mrongey10", "avatar": "170", "rating": 2156, "seed": "sodium,0340235b47528028e51ef27041faaf28"}, {"name": "giogiovannio", "avatar": "170", "rating": 2181, "seed": "sodium,8159b08753d61b7bb4ba8cd02aa0d187"}], "teams_full": [{"Frosmoth": {"name": "Frosmoth", "species": "Frosmoth", "speciesId": "frosmoth", "gender": "M", "shiny": false, "level": 82, "moves": ["quiverdance", "bugbuzz", "terablast", "icebeam"], "ability": "Ice Scales", "evs": {"hp": 85, "atk": 0, "def": 85, "spa": 85, "spd": 85, "spe": 85}, "ivs": {"hp": 31, "atk": 0, "def": 31, "spa": 31, "spd": 31, "spe": 31}, "item": "Heavy-Duty Boots", "teraType": "Ground", "role": "Tera Blast user", "bvs": {"hp": 70, "atk": 65, "def": 60, "spa": 125, "spd": 90, "spe": 65}, "stats": {"hp": 249, "atk": 111, "def": 146, "spa": 252, "spd": 195, "spe": 154}, "types": ["Ice", "Bug"]}, "Chandelure": {"name": "Chandelure", "species": "Chandelure", "speciesId": "chandelure", "gender": "F", "shiny": false, "level": 83, "moves": ["energyball", "calmmind", "shadowball", "fireblast"], "ability": "Flash Fire", "evs": {"hp": 85, "atk": 0, "def": 85, "spa": 85, "spd": 85, "spe": 85}, "ivs": {"hp": 31, "atk": 0, "def": 31, "spa": 31, "spd": 31, "spe": 31}, "item": "Heavy-Duty Boots", "teraType": "Grass", "role": "Fast Bulky Setup", "bvs": {"hp": 60, "atk": 55, "def": 90, "spa": 145, "spd": 90, "spe": 80}, "stats": {"hp": 235, "atk": 96, "def": 197, "spa": 288, "spd": 197, "spe": 180}, "types": ["Ghost", "Fire"]}, "Cramorant": {"name": "Cramorant", "species": "Cramorant", "speciesId": "cramorant", "gender": "F", "shiny": false, "level": 86, "moves": ["roost", "bravebird", "surf", "defog"], "ability": "Gulp Missile", "evs": {"hp": 85, "atk": 85, "def": 85, "spa": 85, "spd": 85, "spe": 85}, "ivs": {"hp": 31, "atk": 31, "def": 31, "spa": 31, "spd": 31, "spe": 31}, "item": "Heavy-Duty Boots", "teraType": "Ground", "role": "Bulky Support", "bvs": {"hp": 70, "atk": 85, "def": 55, "spa": 85, "spd": 95, "spe": 85}, "stats": {"hp": 261, "atk": 195, "def": 144, "spa": 195, "spd": 213, "spe": 195}, "types": ["Flying", "Water"]}, "Alcremie": {"name": "Alcremie", "species": "Alcremie-Ruby-Swirl", "speciesId": "alcremie", "gender": "F", "shiny": false, "level": 90, "moves": ["psyshock", "alluringvoice", "calmmind", "recover"], "ability": "Aroma Veil", "evs": {"hp": 85, "atk": 0, "def": 85, "spa": 85, "spd": 85, "spe": 85}, "ivs": {"hp": 31, "atk": 0, "def": 31, "spa": 31, "spd": 31, "spe": 31}, "item": "Leftovers", "teraType": "Steel", "role": "Bulky Setup", "bvs": {"hp": 65, "atk": 60, "def": 75, "spa": 110, "spd": 121, "spe": 64}, "stats": {"hp": 263, "atk": 113, "def": 186, "spa": 249, "spd": 269, "spe": 167}, "types": ["Fairy"]}, "Polteageist": {"name": "Polteageist", "species": "Polteageist", "speciesId": "polteageist", "gender": "N", "shiny": false, "level": 78, "moves": ["strengthsap", "shadowball", "storedpower", "shellsmash"], "ability": "Cursed Body", "evs": {"hp": 85, "atk": 0, "def": 85, "spa": 85, "spd": 85, "spe": 85}, "ivs": {"hp": 31, "atk": 0, "def": 31, "spa": 31, "spd": 31, "spe": 31}, "item": "White Herb", "teraType": "Psychic", "role": "Setup Sweeper", "bvs": {"hp": 60, "atk": 65, "def": 65, "spa": 134, "spd": 114, "spe": 70}, "stats": {"hp": 222, "atk": 106, "def": 146, "spa": 254, "spd": 223, "spe": 154}, "types": ["Ghost"]}, "Florges": {"name": "Florges", "species": "Florges-Blue", "speciesId": "florges", "gender": "F", "shiny": false, "level": 85, "moves": ["wish", "protect", "moonblast", "calmmind"], "ability": "Flower Veil", "evs": {"hp": 85, "atk": 0, "def": 85, "spa": 85, "spd": 85, "spe": 85}, "ivs": {"hp": 31, "atk": 0, "def": 31, "spa": 31, "spd": 31, "spe": 31}, "item": "Leftovers", "teraType": "Steel", "role": "Bulky Setup", "bvs": {"hp": 78, "atk": 65, "def": 68, "spa": 112, "spd": 154, "spe": 75}, "stats": {"hp": 271, "atk": 115, "def": 164, "spa": 239, "spd": 311, "spe": 176}, "types": ["Fairy"]}}, {"Walking Wake": {"name": "Walking Wake", "species": "Walking Wake", "speciesId": "walkingwake", "gender": "N", "shiny": false, "level": 79, "moves": ["dracometeor", "sunnyday", "flamethrower", "hydrosteam"], "ability": "Protosynthesis", "evs": {"hp": 85, "atk": 0, "def": 85, "spa": 85, "spd": 85, "spe": 85}, "ivs": {"hp": 31, "atk": 0, "def": 31, "spa": 31, "spd": 31, "spe": 31}, "item": "Life Orb", "teraType": "Fire", "role": "Fast Attacker", "bvs": {"hp": 99, "atk": 83, "def": 91, "spa": 125, "spd": 83, "spe": 109}, "stats": {"hp": 286, "atk": 136, "def": 189, "spa": 243, "spd": 177, "spe": 218}, "types": ["Water", "Dragon"]}, "Arboliva": {"name": "Arboliva", "species": "Arboliva", "speciesId": "arboliva", "gender": "M", "shiny": false, "level": 91, "moves": ["protect", "substitute", "hypervoice", "leechseed"], "ability": "Harvest", "evs": {"hp": 77, "atk": 0, "def": 85, "spa": 85, "spd": 85, "spe": 85}, "ivs": {"hp": 31, "atk": 0, "def": 31, "spa": 31, "spd": 31, "spe": 31}, "item": "Sitrus Berry", "teraType": "Poison", "role": "Bulky Support", "bvs": {"hp": 78, "atk": 69, "def": 90, "spa": 125, "spd": 109, "spe": 39}, "stats": {"hp": 288, "atk": 130, "def": 216, "spa": 279, "spd": 250, "spe": 123}, "types": ["Grass", "Normal"]}, "Kommo-o": {"name": "Kommo-o", "species": "Kommo-o", "speciesId": "kommoo", "gender": "F", "shiny": false, "level": 78, "moves": ["scaleshot", "swordsdance", "ironhead", "closecombat"], "ability": "Soundproof", "evs": {"hp": 85, "atk": 85, "def": 85, "spa": 85, "spd": 85, "spe": 85}, "ivs": {"hp": 31, "atk": 31, "def": 31, "spa": 31, "spd": 31, "spe": 31}, "item": "Loaded Dice", "teraType": "Steel", "role": "Setup Sweeper", "bvs": {"hp": 75, "atk": 110, "def": 125, "spa": 100, "spd": 105, "spe": 85}, "stats": {"hp": 245, "atk": 217, "def": 240, "spa": 201, "spd": 209, "spe": 178}, "types": ["Dragon", "Fighting"]}, "Lapras": {"name": "Lapras", "species": "Lapras", "speciesId": "lapras", "gender": "M", "shiny": false, "level": 87, "moves": ["sparklingaria", "rest", "sleeptalk", "freezedry"], "ability": "Water Absorb", "evs": {"hp": 85, "atk": 0, "def": 85, "spa": 85, "spd": 85, "spe": 85}, "ivs": {"hp": 31, "atk": 0, "def": 31, "spa": 31, "spd": 31, "spe": 31}, "item": "Heavy-Duty Boots", "teraType": "Poison", "role": "Bulky Attacker", "bvs": {"hp": 130, "atk": 85, "def": 80, "spa": 85, "spd": 95, "spe": 60}, "stats": {"hp": 368, "atk": 152, "def": 189, "spa": 198, "spd": 215, "spe": 154}, "types": ["Water", "Ice"]}, "Corviknight": {"name": "Corviknight", "species": "Corviknight", "speciesId": "corviknight", "gender": "F", "shiny": false, "level": 80, "moves": ["defog", "roost", "bravebird", "uturn"], "ability": "Pressure", "evs": {"hp": 85, "atk": 85, "def": 85, "spa": 85, "spd": 85, "spe": 85}, "ivs": {"hp": 31, "atk": 31, "def": 31, "spa": 31, "spd": 31, "spe": 31}, "item": "Rocky Helmet", "teraType": "Dragon", "role": "Bulky Support", "bvs": {"hp": 98, "atk": 87, "def": 105, "spa": 53, "spd": 85, "spe": 67}, "stats": {"hp": 288, "atk": 185, "def": 214, "spa": 131, "spd": 182, "spe": 153}, "types": ["Flying", "Steel"]}, "Tropius": {"name": "Tropius", "species": "Tropius", "speciesId": "tropius", "gender": "F", "shiny": false, "level": 91, "moves": ["leechseed", "airslash", "substitute", "protect"], "ability": "Harvest", "evs": {"hp": 85, "atk": 0, "def": 85, "spa": 85, "spd": 85, "spe": 85}, "ivs": {"hp": 31, "atk": 0, "def": 31, "spa": 31, "spd": 31, "spe": 31}, "item": "Sitrus Berry", "teraType": "Steel", "role": "Bulky Support", "bvs": {"hp": 99, "atk": 68, "def": 83, "spa": 72, "spd": 87, "spe": 51}, "stats": {"hp": 328, "atk": 128, "def": 203, "spa": 183, "spd": 210, "spe": 145}, "types": ["Grass", "Flying"]}}]}