{"id": "gen9randombattle-2641641195", "format": "[Gen 9] Random Battle", "players": ["Toxikmilk", "soumatou_story"], "log": "|j|\u2606Toxikmilk\n|j|\u2606soumatou_story\n|t:|1782823505\n|gametype|singles\n|player|p1|Toxikmilk|pokekid|2020\n|player|p2|soumatou_story|parasollady|2107\n|gen|9\n|tier|[Gen 9] Random Battle\n|rated|\n|rule|Species Clause: Limit one of each Pok\u00e9mon\n|rule|HP Percentage Mod: HP is shown in percentages\n|rule|Sleep Clause Mod: Limit one foe put to sleep\n|rule|Illusion Level Mod: Illusion disguises the Pok\u00e9mon's true level\n|\n|t:|1782823505\n|teamsize|p1|6\n|teamsize|p2|6\n|start\n|switch|p1a: Fezandipiti|Fezandipiti, L82, M|278/278\n|switch|p2a: Chi-Yu|Chi-Yu, L77|211/211\n|-ability|p2a: Chi-Yu|Beads of Ruin\n|turn|1\n|inactive|Battle timer is ON: inactive players will automatically lose when time's up. (requested by Toxikmilk)\n|inactive|soumatou_story has 120 seconds left.\n|\n|t:|1782823540\n|switch|p1a: Heatran|Heatran, L79, F|273/273\n|-item|p1a: Heatran|Air Balloon\n|switch|p2a: Froslass|Froslass, L87, F|263/263\n|\n|upkeep\n|turn|2\n|\n|t:|1782823558\n|switch|p2a: Lanturn|Lanturn, L89, F|367/367\n|move|p1a: Heatran|Stealth Rock|p2a: Lanturn\n|-sidestart|p2: soumatou_story|move: Stealth Rock\n|\n|upkeep\n|turn|3\n|\n|t:|1782823575\n|switch|p1a: Ursaring|Ursaring, L84, M|288/288\n|move|p2a: Lanturn|Thunder Wave|p1a: Ursaring\n|-status|p1a: Ursaring|par\n|\n|upkeep\n|turn|4\n|\n|t:|1782823583\n|move|p2a: Lanturn|Volt Switch|p1a: Ursaring\n|-damage|p1a: Ursaring|237/288 par\n|\n|t:|1782823586\n|switch|p2a: Houndstone|Houndstone, L86, M|264/264|[from] Volt Switch\n|-damage|p2a: Houndstone|231/264|[from] Stealth Rock\n|move|p1a: Ursaring|Earthquake|p2a: Houndstone\n|-damage|p2a: Houndstone|110/264\n|\n|upkeep\n|turn|5\n|\n|t:|1782823598\n|move|p2a: Houndstone|Body Press|p1a: Ursaring\n|-supereffective|p1a: Ursaring\n|-damage|p1a: Ursaring|151/288 par\n|move|p1a: Ursaring|Earthquake|p2a: Houndstone\n|-damage|p2a: Houndstone|0 fnt\n|faint|p2a: Houndstone\n|\n|upkeep\n|\n|t:|1782823610\n|switch|p2a: Froslass|Froslass, L87, F|263/263\n|-damage|p2a: Froslass|198/263|[from] Stealth Rock\n|turn|6\n|\n|t:|1782823620\n|move|p2a: Froslass|Triple Axel|p1a: Ursaring\n|-damage|p1a: Ursaring|136/288 par\n|-damage|p1a: Ursaring|108/288 par\n|-damage|p1a: Ursaring|65/288 par\n|-hitcount|p1a: Ursaring|3\n|move|p1a: Ursaring|Earthquake|p2a: Froslass\n|-damage|p2a: Froslass|54/263\n|-start|p1a: Ursaring|Disable|Earthquake|[from] ability: Cursed Body|[of] p2a: Froslass\n|\n|upkeep\n|turn|7\n|\n|t:|1782823631\n|move|p2a: Froslass|Triple Axel|p1a: Ursaring\n|-damage|p1a: Ursaring|49/288 par\n|-damage|p1a: Ursaring|21/288 par\n|-damage|p1a: Ursaring|0 fnt\n|faint|p1a: Ursaring\n|-hitcount|p1: Ursaring|3\n|\n|upkeep\n|\n|t:|1782823656\n|switch|p1a: Trevenant|Trevenant, L89, M|296/296\n|turn|8\n|\n|t:|1782823660\n|move|p2a: Froslass|Will-O-Wisp|p1a: Trevenant\n|-status|p1a: Trevenant|brn\n|move|p1a: Trevenant|Will-O-Wisp|p2a: Froslass\n|-status|p2a: Froslass|brn\n|\n|-damage|p2a: Froslass|38/263 brn|[from] brn\n|-damage|p1a: Trevenant|278/296 brn|[from] brn\n|upkeep\n|turn|9\n|inactive|Toxikmilk has 120 seconds left.\n|\n|t:|1782823689\n|move|p2a: Froslass|Destiny Bond|p2a: Froslass\n|-singlemove|p2a: Froslass|Destiny Bond\n|move|p1a: Trevenant|Poltergeist|p2a: Froslass\n|-activate|p2a: Froslass|move: Poltergeist|Wide Lens\n|-supereffective|p2a: Froslass\n|-damage|p2a: Froslass|0 fnt\n|faint|p2a: Froslass\n|-activate|p2a: Froslass|move: Destiny Bond\n|faint|p1a: Trevenant\n|\n|upkeep\n|inactive|Toxikmilk has 120 seconds left.\n|\n|t:|1782823703\n|switch|p2a: Lanturn|Lanturn, L89, F|367/367\n|switch|p1a: Fezandipiti|Fezandipiti, L82, M|278/278\n|turn|10\n|inactive|Toxikmilk has 120 seconds left.\n|\n|t:|1782823709\n|move|p1a: Fezandipiti|Beat Up|p2a: Lanturn\n|-damage|p2a: Lanturn|355/367\n|-damage|p2a: Lanturn|342/367\n|-crit|p2a: Lanturn\n|-damage|p2a: Lanturn|322/367\n|-damage|p2a: Lanturn|311/367\n|-hitcount|p2a: Lanturn|4\n|move|p2a: Lanturn|Thunder Wave|p1a: Fezandipiti\n|-status|p1a: Fezandipiti|par\n|\n|upkeep\n|turn|11\n|inactive|Toxikmilk has 120 seconds left.\n|\n|t:|1782823719\n|move|p2a: Lanturn|Volt Switch|p1a: Fezandipiti\n|-damage|p1a: Fezandipiti|224/278 par\n|\n|t:|1782823722\n|switch|p2a: Farigiraf|Farigiraf, L90, M|362/362|[from] Volt Switch\n|-damage|p2a: Farigiraf|317/362|[from] Stealth Rock\n|move|p1a: Fezandipiti|Gunk Shot|p2a: Farigiraf\n|-damage|p2a: Farigiraf|181/362\n|\n|-heal|p2a: Farigiraf|203/362|[from] item: Leftovers\n|-heal|p1a: Fezandipiti|241/278 par|[from] item: Leftovers\n|upkeep\n|turn|12\n|inactive|Toxikmilk has 120 seconds left.\n|\n|t:|1782823750\n|switch|p1a: Heatran|Heatran, L79, F|273/273\n|-item|p1a: Heatran|Air Balloon\n|move|p2a: Farigiraf|Psychic Noise|p1a: Heatran\n|-resisted|p1a: Heatran\n|-damage|p1a: Heatran|228/273\n|-start|p1a: Heatran|move: Heal Block\n|-enditem|p1a: Heatran|Air Balloon\n|\n|-heal|p2a: Farigiraf|225/362|[from] item: Leftovers\n|upkeep\n|turn|13\n|\n|t:|1782823763\n|move|p1a: Heatran|Earth Power|p2a: Farigiraf\n|-damage|p2a: Farigiraf|151/362\n|move|p2a: Farigiraf|Wish|p2a: Farigiraf\n|\n|-heal|p2a: Farigiraf|173/362|[from] item: Leftovers\n|-end|p1a: Heatran|move: Heal Block\n|upkeep\n|turn|14\n|\n|t:|1782823772\n|move|p1a: Heatran|Magma Storm|p2a: Farigiraf\n|-damage|p2a: Farigiraf|47/362\n|-activate|p2a: Farigiraf|move: Magma Storm|[of] p1a: Heatran\n|move|p2a: Farigiraf|Body Slam|p1a: Heatran\n|-resisted|p1a: Heatran\n|-damage|p1a: Heatran|180/273\n|-status|p1a: Heatran|par\n|\n|-heal|p2a: Farigiraf|228/362|[from] move: Wish|[wisher] Farigiraf\n|-heal|p2a: Farigiraf|250/362|[from] item: Leftovers\n|-damage|p2a: Farigiraf|205/362|[from] move: Magma Storm|[partiallytrapped]\n|upkeep\n|turn|15\n|inactive|Toxikmilk has 120 seconds left.\n|\n|t:|1782823786\n|move|p2a: Farigiraf|Wish|p2a: Farigiraf\n|move|p1a: Heatran|Earth Power|p2a: Farigiraf\n|-damage|p2a: Farigiraf|125/362\n|\n|-heal|p2a: Farigiraf|147/362|[from] item: Leftovers\n|-damage|p2a: Farigiraf|102/362|[from] move: Magma Storm|[partiallytrapped]\n|upkeep\n|turn|16\n|inactive|Toxikmilk has 120 seconds left.\n|\n|t:|1782823794\n|move|p2a: Farigiraf|Protect|p2a: Farigiraf\n|-singleturn|p2a: Farigiraf|Protect\n|move|p1a: Heatran|Magma Storm|p2a: Farigiraf\n|-activate|p2a: Farigiraf|move: Protect\n|\n|-heal|p2a: Farigiraf|283/362|[from] move: Wish|[wisher] Farigiraf\n|-heal|p2a: Farigiraf|305/362|[from] item: Leftovers\n|-damage|p2a: Farigiraf|260/362|[from] move: Magma Storm|[partiallytrapped]\n|upkeep\n|turn|17\n|inactive|Toxikmilk has 120 seconds left.\n|\n|t:|1782823806\n|move|p2a: Farigiraf|Wish|p2a: Farigiraf\n|move|p1a: Heatran|Magma Storm|p2a: Farigiraf\n|-crit|p2a: Farigiraf\n|-damage|p2a: Farigiraf|56/362\n|\n|-heal|p2a: Farigiraf|78/362|[from] item: Leftovers\n|-damage|p2a: Farigiraf|33/362|[from] move: Magma Storm|[partiallytrapped]\n|upkeep\n|turn|18\n|inactive|Toxikmilk has 120 seconds left.\n|\n|t:|1782823820\n|move|p2a: Farigiraf|Protect|p2a: Farigiraf\n|-singleturn|p2a: Farigiraf|Protect\n|move|p1a: Heatran|Magma Storm|p2a: Farigiraf\n|-activate|p2a: Farigiraf|move: Protect\n|\n|-heal|p2a: Farigiraf|214/362|[from] move: Wish|[wisher] Farigiraf\n|-heal|p2a: Farigiraf|236/362|[from] item: Leftovers\n|-end|p2a: Farigiraf|Magma Storm|[partiallytrapped]\n|upkeep\n|turn|19\n|\n|t:|1782823830\n|switch|p2a: Lanturn|Lanturn, L89, F|311/367\n|cant|p1a: Heatran|par\n|\n|upkeep\n|turn|20\n|\n|t:|1782823835\n|move|p2a: Lanturn|Scald|p1a: Heatran\n|-supereffective|p1a: Heatran\n|-damage|p1a: Heatran|28/273 par\n|move|p1a: Heatran|Earth Power|p2a: Lanturn\n|-supereffective|p2a: Lanturn\n|-damage|p2a: Lanturn|165/367\n|\n|upkeep\n|turn|21\n|\n|t:|1782823844\n|move|p2a: Lanturn|Volt Switch|p1a: Heatran\n|-damage|p1a: Heatran|0 fnt\n|faint|p1a: Heatran\n|\n|t:|1782823847\n|switch|p2a: Farigiraf|Farigiraf, L90, M|236/362|[from] Volt Switch\n|-damage|p2a: Farigiraf|191/362|[from] Stealth Rock\n|\n|-heal|p2a: Farigiraf|213/362|[from] item: Leftovers\n|upkeep\n|\n|t:|1782823854\n|switch|p1a: Fezandipiti|Fezandipiti, L82, M|241/278 par\n|turn|22\n|\n|t:|1782823859\n|move|p2a: Farigiraf|Protect|p2a: Farigiraf\n|-singleturn|p2a: Farigiraf|Protect\n|move|p1a: Fezandipiti|Gunk Shot|p2a: Farigiraf\n|-activate|p2a: Farigiraf|move: Protect\n|\n|-heal|p2a: Farigiraf|235/362|[from] item: Leftovers\n|-heal|p1a: Fezandipiti|258/278 par|[from] item: Leftovers\n|upkeep\n|turn|23\n|\n|t:|1782823867\n|move|p2a: Farigiraf|Psychic Noise|p1a: Fezandipiti\n|-supereffective|p1a: Fezandipiti\n|-damage|p1a: Fezandipiti|106/278 par\n|-start|p1a: Fezandipiti|move: Heal Block\n|move|p1a: Fezandipiti|Gunk Shot|p2a: Farigiraf|[miss]\n|-miss|p1a: Fezandipiti|p2a: Farigiraf\n|\n|-heal|p2a: Farigiraf|257/362|[from] item: Leftovers\n|upkeep\n|turn|24\n|\n|t:|1782823877\n|move|p2a: Farigiraf|Protect|p2a: Farigiraf\n|-singleturn|p2a: Farigiraf|Protect\n|move|p1a: Fezandipiti|Gunk Shot|p2a: Farigiraf\n|-activate|p2a: Farigiraf|move: Protect\n|\n|-heal|p2a: Farigiraf|279/362|[from] item: Leftovers\n|-end|p1a: Fezandipiti|move: Heal Block\n|upkeep\n|turn|25\n|\n|t:|1782823886\n|move|p2a: Farigiraf|Psychic Noise|p1a: Fezandipiti\n|-supereffective|p1a: Fezandipiti\n|-damage|p1a: Fezandipiti|0 fnt\n|faint|p1a: Fezandipiti\n|\n|-heal|p2a: Farigiraf|301/362|[from] item: Leftovers\n|upkeep\n|\n|t:|1782823897\n|switch|p1a: Manaphy|Manaphy, L78|284/284\n|turn|26\n|\n|t:|1782823902\n|move|p1a: Manaphy|Tail Glow|p1a: Manaphy\n|-boost|p1a: Manaphy|spa|3\n|move|p2a: Farigiraf|Body Slam|p1a: Manaphy\n|-damage|p1a: Manaphy|190/284\n|\n|-heal|p1a: Manaphy|207/284|[from] item: Leftovers\n|-heal|p2a: Farigiraf|323/362|[from] item: Leftovers\n|upkeep\n|turn|27\n|\n|t:|1782823914\n|-terastallize|p2a: Farigiraf|Water\n|move|p1a: Manaphy|Tail Glow|p1a: Manaphy\n|-boost|p1a: Manaphy|spa|3\n|move|p2a: Farigiraf|Body Slam|p1a: Manaphy\n|-damage|p1a: Manaphy|116/284\n|-status|p1a: Manaphy|par\n|\n|-heal|p2a: Farigiraf|345/362|[from] item: Leftovers\n|-heal|p1a: Manaphy|133/284 par|[from] item: Leftovers\n|upkeep\n|turn|28\n|\n|t:|1782823925\n|move|p2a: Farigiraf|Psychic Noise|p1a: Manaphy\n|-damage|p1a: Manaphy|37/284 par\n|-start|p1a: Manaphy|move: Heal Block\n|move|p1a: Manaphy|Energy Ball|p2a: Farigiraf\n|-ability|p2a: Farigiraf|Sap Sipper|boost\n|-boost|p2a: Farigiraf|atk|1\n|\n|-heal|p2a: Farigiraf|362/362|[from] item: Leftovers\n|upkeep\n|turn|29\n|l|\u2606Toxikmilk\n|inactive|Toxikmilk disconnected and has a minute to reconnect!\n|player|p1|\n|j|\u2606Toxikmilk\n|inactive|Toxikmilk reconnected and has 125 seconds left.\n|player|p1|Toxikmilk|pokekid|\n|inactive|Toxikmilk has 120 seconds left.\n|-message|Toxikmilk forfeited.\n|\n|win|soumatou_story\n", "inputlog": ">version f8ac14003a5f27e1bdc8d8c59608a773c1cb96e5\n>start {\"formatid\":\"gen9randombattle\",\"seed\":\"sodium,590f0ec986d8cf41d145eac6ee561691\",\"rated\":\"Rated battle\"}\n>player p1 {\"name\":\"Toxikmilk\",\"avatar\":\"pokekid\",\"rating\":2020,\"seed\":\"sodium,f035762b2f6fea77bf69c6a77cc9ffd4\"}\n>player p2 {\"name\":\"soumatou_story\",\"avatar\":\"parasollady\",\"rating\":2107,\"seed\":\"sodium,2809cb03ca0aa95b3bac86bcdfd9121e\"}\n>p1 switch 4\n>p2 switch 3\n>p1 move stealthrock\n>p2 switch 2\n>p1 switch 2\n>p2 move thunderwave\n>p1 move earthquake\n>p2 move voltswitch\n>p2 switch 5\n>p1 move earthquake\n>p2 move bodypress\n>p2 switch 2\n>p1 move earthquake\n>p2 move tripleaxel\n>p1 move rest\n>p2 move tripleaxel\n>p1 switch 6\n>p1 move willowisp\n>p2 move willowisp\n>p1 move poltergeist\n>p2 move destinybond\n>p1 switch 4\n>p2 switch 5\n>p1 move beatup\n>p2 move thunderwave\n>p1 move gunkshot\n>p2 move voltswitch\n>p2 switch 4\n>p1 switch 2\n>p2 move psychicnoise\n>p1 move earthpower\n>p2 move wish\n>p1 move magmastorm\n>p2 move bodyslam\n>p1 move earthpower\n>p2 move wish\n>p1 move magmastorm\n>p2 move protect\n>p1 move magmastorm\n>p2 move wish\n>p1 move magmastorm\n>p2 move protect\n>p1 move magmastorm\n>p2 switch 4\n>p1 move earthpower\n>p2 move scald\n>p1 move earthpower\n>p2 move voltswitch\n>p2 switch 4\n>p1 switch 2\n>p1 move gunkshot\n>p2 move protect\n>p1 move gunkshot\n>p2 move psychicnoise\n>p1 move gunkshot\n>p2 move protect\n>p1 move gunkshot\n>p2 move psychicnoise\n>p1 switch 5\n>p1 move tailglow\n>p2 move bodyslam\n>p1 move tailglow\n>p2 move bodyslam terastallize\n>p1 move energyball\n>p2 move psychicnoise\n>forcelose p1", "uploadtime": 1782823508, "views": 4, "formatid": "gen9randombattle", "rating": null, "private": 0, "password": null, "player_dets": [{"name": "Toxikmilk", "avatar": "pokekid", "rating": 2020, "seed": "sodium,f035762b2f6fea77bf69c6a77cc9ffd4"}, {"name": "soumatou_story", "avatar": "parasollady", "rating": 2107, "seed": "sodium,2809cb03ca0aa95b3bac86bcdfd9121e"}], "teams_full": [{"Fezandipiti": {"name": "Fezandipiti", "species": "Fezandipiti", "speciesId": "fezandipiti", "gender": "M", "shiny": false, "level": 82, "moves": ["gunkshot", "roost", "beatup", "moonblast"], "ability": "Toxic Chain", "evs": {"hp": 85, "atk": 85, "def": 85, "spa": 85, "spd": 85, "spe": 85}, "ivs": {"hp": 31, "atk": 31, "def": 31, "spa": 31, "spd": 31, "spe": 31}, "item": "Leftovers", "teraType": "Dark", "role": "Bulky Attacker", "bvs": {"hp": 88, "atk": 91, "def": 82, "spa": 70, "spd": 125, "spe": 99}, "stats": {"hp": 278, "atk": 196, "def": 182, "spa": 162, "spd": 252, "spe": 210}, "types": ["Poison", "Fairy"]}, "Ursaring": {"name": "Ursaring", "species": "Ursaring", "speciesId": "ursaring", "gender": "M", "shiny": false, "level": 84, "moves": ["earthquake", "bodyslam", "sleeptalk", "rest"], "ability": "Guts", "evs": {"hp": 85, "atk": 85, "def": 85, "spa": 85, "spd": 85, "spe": 85}, "ivs": {"hp": 31, "atk": 31, "def": 31, "spa": 31, "spd": 31, "spe": 31}, "item": "Eviolite", "teraType": "Ground", "role": "Bulky Attacker", "bvs": {"hp": 90, "atk": 130, "def": 75, "spa": 75, "spd": 75, "spe": 55}, "stats": {"hp": 288, "atk": 267, "def": 174, "spa": 174, "spd": 174, "spe": 141}, "types": ["Normal"]}, "Dondozo": {"name": "Dondozo", "species": "Dondozo", "speciesId": "dondozo", "gender": "F", "shiny": false, "level": 78, "moves": ["sleeptalk", "rest", "curse", "wavecrash"], "ability": "Unaware", "evs": {"hp": 85, "atk": 85, "def": 85, "spa": 85, "spd": 85, "spe": 85}, "ivs": {"hp": 31, "atk": 31, "def": 31, "spa": 31, "spd": 31, "spe": 31}, "item": "Leftovers", "teraType": "Fairy", "role": "Bulky Setup", "bvs": {"hp": 150, "atk": 100, "def": 115, "spa": 65, "spd": 65, "spe": 35}, "stats": {"hp": 362, "atk": 201, "def": 224, "spa": 146, "spd": 146, "spe": 100}, "types": ["Water"]}, "Heatran": {"name": "Heatran", "species": "Heatran", "speciesId": "heatran", "gender": "F", "shiny": false, "level": 79, "moves": ["heavyslam", "stealthrock", "magmastorm", "earthpower"], "ability": "Flash Fire", "evs": {"hp": 85, "atk": 85, "def": 85, "spa": 85, "spd": 85, "spe": 85}, "ivs": {"hp": 31, "atk": 31, "def": 31, "spa": 31, "spd": 31, "spe": 31}, "item": "Air Balloon", "teraType": "Flying", "role": "Bulky Support", "bvs": {"hp": 91, "atk": 90, "def": 106, "spa": 130, "spd": 106, "spe": 77}, "stats": {"hp": 273, "atk": 188, "def": 213, "spa": 251, "spd": 213, "spe": 167}, "types": ["Fire", "Steel"]}, "Manaphy": {"name": "Manaphy", "species": "Manaphy", "speciesId": "manaphy", "gender": "N", "shiny": false, "level": 78, "moves": ["surf", "energyball", "icebeam", "tailglow"], "ability": "Hydration", "evs": {"hp": 85, "atk": 0, "def": 85, "spa": 85, "spd": 85, "spe": 85}, "ivs": {"hp": 31, "atk": 0, "def": 31, "spa": 31, "spd": 31, "spe": 31}, "item": "Leftovers", "teraType": "Grass", "role": "Bulky Setup", "bvs": {"hp": 100, "atk": 100, "def": 100, "spa": 100, "spd": 100, "spe": 100}, "stats": {"hp": 284, "atk": 161, "def": 201, "spa": 201, "spd": 201, "spe": 201}, "types": ["Water"]}, "Trevenant": {"name": "Trevenant", "species": "Trevenant", "speciesId": "trevenant", "gender": "M", "shiny": false, "level": 89, "moves": ["drainpunch", "woodhammer", "poltergeist", "willowisp"], "ability": "Natural Cure", "evs": {"hp": 85, "atk": 85, "def": 85, "spa": 85, "spd": 85, "spe": 85}, "ivs": {"hp": 31, "atk": 31, "def": 31, "spa": 31, "spd": 31, "spe": 31}, "item": "Life Orb", "teraType": "Fighting", "role": "Wallbreaker", "bvs": {"hp": 85, "atk": 110, "def": 76, "spa": 65, "spd": 82, "spe": 56}, "stats": {"hp": 296, "atk": 247, "def": 186, "spa": 166, "spd": 197, "spe": 150}, "types": ["Ghost", "Grass"]}}, {"Chi-Yu": {"name": "Chi-Yu", "species": "Chi-Yu", "speciesId": "chiyu", "gender": "N", "shiny": false, "level": 77, "moves": ["fireblast", "psychic", "nastyplot", "darkpulse"], "ability": "Beads of Ruin", "evs": {"hp": 85, "atk": 0, "def": 85, "spa": 85, "spd": 85, "spe": 85}, "ivs": {"hp": 31, "atk": 0, "def": 31, "spa": 31, "spd": 31, "spe": 31}, "item": "Heavy-Duty Boots", "teraType": "Dark", "role": "Setup Sweeper", "bvs": {"hp": 55, "atk": 80, "def": 80, "spa": 135, "spd": 120, "spe": 100}, "stats": {"hp": 211, "atk": 128, "def": 168, "spa": 252, "spd": 229, "spe": 199}, "types": ["Dark", "Fire"]}, "Lanturn": {"name": "Lanturn", "species": "Lanturn", "speciesId": "lanturn", "gender": "F", "shiny": false, "level": 89, "moves": ["voltswitch", "scald", "thunderbolt", "thunderwave"], "ability": "Volt Absorb", "evs": {"hp": 85, "atk": 0, "def": 85, "spa": 85, "spd": 85, "spe": 85}, "ivs": {"hp": 31, "atk": 0, "def": 31, "spa": 31, "spd": 31, "spe": 31}, "item": "Heavy-Duty Boots", "teraType": "Flying", "role": "Fast Support", "bvs": {"hp": 125, "atk": 58, "def": 58, "spa": 76, "spd": 76, "spe": 67}, "stats": {"hp": 367, "atk": 108, "def": 154, "spa": 186, "spd": 186, "spe": 170}, "types": ["Water", "Electric"]}, "Froslass": {"name": "Froslass", "species": "Froslass", "speciesId": "froslass", "gender": "F", "shiny": false, "level": 87, "moves": ["destinybond", "willowisp", "tripleaxel", "poltergeist"], "ability": "Cursed Body", "evs": {"hp": 81, "atk": 85, "def": 85, "spa": 85, "spd": 85, "spe": 85}, "ivs": {"hp": 31, "atk": 31, "def": 31, "spa": 31, "spd": 31, "spe": 31}, "item": "Wide Lens", "teraType": "Ice", "role": "Fast Support", "bvs": {"hp": 70, "atk": 80, "def": 70, "spa": 80, "spd": 70, "spe": 110}, "stats": {"hp": 263, "atk": 189, "def": 172, "spa": 189, "spd": 172, "spe": 241}, "types": ["Ice", "Ghost"]}, "Farigiraf": {"name": "Farigiraf", "species": "Farigiraf", "speciesId": "farigiraf", "gender": "M", "shiny": false, "level": 90, "moves": ["protect", "bodyslam", "psychicnoise", "wish"], "ability": "Sap Sipper", "evs": {"hp": 85, "atk": 85, "def": 85, "spa": 85, "spd": 85, "spe": 85}, "ivs": {"hp": 31, "atk": 31, "def": 31, "spa": 31, "spd": 31, "spe": 31}, "item": "Leftovers", "teraType": "Water", "role": "Bulky Support", "bvs": {"hp": 120, "atk": 90, "def": 70, "spa": 110, "spd": 70, "spe": 60}, "stats": {"hp": 362, "atk": 213, "def": 177, "spa": 249, "spd": 177, "spe": 159}, "types": ["Normal", "Psychic"]}, "Houndstone": {"name": "Houndstone", "species": "Houndstone", "speciesId": "houndstone", "gender": "M", "shiny": false, "level": 86, "moves": ["playrough", "bodypress", "poltergeist", "shadowsneak"], "ability": "Fluffy", "evs": {"hp": 85, "atk": 85, "def": 85, "spa": 85, "spd": 85, "spe": 85}, "ivs": {"hp": 31, "atk": 31, "def": 31, "spa": 31, "spd": 31, "spe": 31}, "item": "Assault Vest", "teraType": "Fighting", "role": "AV Pivot", "bvs": {"hp": 72, "atk": 101, "def": 100, "spa": 50, "spd": 97, "spe": 68}, "stats": {"hp": 264, "atk": 223, "def": 221, "spa": 135, "spd": 216, "spe": 166}, "types": ["Ghost"]}, "Scyther": {"name": "Scyther", "species": "Scyther", "speciesId": "scyther", "gender": "F", "shiny": false, "level": 82, "moves": ["closecombat", "dualwingbeat", "bugbite", "swordsdance"], "ability": "Technician", "evs": {"hp": 85, "atk": 85, "def": 85, "spa": 85, "spd": 85, "spe": 85}, "ivs": {"hp": 31, "atk": 31, "def": 31, "spa": 31, "spd": 31, "spe": 31}, "item": "Heavy-Duty Boots", "teraType": "Fighting", "role": "Setup Sweeper", "bvs": {"hp": 70, "atk": 110, "def": 80, "spa": 55, "spd": 80, "spe": 105}, "stats": {"hp": 249, "atk": 228, "def": 178, "spa": 137, "spd": 178, "spe": 219}, "types": ["Bug", "Flying"]}}]}