{"id": "gen9randombattle-2641432922", "format": "[Gen 9] Random Battle", "players": ["mfcorrea11", "toplaneisop"], "log": "|j|\u2606mfcorrea11\n|j|\u2606toplaneisop\n|t:|1782784013\n|gametype|singles\n|player|p1|mfcorrea11|1|1974\n|player|p2|toplaneisop|266|1979\n|gen|9\n|tier|[Gen 9] Random Battle\n|rated|\n|rule|Species Clause: Limit one of each Pok\u00e9mon\n|rule|HP Percentage Mod: HP is shown in percentages\n|rule|Sleep Clause Mod: Limit one foe put to sleep\n|rule|Illusion Level Mod: Illusion disguises the Pok\u00e9mon's true level\n|\n|t:|1782784013\n|teamsize|p1|6\n|teamsize|p2|6\n|start\n|switch|p1a: Greedent|Greedent, L86, F|347/347\n|switch|p2a: Venomoth|Venomoth, L84, F|255/255\n|turn|1\n|inactive|Battle timer is ON: inactive players will automatically lose when time's up. (requested by mfcorrea11)\n|inactive|toplaneisop has 120 seconds left.\n|inactive|toplaneisop has 90 seconds left.\n|\n|t:|1782784128\n|move|p2a: Venomoth|Sleep Powder|p1a: Greedent|[miss]\n|-miss|p2a: Venomoth|p1a: Greedent\n|move|p1a: Greedent|Knock Off|p2a: Venomoth\n|-damage|p2a: Venomoth|166/255\n|-enditem|p2a: Venomoth|Heavy-Duty Boots|[from] move: Knock Off|[of] p1a: Greedent\n|\n|upkeep\n|turn|2\n|\n|t:|1782784139\n|move|p2a: Venomoth|Sleep Powder|p1a: Greedent|[miss]\n|-miss|p2a: Venomoth|p1a: Greedent\n|move|p1a: Greedent|Body Slam|p2a: Venomoth\n|-damage|p2a: Venomoth|40/255\n|\n|upkeep\n|turn|3\n|\n|t:|1782784149\n|move|p2a: Venomoth|Sleep Powder|p1a: Greedent\n|-status|p1a: Greedent|slp|[from] move: Sleep Powder\n|cant|p1a: Greedent|slp\n|\n|upkeep\n|turn|4\n|\n|t:|1782784155\n|switch|p1a: Clodsire|Clodsire, L81, F|343/343\n|move|p2a: Venomoth|Quiver Dance|p2a: Venomoth\n|-boost|p2a: Venomoth|spa|1\n|-boost|p2a: Venomoth|spd|1\n|-boost|p2a: Venomoth|spe|1\n|\n|upkeep\n|turn|5\n|\n|t:|1782784170\n|switch|p2a: Regice|Regice, L88|284/284\n|move|p1a: Clodsire|Stealth Rock|p2a: Regice\n|-sidestart|p2: toplaneisop|move: Stealth Rock\n|\n|upkeep\n|turn|6\n|\n|t:|1782784199\n|switch|p1a: Alomomola|Alomomola, L87, M|429/429\n|move|p2a: Regice|Ice Beam|p1a: Alomomola\n|-resisted|p1a: Alomomola\n|-damage|p1a: Alomomola|342/429\n|\n|-heal|p1a: Alomomola|368/429|[from] item: Leftovers\n|upkeep\n|turn|7\n|\n|t:|1782784213\n|move|p1a: Alomomola|Flip Turn|p2a: Regice\n|-damage|p2a: Regice|235/284\n|\n|t:|1782784217\n|switch|p1a: Clodsire|Clodsire, L81, F|343/343|[from] Flip Turn\n|move|p2a: Regice|Thunderbolt|p1a: Clodsire\n|-immune|p1a: Clodsire\n|\n|upkeep\n|turn|8\n|\n|t:|1782784224\n|switch|p1a: Golduck|Golduck, L90, M|290/290\n|-ability|p1a: Golduck|Cloud Nine\n|move|p2a: Regice|Ice Beam|p1a: Golduck\n|-resisted|p1a: Golduck\n|-damage|p1a: Golduck|239/290\n|\n|-heal|p1a: Golduck|257/290|[from] item: Leftovers\n|upkeep\n|turn|9\n|\n|t:|1782784233\n|move|p1a: Golduck|Encore|p2a: Regice\n|-start|p2a: Regice|Encore\n|move|p2a: Regice|Ice Beam|p1a: Golduck\n|-resisted|p1a: Golduck\n|-damage|p1a: Golduck|203/290\n|-status|p1a: Golduck|frz\n|\n|-heal|p1a: Golduck|221/290 frz|[from] item: Leftovers\n|upkeep\n|turn|10\n|\n|t:|1782784242\n|switch|p2a: Gardevoir|Gardevoir, L83, F|249/249\n|-damage|p2a: Gardevoir|218/249|[from] Stealth Rock\n|-ability|p2a: Gardevoir|Cloud Nine|Trace|[from] ability: Trace|[of] p1a: Golduck\n|cant|p1a: Golduck|frz\n|\n|-heal|p1a: Golduck|239/290 frz|[from] item: Leftovers\n|upkeep\n|turn|11\n|\n|t:|1782784254\n|switch|p1a: Reuniclus|Reuniclus, L88, F|337/337\n|move|p2a: Gardevoir|Calm Mind|p2a: Gardevoir\n|-boost|p2a: Gardevoir|spa|1\n|-boost|p2a: Gardevoir|spd|1\n|\n|upkeep\n|turn|12\n|\n|t:|1782784263\n|switch|p1a: Clodsire|Clodsire, L81, F|343/343\n|move|p2a: Gardevoir|Calm Mind|p2a: Gardevoir\n|-boost|p2a: Gardevoir|spa|1\n|-boost|p2a: Gardevoir|spd|1\n|\n|upkeep\n|turn|13\n|\n|t:|1782784269\n|-terastallize|p1a: Clodsire|Flying\n|move|p2a: Gardevoir|Psyshock|p1a: Clodsire\n|-damage|p1a: Clodsire|147/343\n|-damage|p2a: Gardevoir|194/249|[from] item: Life Orb\n|move|p1a: Clodsire|Gunk Shot|p2a: Gardevoir\n|-supereffective|p2a: Gardevoir\n|-damage|p2a: Gardevoir|0 fnt\n|faint|p2a: Gardevoir\n|\n|-heal|p1a: Clodsire|168/343|[from] item: Leftovers\n|upkeep\n|\n|t:|1782784275\n|switch|p2a: Regice|Regice, L88|235/284\n|turn|14\n|\n|t:|1782784288\n|switch|p1a: Cetitan|Cetitan, L82, M|413/413\n|move|p2a: Regice|Thunderbolt|p1a: Cetitan\n|-damage|p1a: Cetitan|302/413\n|\n|upkeep\n|turn|15\n|\n|t:|1782784296\n|move|p1a: Cetitan|Liquidation|p2a: Regice\n|-damage|p2a: Regice|140/284\n|move|p2a: Regice|Thunder Wave|p1a: Cetitan\n|-status|p1a: Cetitan|par\n|\n|upkeep\n|turn|16\n|\n|t:|1782784302\n|move|p2a: Regice|Body Press|p1a: Cetitan\n|-supereffective|p1a: Cetitan\n|-damage|p1a: Cetitan|142/413 par\n|move|p1a: Cetitan|Liquidation|p2a: Regice\n|-damage|p2a: Regice|39/284\n|\n|upkeep\n|turn|17\n|\n|t:|1782784308\n|move|p2a: Regice|Body Press|p1a: Cetitan\n|-supereffective|p1a: Cetitan\n|-damage|p1a: Cetitan|0 fnt\n|faint|p1a: Cetitan\n|\n|upkeep\n|\n|t:|1782784318\n|switch|p1a: Alomomola|Alomomola, L87, M|429/429\n|turn|18\n|\n|t:|1782784321\n|move|p1a: Alomomola|Flip Turn|p2a: Regice\n|-damage|p2a: Regice|0 fnt\n|faint|p2a: Regice\n|\n|t:|1782784329\n|switch|p1a: Clodsire|Clodsire, L81, F, tera:Flying|168/343|[from] Flip Turn\n|\n|-heal|p1a: Clodsire|189/343|[from] item: Leftovers\n|upkeep\n|\n|t:|1782784335\n|switch|p2a: Honchkrow|Honchkrow, L86, F|312/312\n|turn|19\n|\n|t:|1782784340\n|switch|p1a: Alomomola|Alomomola, L87, M|429/429\n|move|p2a: Honchkrow|Brave Bird|p1a: Alomomola\n|-damage|p1a: Alomomola|267/429\n|-damage|p2a: Honchkrow|259/312|[from] Recoil\n|\n|-heal|p1a: Alomomola|293/429|[from] item: Leftovers\n|upkeep\n|turn|20\n|\n|t:|1782784349\n|switch|p2a: Venomoth|Venomoth, L84, F|40/255\n|-damage|p2a: Venomoth|0 fnt|[from] Stealth Rock\n|faint|p2a: Venomoth\n|move|p1a: Alomomola|Wish|p1a: Alomomola\n|\n|-heal|p1a: Alomomola|319/429|[from] item: Leftovers\n|upkeep\n|\n|t:|1782784353\n|switch|p2a: Hydrapple|Hydrapple, L83, F|312/312\n|-damage|p2a: Hydrapple|273/312|[from] Stealth Rock\n|turn|21\n|\n|t:|1782784361\n|move|p1a: Alomomola|Flip Turn|p2a: Hydrapple\n|-resisted|p2a: Hydrapple\n|-damage|p2a: Hydrapple|261/312\n|\n|t:|1782784364\n|switch|p1a: Clodsire|Clodsire, L81, F, tera:Flying|189/343|[from] Flip Turn\n|move|p2a: Hydrapple|Draco Meteor|p1a: Clodsire\n|-damage|p1a: Clodsire|0 fnt\n|-unboost|p2a: Hydrapple|spa|2\n|faint|p1a: Clodsire\n|\n|upkeep\n|\n|t:|1782784383\n|switch|p1a: Golduck|Golduck, L90, M|239/290 frz\n|-ability|p1a: Golduck|Cloud Nine\n|turn|22\n|\n|t:|1782784391\n|switch|p1a: Greedent|Greedent, L86, F|347/347 slp\n|switch|p2a: Honchkrow|Honchkrow, L86, F|259/312\n|\n|upkeep\n|turn|23\n|\n|t:|1782784398\n|switch|p1a: Alomomola|Alomomola, L87, M|429/429\n|move|p2a: Honchkrow|Brave Bird|p1a: Alomomola\n|-damage|p1a: Alomomola|258/429\n|-damage|p2a: Honchkrow|203/312|[from] Recoil\n|\n|-heal|p1a: Alomomola|284/429|[from] item: Leftovers\n|upkeep\n|turn|24\n|\n|t:|1782784406\n|switch|p2a: Hydrapple|Hydrapple, L83, F|312/312\n|-damage|p2a: Hydrapple|273/312|[from] Stealth Rock\n|move|p1a: Alomomola|Flip Turn|p2a: Hydrapple\n|-resisted|p2a: Hydrapple\n|-damage|p2a: Hydrapple|262/312\n|\n|t:|1782784418\n|switch|p1a: Greedent|Greedent, L86, F|347/347 slp|[from] Flip Turn\n|\n|upkeep\n|turn|25\n|\n|t:|1782784425\n|move|p2a: Hydrapple|Fickle Beam|p1a: Greedent\n|-damage|p1a: Greedent|196/347 slp\n|-curestatus|p1a: Greedent|slp|[msg]\n|move|p1a: Greedent|Body Slam|p2a: Hydrapple\n|-damage|p2a: Hydrapple|180/312\n|\n|upkeep\n|turn|26\n|\n|t:|1782784435\n|move|p2a: Hydrapple|Fickle Beam|p1a: Greedent\n|-damage|p1a: Greedent|31/347\n|-enditem|p1a: Greedent|Sitrus Berry|[eat]\n|-heal|p1a: Greedent|117/347|[from] item: Sitrus Berry\n|-heal|p1a: Greedent|232/347|[from] ability: Cheek Pouch\n|move|p1a: Greedent|Body Slam|p2a: Hydrapple\n|-damage|p2a: Hydrapple|98/312\n|\n|upkeep\n|turn|27\n|\n|t:|1782784449\n|move|p2a: Hydrapple|Fickle Beam|p1a: Greedent|[anim] Fickle Beam All Out\n|-activate|p2a: Hydrapple|move: Fickle Beam\n|-damage|p1a: Greedent|0 fnt\n|faint|p1a: Greedent\n|\n|upkeep\n|\n|t:|1782784456\n|switch|p1a: Reuniclus|Reuniclus, L88, F|337/337\n|turn|28\n|\n|t:|1782784464\n|switch|p2a: Honchkrow|Honchkrow, L86, F|203/312\n|move|p1a: Reuniclus|Focus Blast|p2a: Honchkrow\n|-damage|p2a: Honchkrow|0 fnt\n|faint|p2a: Honchkrow\n|\n|upkeep\n|\n|t:|1782784468\n|switch|p2a: Dragapult|Dragapult, L77, F|262/262\n|-damage|p2a: Dragapult|230/262|[from] Stealth Rock\n|turn|29\n|\n|t:|1782784491\n|switch|p1a: Alomomola|Alomomola, L87, M|427/429\n|move|p2a: Dragapult|Shadow Ball|p1a: Alomomola\n|-crit|p1a: Alomomola\n|-damage|p1a: Alomomola|159/429\n|\n|-heal|p1a: Alomomola|185/429|[from] item: Leftovers\n|upkeep\n|turn|30\n|\n|t:|1782784500\n|move|p1a: Alomomola|Protect|p1a: Alomomola\n|-singleturn|p1a: Alomomola|Protect\n|move|p2a: Dragapult|Shadow Ball|p1a: Alomomola\n|-activate|p1a: Alomomola|move: Protect\n|\n|-heal|p1a: Alomomola|211/429|[from] item: Leftovers\n|upkeep\n|turn|31\n|\n|t:|1782784510\n|move|p2a: Dragapult|Shadow Ball|p1a: Alomomola\n|-damage|p1a: Alomomola|40/429\n|-unboost|p1a: Alomomola|spd|1\n|move|p1a: Alomomola|Scald|p2a: Dragapult\n|-resisted|p2a: Dragapult\n|-damage|p2a: Dragapult|200/262\n|-status|p2a: Dragapult|brn\n|\n|-heal|p1a: Alomomola|66/429|[from] item: Leftovers\n|-damage|p2a: Dragapult|184/262 brn|[from] brn\n|upkeep\n|turn|32\n|\n|t:|1782784522\n|move|p1a: Alomomola|Protect|p1a: Alomomola\n|-singleturn|p1a: Alomomola|Protect\n|move|p2a: Dragapult|Shadow Ball|p1a: Alomomola\n|-activate|p1a: Alomomola|move: Protect\n|\n|-heal|p1a: Alomomola|92/429|[from] item: Leftovers\n|-damage|p2a: Dragapult|168/262 brn|[from] brn\n|upkeep\n|turn|33\n|\n|t:|1782784532\n|move|p2a: Dragapult|Shadow Ball|p1a: Alomomola\n|-damage|p1a: Alomomola|0 fnt\n|faint|p1a: Alomomola\n|\n|-damage|p2a: Dragapult|152/262 brn|[from] brn\n|upkeep\n|\n|t:|1782784537\n|switch|p1a: Golduck|Golduck, L90, M|239/290 frz\n|-ability|p1a: Golduck|Cloud Nine\n|turn|34\n|\n|t:|1782784546\n|move|p2a: Dragapult|Shadow Ball|p1a: Golduck\n|-damage|p1a: Golduck|127/290 frz\n|cant|p1a: Golduck|frz\n|\n|-heal|p1a: Golduck|145/290 frz|[from] item: Leftovers\n|-damage|p2a: Dragapult|136/262 brn|[from] brn\n|upkeep\n|turn|35\n|\n|t:|1782784555\n|move|p2a: Dragapult|Shadow Ball|p1a: Golduck\n|-damage|p1a: Golduck|40/290 frz\n|cant|p1a: Golduck|frz\n|\n|-heal|p1a: Golduck|58/290 frz|[from] item: Leftovers\n|-damage|p2a: Dragapult|120/262 brn|[from] brn\n|upkeep\n|turn|36\n|\n|t:|1782784562\n|move|p2a: Dragapult|Shadow Ball|p1a: Golduck\n|-damage|p1a: Golduck|0 fnt\n|faint|p1a: Golduck\n|\n|-damage|p2a: Dragapult|104/262 brn|[from] brn\n|upkeep\n|\n|t:|1782784568\n|switch|p1a: Reuniclus|Reuniclus, L88, F|337/337\n|turn|37\n|\n|t:|1782784572\n|move|p2a: Dragapult|Shadow Ball|p1a: Reuniclus\n|-supereffective|p1a: Reuniclus\n|-damage|p1a: Reuniclus|139/337\n|move|p1a: Reuniclus|Calm Mind|p1a: Reuniclus\n|-boost|p1a: Reuniclus|spa|1\n|-boost|p1a: Reuniclus|spd|1\n|\n|-damage|p2a: Dragapult|88/262 brn|[from] brn\n|upkeep\n|turn|38\n|\n|t:|1782784580\n|move|p2a: Dragapult|Shadow Ball|p1a: Reuniclus\n|-supereffective|p1a: Reuniclus\n|-damage|p1a: Reuniclus|5/337\n|-unboost|p1a: Reuniclus|spd|1\n|move|p1a: Reuniclus|Recover|p1a: Reuniclus\n|-heal|p1a: Reuniclus|174/337\n|\n|-damage|p2a: Dragapult|72/262 brn|[from] brn\n|upkeep\n|turn|39\n|c|\u2606toplaneisop|gg\n|\n|t:|1782784589\n|move|p2a: Dragapult|Shadow Ball|p1a: Reuniclus\n|-supereffective|p1a: Reuniclus\n|-damage|p1a: Reuniclus|0 fnt\n|faint|p1a: Reuniclus\n|\n|win|toplaneisop\n", "inputlog": ">version f8ac14003a5f27e1bdc8d8c59608a773c1cb96e5\n>start {\"formatid\":\"gen9randombattle\",\"seed\":\"sodium,8b11b8ac860e5cbf7a965b192617c84f\",\"rated\":\"Rated battle\"}\n>player p1 {\"name\":\"mfcorrea11\",\"avatar\":\"1\",\"rating\":1974,\"seed\":\"sodium,2c78a41157808cff13440c367da16e3d\"}\n>player p2 {\"name\":\"toplaneisop\",\"avatar\":\"266\",\"rating\":1979,\"seed\":\"sodium,9e6133fa1125ec43dd19f379782f2dc8\"}\n>p1 move knockoff\n>p2 move sleeppowder\n>p1 move bodyslam\n>p2 move sleeppowder\n>p1 move bodyslam\n>p2 move sleeppowder\n>p1 switch 6\n>p2 move quiverdance\n>p1 move stealthrock\n>p2 switch 5\n>p1 switch 2\n>p2 move icebeam\n>p1 move flipturn\n>p2 move thunderbolt\n>p1 switch 2\n>p1 switch 4\n>p2 move icebeam\n>p1 move encore\n>p2 move icebeam\n>p1 move nastyplot\n>p2 switch 4\n>p1 switch 5\n>p2 move calmmind\n>p1 switch 4\n>p2 move calmmind\n>p1 move gunkshot terastallize\n>p2 move psyshock\n>p2 switch 4\n>p1 switch 3\n>p2 move thunderbolt\n>p1 move liquidation\n>p2 move thunderwave\n>p1 move liquidation\n>p2 move bodypress\n>p1 move liquidation\n>p2 move bodypress\n>p1 switch 2\n>p1 move flipturn\n>p2 move thunderwave\n>p1 switch 3\n>p2 switch 6\n>p1 switch 3\n>p2 move bravebird\n>p1 move wish\n>p2 switch 5\n>p2 switch 3\n>p1 move flipturn\n>p2 move dracometeor\n>p1 switch 3\n>p1 switch 5\n>p1 switch 6\n>p2 switch 5\n>p1 switch 3\n>p2 move bravebird\n>p1 move flipturn\n>p2 switch 5\n>p1 switch 3\n>p1 move bodyslam\n>p2 move ficklebeam\n>p1 move bodyslam\n>p2 move ficklebeam\n>p1 move bodyslam\n>p2 move ficklebeam\n>p1 switch 4\n>p1 move focusblast\n>p2 switch 5\n>p2 switch 2\n>p1 switch 3\n>p2 move shadowball\n>p1 move protect\n>p2 move shadowball\n>p1 move scald\n>p2 move shadowball\n>p1 move protect\n>p2 move shadowball\n>p1 move wish\n>p2 move shadowball\n>p1 switch 6\n>p1 move hydropump\n>p2 move shadowball\n>p1 move hydropump\n>p2 move shadowball\n>p1 move hydropump\n>p2 move shadowball\n>p1 switch 3\n>p1 move calmmind\n>p2 move shadowball\n>p1 move recover\n>p2 move shadowball\n>chat \u2606toplaneisop| gg\n>p1 move recover\n>p2 move shadowball", "uploadtime": 1782784016, "views": 3, "formatid": "gen9randombattle", "rating": null, "private": 0, "password": null, "player_dets": [{"name": "mfcorrea11", "avatar": "1", "rating": 1974, "seed": "sodium,2c78a41157808cff13440c367da16e3d"}, {"name": "toplaneisop", "avatar": "266", "rating": 1979, "seed": "sodium,9e6133fa1125ec43dd19f379782f2dc8"}], "teams_full": [{"Greedent": {"name": "Greedent", "species": "Greedent", "speciesId": "greedent", "gender": "F", "shiny": false, "level": 86, "moves": ["swordsdance", "earthquake", "knockoff", "bodyslam"], "ability": "Cheek Pouch", "evs": {"hp": 85, "atk": 85, "def": 85, "spa": 85, "spd": 85, "spe": 85}, "ivs": {"hp": 31, "atk": 31, "def": 31, "spa": 31, "spd": 31, "spe": 31}, "item": "Sitrus Berry", "teraType": "Ground", "role": "Bulky Setup", "bvs": {"hp": 120, "atk": 95, "def": 95, "spa": 55, "spd": 75, "spe": 20}, "stats": {"hp": 347, "atk": 213, "def": 213, "spa": 144, "spd": 178, "spe": 84}, "types": ["Normal"]}, "Alomomola": {"name": "Alomomola", "species": "Alomomola", "speciesId": "alomomola", "gender": "M", "shiny": false, "level": 87, "moves": ["protect", "scald", "flipturn", "wish"], "ability": "Regenerator", "evs": {"hp": 85, "atk": 85, "def": 85, "spa": 85, "spd": 85, "spe": 85}, "ivs": {"hp": 31, "atk": 31, "def": 31, "spa": 31, "spd": 31, "spe": 31}, "item": "Leftovers", "teraType": "Poison", "role": "Bulky Support", "bvs": {"hp": 165, "atk": 75, "def": 80, "spa": 40, "spd": 45, "spe": 65}, "stats": {"hp": 429, "atk": 180, "def": 189, "spa": 119, "spd": 128, "spe": 163}, "types": ["Water"]}, "Cetitan": {"name": "Cetitan", "species": "Cetitan", "speciesId": "cetitan", "gender": "M", "shiny": false, "level": 82, "moves": ["earthquake", "iceshard", "liquidation", "iciclecrash"], "ability": "Sheer Force", "evs": {"hp": 85, "atk": 85, "def": 85, "spa": 85, "spd": 85, "spe": 85}, "ivs": {"hp": 31, "atk": 31, "def": 31, "spa": 31, "spd": 31, "spe": 31}, "item": "Life Orb", "teraType": "Water", "role": "Wallbreaker", "bvs": {"hp": 170, "atk": 113, "def": 65, "spa": 45, "spd": 55, "spe": 73}, "stats": {"hp": 413, "atk": 232, "def": 154, "spa": 121, "spd": 137, "spe": 167}, "types": ["Ice"]}, "Golduck": {"name": "Golduck", "species": "Golduck", "speciesId": "golduck", "gender": "M", "shiny": false, "level": 90, "moves": ["hydropump", "encore", "nastyplot", "grassknot"], "ability": "Cloud Nine", "evs": {"hp": 85, "atk": 0, "def": 85, "spa": 85, "spd": 85, "spe": 85}, "ivs": {"hp": 31, "atk": 0, "def": 31, "spa": 31, "spd": 31, "spe": 31}, "item": "Leftovers", "teraType": "Water", "role": "Bulky Setup", "bvs": {"hp": 80, "atk": 82, "def": 78, "spa": 95, "spd": 80, "spe": 85}, "stats": {"hp": 290, "atk": 152, "def": 192, "spa": 222, "spd": 195, "spe": 204}, "types": ["Water"]}, "Reuniclus": {"name": "Reuniclus", "species": "Reuniclus", "speciesId": "reuniclus", "gender": "F", "shiny": false, "level": 88, "moves": ["focusblast", "calmmind", "recover", "psyshock"], "ability": "Magic Guard", "evs": {"hp": 85, "atk": 0, "def": 85, "spa": 85, "spd": 85, "spe": 85}, "ivs": {"hp": 31, "atk": 0, "def": 31, "spa": 31, "spd": 31, "spe": 31}, "item": "Life Orb", "teraType": "Fighting", "role": "Bulky Setup", "bvs": {"hp": 110, "atk": 65, "def": 75, "spa": 125, "spd": 85, "spe": 30}, "stats": {"hp": 337, "atk": 119, "def": 182, "spa": 270, "spd": 200, "spe": 103}, "types": ["Psychic"]}, "Clodsire": {"name": "Clodsire", "species": "Clodsire", "speciesId": "clodsire", "gender": "F", "shiny": false, "level": 81, "moves": ["recover", "stealthrock", "earthquake", "gunkshot"], "ability": "Unaware", "evs": {"hp": 85, "atk": 85, "def": 85, "spa": 85, "spd": 85, "spe": 85}, "ivs": {"hp": 31, "atk": 31, "def": 31, "spa": 31, "spd": 31, "spe": 31}, "item": "Leftovers", "teraType": "Flying", "role": "Bulky Attacker", "bvs": {"hp": 130, "atk": 75, "def": 60, "spa": 45, "spd": 100, "spe": 20}, "stats": {"hp": 343, "atk": 168, "def": 144, "spa": 120, "spd": 209, "spe": 79}, "types": ["Poison", "Ground"]}}, {"Venomoth": {"name": "Venomoth", "species": "Venomoth", "speciesId": "venomoth", "gender": "F", "shiny": false, "level": 84, "moves": ["quiverdance", "sludgewave", "sleeppowder", "bugbuzz"], "ability": "Tinted Lens", "evs": {"hp": 85, "atk": 0, "def": 85, "spa": 85, "spd": 85, "spe": 85}, "ivs": {"hp": 31, "atk": 0, "def": 31, "spa": 31, "spd": 31, "spe": 31}, "item": "Heavy-Duty Boots", "teraType": "Poison", "role": "Setup Sweeper", "bvs": {"hp": 70, "atk": 65, "def": 60, "spa": 90, "spd": 75, "spe": 90}, "stats": {"hp": 255, "atk": 114, "def": 149, "spa": 199, "spd": 174, "spe": 199}, "types": ["Bug", "Poison"]}, "Dragapult": {"name": "Dragapult", "species": "Dragapult", "speciesId": "dragapult", "gender": "F", "shiny": false, "level": 77, "moves": ["shadowball", "fireblast", "dracometeor", "uturn"], "ability": "Infiltrator", "evs": {"hp": 85, "atk": 85, "def": 85, "spa": 85, "spd": 85, "spe": 85}, "ivs": {"hp": 31, "atk": 31, "def": 31, "spa": 31, "spd": 31, "spe": 31}, "item": "Choice Specs", "teraType": "Fire", "role": "Fast Attacker", "bvs": {"hp": 88, "atk": 120, "def": 75, "spa": 100, "spd": 75, "spe": 142}, "stats": {"hp": 262, "atk": 229, "def": 160, "spa": 199, "spd": 160, "spe": 263}, "types": ["Dragon", "Ghost"]}, "Hydrapple": {"name": "Hydrapple", "species": "Hydrapple", "speciesId": "hydrapple", "gender": "F", "shiny": false, "level": 83, "moves": ["dracometeor", "leafstorm", "earthpower", "ficklebeam"], "ability": "Regenerator", "evs": {"hp": 85, "atk": 0, "def": 85, "spa": 85, "spd": 85, "spe": 85}, "ivs": {"hp": 31, "atk": 0, "def": 31, "spa": 31, "spd": 31, "spe": 31}, "item": "Choice Specs", "teraType": "Steel", "role": "Wallbreaker", "bvs": {"hp": 106, "atk": 80, "def": 110, "spa": 120, "spd": 80, "spe": 44}, "stats": {"hp": 312, "atk": 137, "def": 230, "spa": 247, "spd": 180, "spe": 121}, "types": ["Grass", "Dragon"]}, "Gardevoir": {"name": "Gardevoir", "species": "Gardevoir", "speciesId": "gardevoir", "gender": "F", "shiny": false, "level": 83, "moves": ["calmmind", "psyshock", "moonblast", "mysticalfire"], "ability": "Trace", "evs": {"hp": 85, "atk": 0, "def": 85, "spa": 85, "spd": 85, "spe": 85}, "ivs": {"hp": 31, "atk": 0, "def": 31, "spa": 31, "spd": 31, "spe": 31}, "item": "Life Orb", "teraType": "Fire", "role": "Fast Attacker", "bvs": {"hp": 68, "atk": 65, "def": 65, "spa": 125, "spd": 115, "spe": 80}, "stats": {"hp": 249, "atk": 112, "def": 156, "spa": 255, "spd": 239, "spe": 180}, "types": ["Psychic", "Fairy"]}, "Regice": {"name": "Regice", "species": "Regice", "speciesId": "regice", "gender": "N", "shiny": false, "level": 88, "moves": ["thunderbolt", "bodypress", "icebeam", "thunderwave"], "ability": "Clear Body", "evs": {"hp": 85, "atk": 0, "def": 85, "spa": 85, "spd": 85, "spe": 85}, "ivs": {"hp": 31, "atk": 0, "def": 31, "spa": 31, "spd": 31, "spe": 31}, "item": "Heavy-Duty Boots", "teraType": "Electric", "role": "Bulky Attacker", "bvs": {"hp": 80, "atk": 50, "def": 100, "spa": 100, "spd": 200, "spe": 50}, "stats": {"hp": 284, "atk": 93, "def": 226, "spa": 226, "spd": 402, "spe": 138}, "types": ["Ice"]}, "Honchkrow": {"name": "Honchkrow", "species": "Honchkrow", "speciesId": "honchkrow", "gender": "F", "shiny": false, "level": 86, "moves": ["bravebird", "heatwave", "lashout", "suckerpunch"], "ability": "Moxie", "evs": {"hp": 85, "atk": 85, "def": 85, "spa": 85, "spd": 85, "spe": 85}, "ivs": {"hp": 31, "atk": 31, "def": 31, "spa": 31, "spd": 31, "spe": 31}, "item": "Heavy-Duty Boots", "teraType": "Dark", "role": "Wallbreaker", "bvs": {"hp": 100, "atk": 125, "def": 52, "spa": 105, "spd": 52, "spe": 71}, "stats": {"hp": 312, "atk": 264, "def": 139, "spa": 230, "spd": 139, "spe": 171}, "types": ["Dark", "Flying"]}}]}