{"id": "gen9randombattle-2641652801", "format": "[Gen 9] Random Battle", "players": ["sohaibk", "unajo"], "log": "|j|\u2606sohaibk\n|j|\u2606unajo\n|t:|1782825267\n|gametype|singles\n|player|p1|sohaibk|1|1901\n|player|p2|unajo|2|1935\n|gen|9\n|tier|[Gen 9] Random Battle\n|rated|\n|rule|Species Clause: Limit one of each Pok\u00e9mon\n|rule|HP Percentage Mod: HP is shown in percentages\n|rule|Sleep Clause Mod: Limit one foe put to sleep\n|rule|Illusion Level Mod: Illusion disguises the Pok\u00e9mon's true level\n|\n|t:|1782825267\n|teamsize|p1|6\n|teamsize|p2|6\n|start\n|switch|p1a: Slaking|Slaking, L84, F|389/389\n|switch|p2a: Basculegion|Basculegion, L80, M|323/323\n|turn|1\n|\n|t:|1782825288\n|switch|p2a: Dudunsparce|Dudunsparce-Three-Segment, L83, M|343/343\n|move|p1a: Slaking|Knock Off|p2a: Dudunsparce\n|-damage|p2a: Dudunsparce|168/343\n|-ability|p2a: Dudunsparce|Rattled|boost\n|-boost|p2a: Dudunsparce|spe|1\n|-enditem|p2a: Dudunsparce|Leftovers|[from] move: Knock Off|[of] p1a: Slaking\n|\n|upkeep\n|turn|2\n|\n|t:|1782825298\n|switch|p1a: Spectrier|Spectrier, L75|274/274\n|move|p2a: Dudunsparce|Calm Mind|p2a: Dudunsparce\n|-boost|p2a: Dudunsparce|spa|1\n|-boost|p2a: Dudunsparce|spd|1\n|\n|upkeep\n|turn|3\n|\n|t:|1782825305\n|move|p1a: Spectrier|Nasty Plot|p1a: Spectrier\n|-boost|p1a: Spectrier|spa|2\n|move|p2a: Dudunsparce|Roost|p2a: Dudunsparce\n|-heal|p2a: Dudunsparce|340/343\n|-singleturn|p2a: Dudunsparce|move: Roost\n|\n|upkeep\n|turn|4\n|\n|t:|1782825314\n|-terastallize|p1a: Spectrier|Fighting\n|move|p1a: Spectrier|Tera Blast|p2a: Dudunsparce|[anim] Tera Blast Fighting\n|-supereffective|p2a: Dudunsparce\n|-damage|p2a: Dudunsparce|0 fnt\n|faint|p2a: Dudunsparce\n|-ability|p1a: Spectrier|Grim Neigh|boost\n|-boost|p1a: Spectrier|spa|1\n|-damage|p1a: Spectrier|247/274|[from] item: Life Orb\n|\n|upkeep\n|\n|t:|1782825337\n|switch|p2a: Altaria|Altaria, L89, F|278/278\n|turn|5\n|\n|t:|1782825339\n|move|p1a: Spectrier|Shadow Ball|p2a: Altaria\n|-damage|p2a: Altaria|21/278\n|-unboost|p2a: Altaria|spd|1\n|-damage|p1a: Spectrier|220/274|[from] item: Life Orb\n|move|p2a: Altaria|Brave Bird|p1a: Spectrier\n|-supereffective|p1a: Spectrier\n|-damage|p1a: Spectrier|0 fnt\n|faint|p1a: Spectrier\n|-damage|p2a: Altaria|0 fnt|[from] Recoil\n|faint|p2a: Altaria\n|\n|upkeep\n|\n|t:|1782825349\n|switch|p1a: Slaking|Slaking, L84, F|389/389\n|switch|p2a: Pincurchin|Pincurchin, F|258/258\n|-fieldstart|move: Electric Terrain|[from] ability: Electric Surge|[of] p2a: Pincurchin\n|turn|6\n|\n|t:|1782825358\n|move|p1a: Slaking|Earthquake|p2a: Pincurchin\n|-supereffective|p2a: Pincurchin\n|-damage|p2a: Pincurchin|16/258\n|move|p2a: Pincurchin|Recover|p2a: Pincurchin\n|-heal|p2a: Pincurchin|145/258\n|\n|-heal|p2a: Pincurchin|161/258|[from] item: Leftovers\n|upkeep\n|turn|7\n|\n|t:|1782825364\n|switch|p1a: Hypno|Hypno, L95, F|315/315\n|move|p2a: Pincurchin|Thunderbolt|p1a: Hypno\n|-damage|p1a: Hypno|201/315\n|\n|-heal|p1a: Hypno|220/315|[from] item: Leftovers\n|-heal|p2a: Pincurchin|177/258|[from] item: Leftovers\n|upkeep\n|turn|8\n|\n|t:|1782825376\n|move|p1a: Hypno|Knock Off|p2a: Pincurchin\n|-damage|p2a: Pincurchin|120/258\n|-enditem|p2a: Pincurchin|Leftovers|[from] move: Knock Off|[of] p1a: Hypno\n|move|p2a: Pincurchin|Spikes|p1a: Hypno\n|-sidestart|p1: sohaibk|Spikes\n|\n|-heal|p1a: Hypno|239/315|[from] item: Leftovers\n|upkeep\n|turn|9\n|\n|t:|1782825380\n|move|p1a: Hypno|Encore|p2a: Pincurchin\n|-start|p2a: Pincurchin|Encore\n|move|p2a: Pincurchin|Spikes|p1a: Hypno\n|-sidestart|p1: sohaibk|Spikes\n|\n|-heal|p1a: Hypno|258/315|[from] item: Leftovers\n|upkeep\n|turn|10\n|\n|t:|1782825382\n|move|p1a: Hypno|Psychic Noise|p2a: Pincurchin\n|-damage|p2a: Pincurchin|48/258\n|-start|p2a: Pincurchin|move: Heal Block\n|move|p2a: Pincurchin|Spikes|p1a: Hypno\n|-sidestart|p1: sohaibk|Spikes\n|\n|-heal|p1a: Hypno|277/315|[from] item: Leftovers\n|-fieldend|move: Electric Terrain\n|upkeep\n|turn|11\n|\n|t:|1782825387\n|move|p1a: Hypno|Psychic Noise|p2a: Pincurchin\n|-damage|p2a: Pincurchin|0 fnt\n|faint|p2a: Pincurchin\n|\n|-heal|p1a: Hypno|296/315|[from] item: Leftovers\n|upkeep\n|\n|t:|1782825401\n|switch|p2a: Basculegion|Basculegion, L80, M|323/323\n|turn|12\n|\n|t:|1782825407\n|move|p1a: Hypno|Knock Off|p2a: Basculegion\n|-supereffective|p2a: Basculegion\n|-damage|p2a: Basculegion|151/323\n|-enditem|p2a: Basculegion|Assault Vest|[from] move: Knock Off|[of] p1a: Hypno\n|move|p2a: Basculegion|Wave Crash|p1a: Hypno\n|-crit|p1a: Hypno\n|-damage|p1a: Hypno|18/315\n|-damage|p2a: Basculegion|59/323|[from] Recoil\n|\n|-heal|p1a: Hypno|37/315|[from] item: Leftovers\n|upkeep\n|turn|13\n|\n|t:|1782825412\n|move|p2a: Basculegion|Aqua Jet|p1a: Hypno\n|-crit|p1a: Hypno\n|-damage|p1a: Hypno|0 fnt\n|faint|p1a: Hypno\n|\n|upkeep\n|\n|t:|1782825416\n|switch|p1a: Cyclizar|Cyclizar, L83, F|252/252\n|turn|14\n|\n|t:|1782825420\n|move|p1a: Cyclizar|Knock Off|p2a: Basculegion\n|-supereffective|p2a: Basculegion\n|-crit|p2a: Basculegion\n|-damage|p2a: Basculegion|0 fnt\n|faint|p2a: Basculegion\n|\n|upkeep\n|\n|t:|1782825429\n|switch|p2a: Iron Moth|Iron Moth, L78|253/253\n|turn|15\n|\n|t:|1782825434\n|move|p1a: Cyclizar|Rapid Spin|p2a: Iron Moth\n|-damage|p2a: Iron Moth|180/253\n|-boost|p1a: Cyclizar|spe|1\n|-sideend|p1: sohaibk|Spikes|[from] move: Rapid Spin|[of] p1a: Cyclizar\n|move|p2a: Iron Moth|Fiery Dance|p1a: Cyclizar\n|-resisted|p1a: Cyclizar\n|-damage|p1a: Cyclizar|193/252\n|\n|upkeep\n|turn|16\n|\n|t:|1782825437\n|move|p1a: Cyclizar|Knock Off|p2a: Iron Moth\n|-damage|p2a: Iron Moth|86/253\n|-enditem|p2a: Iron Moth|Heavy-Duty Boots|[from] move: Knock Off|[of] p1a: Cyclizar\n|move|p2a: Iron Moth|Sludge Wave|p1a: Cyclizar\n|-damage|p1a: Cyclizar|58/252\n|\n|upkeep\n|turn|17\n|\n|t:|1782825449\n|move|p1a: Cyclizar|Draco Meteor|p2a: Iron Moth\n|-damage|p2a: Iron Moth|0 fnt\n|-unboost|p1a: Cyclizar|spa|2\n|faint|p2a: Iron Moth\n|-end|p2a: Iron Moth|Quark Drive|[silent]\n|\n|upkeep\n|\n|t:|1782825452\n|switch|p2a: Maushold|Maushold, L76|238/238\n|turn|18\n|\n|t:|1782825463\n|move|p1a: Cyclizar|Knock Off|p2a: Maushold\n|-damage|p2a: Maushold|149/238\n|-enditem|p2a: Maushold|Wide Lens|[from] move: Knock Off|[of] p1a: Cyclizar\n|move|p2a: Maushold|Tidy Up|p2a: Maushold\n|-boost|p2a: Maushold|atk|1\n|-boost|p2a: Maushold|spe|1\n|\n|upkeep\n|turn|19\n|\n|t:|1782825475\n|move|p1a: Cyclizar|Draco Meteor|p2a: Maushold\n|-damage|p2a: Maushold|71/238\n|-unboost|p1a: Cyclizar|spa|2\n|move|p2a: Maushold|Tidy Up|p2a: Maushold\n|-boost|p2a: Maushold|atk|1\n|-boost|p2a: Maushold|spe|1\n|\n|upkeep\n|turn|20\n|\n|t:|1782825480\n|move|p2a: Maushold|Bite|p1a: Cyclizar\n|-damage|p1a: Cyclizar|0 fnt\n|faint|p1a: Cyclizar\n|\n|upkeep\n|\n|t:|1782825484\n|switch|p1a: Suicune|Suicune, L82|298/298\n|-ability|p1a: Suicune|Pressure\n|turn|21\n|\n|t:|1782825492\n|switch|p1a: Ampharos|Ampharos, L88, F|302/302\n|move|p2a: Maushold|Population Bomb|p1a: Ampharos\n|-damage|p1a: Ampharos|257/302\n|-damage|p1a: Ampharos|211/302\n|-status|p2a: Maushold|par|[from] ability: Static|[of] p1a: Ampharos\n|-damage|p1a: Ampharos|171/302\n|-damage|p1a: Ampharos|126/302\n|-damage|p1a: Ampharos|81/302\n|-damage|p1a: Ampharos|41/302\n|-crit|p1a: Ampharos\n|-damage|p1a: Ampharos|0 fnt\n|faint|p1a: Ampharos\n|-hitcount|p1: Ampharos|7\n|\n|upkeep\n|\n|t:|1782825502\n|switch|p1a: Slaking|Slaking, L84, F|389/389\n|turn|22\n|\n|t:|1782825505\n|-terastallize|p2a: Maushold|Ghost\n|move|p1a: Slaking|Earthquake|p2a: Maushold\n|-damage|p2a: Maushold|0 fnt\n|faint|p2a: Maushold\n|\n|win|sohaibk\n", "inputlog": ">version f8ac14003a5f27e1bdc8d8c59608a773c1cb96e5\n>start {\"formatid\":\"gen9randombattle\",\"seed\":\"sodium,08f3bb8e1deb60ce0437e28887abd097\",\"rated\":\"Rated battle\"}\n>player p1 {\"name\":\"sohaibk\",\"avatar\":\"1\",\"rating\":1901,\"seed\":\"sodium,2351efc5adc8dca1b857ab2cf8d925c5\"}\n>player p2 {\"name\":\"unajo\",\"avatar\":\"2\",\"rating\":1935,\"seed\":\"sodium,fba1383bffa319ad7fc3123609bfed85\"}\n>p1 move knockoff\n>p2 switch 2\n>p1 switch 6\n>p2 move calmmind\n>p1 move nastyplot\n>p2 move roost\n>p1 move terablast terastallize\n>p2 move shadowball\n>p2 switch 3\n>p1 move shadowball\n>p2 move bravebird\n>p1 switch 6\n>p2 switch 5\n>p1 move earthquake\n>p2 move recover\n>p1 switch 5\n>p2 move thunderbolt\n>p1 move knockoff\n>p2 move spikes\n>p1 move encore\n>p2 move thunderbolt\n>p1 move psychicnoise\n>p2 move spikes\n>p1 move psychicnoise\n>p2 move spikes\n>p2 switch 2\n>p1 move knockoff\n>p2 move wavecrash\n>p1 move psychicnoise\n>p2 move aquajet\n>p1 switch 4\n>p1 move knockoff\n>p2 move wavecrash\n>p2 switch 4\n>p1 move rapidspin\n>p2 move fierydance\n>p1 move knockoff\n>p2 move sludgewave\n>p1 move dracometeor\n>p2 move sludgewave\n>p2 switch 6\n>p1 move knockoff\n>p2 move tidyup\n>p1 move dracometeor\n>p2 move tidyup\n>p1 move rapidspin\n>p2 move bite\n>p1 switch 2\n>p1 switch 3\n>p2 move populationbomb\n>p1 switch 5\n>p1 move earthquake\n>p2 move tidyup terastallize", "uploadtime": 1782825269, "views": 4, "formatid": "gen9randombattle", "rating": null, "private": 0, "password": null, "player_dets": [{"name": "sohaibk", "avatar": "1", "rating": 1901, "seed": "sodium,2351efc5adc8dca1b857ab2cf8d925c5"}, {"name": "unajo", "avatar": "2", "rating": 1935, "seed": "sodium,fba1383bffa319ad7fc3123609bfed85"}], "teams_full": [{"Slaking": {"name": "Slaking", "species": "Slaking", "speciesId": "slaking", "gender": "F", "shiny": false, "level": 84, "moves": ["earthquake", "gigaimpact", "doubleedge", "knockoff"], "ability": "Truant", "evs": {"hp": 85, "atk": 85, "def": 85, "spa": 85, "spd": 85, "spe": 85}, "ivs": {"hp": 31, "atk": 31, "def": 31, "spa": 31, "spd": 31, "spe": 31}, "item": "Choice Band", "teraType": "Normal", "role": "Fast Attacker", "bvs": {"hp": 150, "atk": 160, "def": 100, "spa": 95, "spd": 65, "spe": 100}, "stats": {"hp": 389, "atk": 317, "def": 216, "spa": 208, "spd": 157, "spe": 216}, "types": ["Normal"]}, "Suicune": {"name": "Suicune", "species": "Suicune", "speciesId": "suicune", "gender": "N", "shiny": false, "level": 82, "moves": ["calmmind", "protect", "substitute", "scald"], "ability": "Pressure", "evs": {"hp": 85, "atk": 0, "def": 85, "spa": 85, "spd": 85, "spe": 85}, "ivs": {"hp": 31, "atk": 0, "def": 31, "spa": 31, "spd": 31, "spe": 31}, "item": "Leftovers", "teraType": "Steel", "role": "Fast Support", "bvs": {"hp": 100, "atk": 75, "def": 115, "spa": 90, "spd": 115, "spe": 85}, "stats": {"hp": 298, "atk": 127, "def": 236, "spa": 195, "spd": 236, "spe": 187}, "types": ["Water"]}, "Ampharos": {"name": "Ampharos", "species": "Ampharos", "speciesId": "ampharos", "gender": "F", "shiny": false, "level": 88, "moves": ["focusblast", "dazzlinggleam", "thunderbolt", "voltswitch"], "ability": "Static", "evs": {"hp": 85, "atk": 0, "def": 85, "spa": 85, "spd": 85, "spe": 85}, "ivs": {"hp": 31, "atk": 0, "def": 31, "spa": 31, "spd": 31, "spe": 31}, "item": "Assault Vest", "teraType": "Fairy", "role": "AV Pivot", "bvs": {"hp": 90, "atk": 75, "def": 85, "spa": 115, "spd": 90, "spe": 55}, "stats": {"hp": 302, "atk": 137, "def": 200, "spa": 253, "spd": 209, "spe": 147}, "types": ["Electric"]}, "Cyclizar": {"name": "Cyclizar", "species": "Cyclizar", "speciesId": "cyclizar", "gender": "F", "shiny": false, "level": 83, "moves": ["shedtail", "knockoff", "rapidspin", "dracometeor"], "ability": "Regenerator", "evs": {"hp": 85, "atk": 85, "def": 85, "spa": 85, "spd": 85, "spe": 85}, "ivs": {"hp": 31, "atk": 31, "def": 31, "spa": 31, "spd": 31, "spe": 31}, "item": "Heavy-Duty Boots", "teraType": "Steel", "role": "Fast Support", "bvs": {"hp": 70, "atk": 95, "def": 65, "spa": 85, "spd": 65, "spe": 121}, "stats": {"hp": 252, "atk": 205, "def": 156, "spa": 189, "spd": 156, "spe": 249}, "types": ["Dragon", "Normal"]}, "Hypno": {"name": "Hypno", "species": "Hypno", "speciesId": "hypno", "gender": "F", "shiny": false, "level": 95, "moves": ["toxic", "encore", "knockoff", "psychicnoise"], "ability": "Insomnia", "evs": {"hp": 85, "atk": 85, "def": 85, "spa": 85, "spd": 85, "spe": 85}, "ivs": {"hp": 31, "atk": 31, "def": 31, "spa": 31, "spd": 31, "spe": 31}, "item": "Leftovers", "teraType": "Dark", "role": "Bulky Support", "bvs": {"hp": 85, "atk": 73, "def": 70, "spa": 73, "spd": 115, "spe": 67}, "stats": {"hp": 315, "atk": 193, "def": 187, "spa": 193, "spd": 272, "spe": 181}, "types": ["Psychic"]}, "Spectrier": {"name": "Spectrier", "species": "Spectrier", "speciesId": "spectrier", "gender": "N", "shiny": false, "level": 75, "moves": ["nastyplot", "shadowball", "terablast", "willowisp"], "ability": "Grim Neigh", "evs": {"hp": 85, "atk": 0, "def": 85, "spa": 85, "spd": 85, "spe": 85}, "ivs": {"hp": 31, "atk": 0, "def": 31, "spa": 31, "spd": 31, "spe": 31}, "item": "Life Orb", "teraType": "Fighting", "role": "Tera Blast user", "bvs": {"hp": 100, "atk": 65, "def": 60, "spa": 145, "spd": 80, "spe": 130}, "stats": {"hp": 274, "atk": 102, "def": 134, "spa": 261, "spd": 164, "spe": 239}, "types": ["Ghost"]}}, {"Basculegion": {"name": "Basculegion", "species": "Basculegion", "speciesId": "basculegion", "gender": "M", "shiny": false, "level": 80, "moves": ["wavecrash", "shadowball", "flipturn", "aquajet"], "ability": "Adaptability", "evs": {"hp": 85, "atk": 85, "def": 85, "spa": 85, "spd": 85, "spe": 85}, "ivs": {"hp": 31, "atk": 31, "def": 31, "spa": 31, "spd": 31, "spe": 31}, "item": "Assault Vest", "teraType": "Water", "role": "AV Pivot", "bvs": {"hp": 120, "atk": 112, "def": 65, "spa": 80, "spd": 75, "spe": 78}, "stats": {"hp": 323, "atk": 225, "def": 150, "spa": 174, "spd": 166, "spe": 171}, "types": ["Water", "Ghost"]}, "Dudunsparce": {"name": "Dudunsparce", "species": "Dudunsparce-Three-Segment", "speciesId": "dudunsparce", "gender": "M", "shiny": false, "level": 83, "moves": ["roost", "shadowball", "boomburst", "calmmind"], "ability": "Rattled", "evs": {"hp": 85, "atk": 0, "def": 85, "spa": 85, "spd": 85, "spe": 85}, "ivs": {"hp": 31, "atk": 0, "def": 31, "spa": 31, "spd": 31, "spe": 31}, "item": "Leftovers", "teraType": "Ghost", "role": "Bulky Setup", "bvs": {"hp": 125, "atk": 100, "def": 80, "spa": 85, "spd": 75, "spe": 55}, "stats": {"hp": 343, "atk": 171, "def": 180, "spa": 189, "spd": 172, "spe": 139}, "types": ["Normal"]}, "Altaria": {"name": "Altaria", "species": "Altaria", "speciesId": "altaria", "gender": "F", "shiny": false, "level": 89, "moves": ["roost", "bravebird", "earthquake", "dragondance"], "ability": "Natural Cure", "evs": {"hp": 85, "atk": 85, "def": 85, "spa": 85, "spd": 85, "spe": 85}, "ivs": {"hp": 31, "atk": 31, "def": 31, "spa": 31, "spd": 31, "spe": 31}, "item": "Heavy-Duty Boots", "teraType": "Steel", "role": "Bulky Setup", "bvs": {"hp": 75, "atk": 70, "def": 90, "spa": 70, "spd": 105, "spe": 80}, "stats": {"hp": 278, "atk": 175, "def": 211, "spa": 175, "spd": 238, "spe": 193}, "types": ["Dragon", "Flying"]}, "Iron Moth": {"name": "Iron Moth", "species": "Iron Moth", "speciesId": "ironmoth", "gender": "N", "shiny": false, "level": 78, "moves": ["fierydance", "energyball", "toxicspikes", "sludgewave"], "ability": "Quark Drive", "evs": {"hp": 85, "atk": 0, "def": 85, "spa": 85, "spd": 85, "spe": 85}, "ivs": {"hp": 31, "atk": 0, "def": 31, "spa": 31, "spd": 31, "spe": 31}, "item": "Heavy-Duty Boots", "teraType": "Grass", "role": "Fast Attacker", "bvs": {"hp": 80, "atk": 70, "def": 60, "spa": 140, "spd": 110, "spe": 110}, "stats": {"hp": 253, "atk": 114, "def": 139, "spa": 263, "spd": 217, "spe": 217}, "types": ["Fire", "Poison"]}, "Pincurchin": {"name": "Pincurchin", "species": "Pincurchin", "speciesId": "pincurchin", "gender": "F", "shiny": false, "level": 100, "moves": ["scald", "recover", "spikes", "thunderbolt"], "ability": "Electric Surge", "evs": {"hp": 85, "atk": 0, "def": 85, "spa": 85, "spd": 85, "spe": 85}, "ivs": {"hp": 31, "atk": 0, "def": 31, "spa": 31, "spd": 31, "spe": 31}, "item": "Leftovers", "teraType": "Water", "role": "Bulky Attacker", "bvs": {"hp": 48, "atk": 101, "def": 95, "spa": 91, "spd": 85, "spe": 15}, "stats": {"hp": 258, "atk": 207, "def": 247, "spa": 239, "spd": 227, "spe": 87}, "types": ["Electric"]}, "Maushold": {"name": "Maushold", "species": "Maushold", "speciesId": "maushold", "gender": "N", "shiny": false, "level": 76, "moves": ["tidyup", "populationbomb", "encore", "bite"], "ability": "Technician", "evs": {"hp": 85, "atk": 85, "def": 85, "spa": 85, "spd": 85, "spe": 85}, "ivs": {"hp": 31, "atk": 31, "def": 31, "spa": 31, "spd": 31, "spe": 31}, "item": "Wide Lens", "teraType": "Ghost", "role": "Setup Sweeper", "bvs": {"hp": 74, "atk": 75, "def": 70, "spa": 65, "spd": 75, "spe": 111}, "stats": {"hp": 238, "atk": 158, "def": 150, "spa": 143, "spd": 158, "spe": 213}, "types": ["Normal"]}}]}