{"id": "gen9randombattle-2641550217", "format": "[Gen 9] Random Battle", "players": ["jose77710", "Strawberry Scone"], "log": "|j|\u2606jose77710\n|j|\u2606Strawberry Scone\n|t:|1782805954\n|gametype|singles\n|player|p1|jose77710|2|1036\n|player|p2|Strawberry Scone|battlegirl-gen4|1029\n|gen|9\n|tier|[Gen 9] Random Battle\n|rated|\n|rule|Species Clause: Limit one of each Pok\u00e9mon\n|rule|HP Percentage Mod: HP is shown in percentages\n|rule|Sleep Clause Mod: Limit one foe put to sleep\n|rule|Illusion Level Mod: Illusion disguises the Pok\u00e9mon's true level\n|\n|t:|1782805954\n|teamsize|p1|6\n|teamsize|p2|6\n|start\n|switch|p1a: Wo-Chien|Wo-Chien, L83|277/277\n|switch|p2a: Hitmonlee|Hitmonlee, L85, M|223/223\n|-ability|p1a: Wo-Chien|Tablets of Ruin\n|turn|1\n|\n|t:|1782805987\n|switch|p1a: Grafaiai|Grafaiai, L86, F|249/249\n|move|p2a: Hitmonlee|Knock Off|p1a: Grafaiai\n|-damage|p1a: Grafaiai|142/249\n|-enditem|p1a: Grafaiai|Assault Vest|[from] move: Knock Off|[of] p2a: Hitmonlee\n|\n|upkeep\n|turn|2\n|\n|t:|1782806012\n|switch|p2a: Farigiraf|Farigiraf, L90, M|362/362\n|move|p1a: Grafaiai|Super Fang|p2a: Farigiraf\n|-damage|p2a: Farigiraf|181/362\n|\n|-heal|p2a: Farigiraf|203/362|[from] item: Leftovers\n|upkeep\n|turn|3\n|\n|t:|1782806026\n|move|p1a: Grafaiai|Knock Off|p2a: Farigiraf\n|-supereffective|p2a: Farigiraf\n|-damage|p2a: Farigiraf|45/362\n|-enditem|p2a: Farigiraf|Leftovers|[from] move: Knock Off|[of] p1a: Grafaiai\n|move|p2a: Farigiraf|Wish|p2a: Farigiraf\n|\n|upkeep\n|turn|4\n|\n|t:|1782806034\n|move|p2a: Farigiraf|Protect|p2a: Farigiraf\n|-singleturn|p2a: Farigiraf|Protect\n|move|p1a: Grafaiai|Knock Off|p2a: Farigiraf\n|-activate|p2a: Farigiraf|move: Protect\n|\n|-heal|p2a: Farigiraf|226/362|[from] move: Wish|[wisher] Farigiraf\n|upkeep\n|turn|5\n|\n|t:|1782806042\n|move|p1a: Grafaiai|Super Fang|p2a: Farigiraf\n|-damage|p2a: Farigiraf|113/362\n|move|p2a: Farigiraf|Psychic Noise|p1a: Grafaiai\n|-supereffective|p1a: Grafaiai\n|-damage|p1a: Grafaiai|0 fnt\n|faint|p1a: Grafaiai\n|\n|upkeep\n|\n|t:|1782806067\n|switch|p1a: Wo-Chien|Wo-Chien, L83|277/277\n|-ability|p1a: Wo-Chien|Tablets of Ruin\n|turn|6\n|\n|t:|1782806076\n|move|p2a: Farigiraf|Protect|p2a: Farigiraf\n|-singleturn|p2a: Farigiraf|Protect\n|move|p1a: Wo-Chien|Knock Off|p2a: Farigiraf\n|-activate|p2a: Farigiraf|move: Protect\n|\n|upkeep\n|turn|7\n|\n|t:|1782806089\n|switch|p2a: Poliwrath|Poliwrath, L88, F|302/302\n|move|p1a: Wo-Chien|Stun Spore|p2a: Poliwrath\n|-status|p2a: Poliwrath|par\n|\n|upkeep\n|turn|8\n|inactive|Battle timer is ON: inactive players will automatically lose when time's up. (requested by jose77710)\n|\n|t:|1782806099\n|move|p1a: Wo-Chien|Giga Drain|p2a: Poliwrath\n|-supereffective|p2a: Poliwrath\n|-damage|p2a: Poliwrath|212/302 par\n|cant|p2a: Poliwrath|par\n|\n|upkeep\n|turn|9\n|\n|t:|1782806112\n|switch|p1a: Espathra|Espathra, L80, M|283/283\n|move|p2a: Poliwrath|Close Combat|p1a: Espathra\n|-resisted|p1a: Espathra\n|-damage|p1a: Espathra|183/283\n|-unboost|p2a: Poliwrath|def|1\n|-unboost|p2a: Poliwrath|spd|1\n|\n|upkeep\n|turn|10\n|\n|t:|1782806134\n|switch|p2a: Flareon|Flareon, L90, M|263/263\n|move|p1a: Espathra|Lumina Crash|p2a: Flareon\n|-damage|p2a: Flareon|175/263\n|-unboost|p2a: Flareon|spd|2\n|\n|-ability|p1a: Espathra|Speed Boost|boost\n|-boost|p1a: Espathra|spe|1\n|-status|p2a: Flareon|tox|[from] item: Toxic Orb\n|upkeep\n|turn|11\n|\n|t:|1782806154\n|move|p2a: Flareon|Quick Attack|p1a: Espathra\n|-damage|p1a: Espathra|95/283\n|move|p1a: Espathra|Lumina Crash|p2a: Flareon\n|-damage|p2a: Flareon|0 fnt\n|faint|p2a: Flareon\n|\n|-ability|p1a: Espathra|Speed Boost|boost\n|-boost|p1a: Espathra|spe|1\n|upkeep\n|\n|t:|1782806159\n|switch|p2a: Leafeon|Leafeon, L88, M|258/258\n|turn|12\n|\n|t:|1782806170\n|move|p1a: Espathra|Lumina Crash|p2a: Leafeon\n|-damage|p2a: Leafeon|119/258\n|-unboost|p2a: Leafeon|spd|2\n|move|p2a: Leafeon|Knock Off|p1a: Espathra\n|-supereffective|p1a: Espathra\n|-damage|p1a: Espathra|0 fnt\n|-enditem|p1a: Espathra|Choice Specs|[from] move: Knock Off|[of] p2a: Leafeon\n|faint|p1a: Espathra\n|-damage|p2a: Leafeon|94/258|[from] item: Life Orb\n|\n|upkeep\n|inactive|jose77710 has 120 seconds left.\n|\n|t:|1782806192\n|switch|p1a: Wo-Chien|Wo-Chien, L83|277/277\n|-ability|p1a: Wo-Chien|Tablets of Ruin\n|turn|13\n|\n|t:|1782806204\n|move|p2a: Leafeon|Synthesis|p2a: Leafeon\n|-heal|p2a: Leafeon|223/258\n|move|p1a: Wo-Chien|Knock Off|p2a: Leafeon\n|-damage|p2a: Leafeon|160/258\n|-enditem|p2a: Leafeon|Life Orb|[from] move: Knock Off|[of] p1a: Wo-Chien\n|\n|upkeep\n|turn|14\n|\n|t:|1782806216\n|move|p2a: Leafeon|Synthesis|p2a: Leafeon\n|-heal|p2a: Leafeon|258/258\n|move|p1a: Wo-Chien|Ruination|p2a: Leafeon\n|-damage|p2a: Leafeon|129/258\n|\n|upkeep\n|turn|15\n|inactive|Strawberry Scone has 120 seconds left.\n|\n|t:|1782806247\n|move|p2a: Leafeon|Swords Dance|p2a: Leafeon\n|-boost|p2a: Leafeon|atk|2\n|move|p1a: Wo-Chien|Ruination|p2a: Leafeon\n|-damage|p2a: Leafeon|65/258\n|\n|upkeep\n|turn|16\n|\n|t:|1782806261\n|move|p2a: Leafeon|Synthesis|p2a: Leafeon\n|-heal|p2a: Leafeon|194/258\n|move|p1a: Wo-Chien|Ruination|p2a: Leafeon\n|-damage|p2a: Leafeon|97/258\n|\n|upkeep\n|turn|17\n|\n|t:|1782806279\n|move|p2a: Leafeon|Leaf Blade|p1a: Wo-Chien\n|-resisted|p1a: Wo-Chien\n|-damage|p1a: Wo-Chien|195/277\n|move|p1a: Wo-Chien|Ruination|p2a: Leafeon\n|-damage|p2a: Leafeon|49/258\n|\n|-heal|p1a: Wo-Chien|212/277|[from] item: Leftovers\n|upkeep\n|turn|18\n|\n|t:|1782806288\n|move|p2a: Leafeon|Synthesis|p2a: Leafeon\n|-heal|p2a: Leafeon|178/258\n|move|p1a: Wo-Chien|Ruination|p2a: Leafeon\n|-damage|p2a: Leafeon|89/258\n|\n|-heal|p1a: Wo-Chien|229/277|[from] item: Leftovers\n|upkeep\n|turn|19\n|\n|t:|1782806301\n|move|p2a: Leafeon|Knock Off|p1a: Wo-Chien\n|-resisted|p1a: Wo-Chien\n|-damage|p1a: Wo-Chien|167/277\n|-enditem|p1a: Wo-Chien|Leftovers|[from] move: Knock Off|[of] p2a: Leafeon\n|move|p1a: Wo-Chien|Giga Drain|p2a: Leafeon\n|-resisted|p2a: Leafeon\n|-damage|p2a: Leafeon|0 fnt\n|-heal|p1a: Wo-Chien|212/277|[from] drain|[of] p2a: Leafeon\n|faint|p2a: Leafeon\n|\n|upkeep\n|\n|t:|1782806305\n|switch|p2a: Hitmonlee|Hitmonlee, L85, M|223/223\n|turn|20\n|\n|t:|1782806319\n|switch|p1a: Regidrago|Regidrago, L77|435/435\n|move|p2a: Hitmonlee|High Jump Kick|p1a: Regidrago\n|-damage|p1a: Regidrago|117/435\n|\n|upkeep\n|turn|21\n|\n|t:|1782806346\n|move|p2a: Hitmonlee|High Jump Kick|p1a: Regidrago\n|-damage|p1a: Regidrago|0 fnt\n|faint|p1a: Regidrago\n|\n|upkeep\n|\n|t:|1782806355\n|switch|p1a: Manaphy|Manaphy, L78|284/284\n|turn|22\n|\n|t:|1782806363\n|move|p2a: Hitmonlee|High Jump Kick|p1a: Manaphy\n|-damage|p1a: Manaphy|88/284\n|move|p1a: Manaphy|Tail Glow|p1a: Manaphy\n|-boost|p1a: Manaphy|spa|3\n|\n|-heal|p1a: Manaphy|105/284|[from] item: Leftovers\n|upkeep\n|turn|23\n|\n|t:|1782806377\n|move|p2a: Hitmonlee|High Jump Kick|p1a: Manaphy\n|-damage|p1a: Manaphy|0 fnt\n|faint|p1a: Manaphy\n|\n|upkeep\n|\n|t:|1782806382\n|switch|p1a: Drednaw|Drednaw, L81, F|278/278\n|turn|24\n|\n|t:|1782806397\n|move|p2a: Hitmonlee|High Jump Kick|p1a: Drednaw\n|-supereffective|p1a: Drednaw\n|-crit|p1a: Drednaw\n|-damage|p1a: Drednaw|0 fnt\n|faint|p1a: Drednaw\n|\n|upkeep\n|\n|t:|1782806410\n|switch|p1a: Wo-Chien|Wo-Chien, L83|212/277\n|-ability|p1a: Wo-Chien|Tablets of Ruin\n|turn|25\n|\n|t:|1782806416\n|move|p2a: Hitmonlee|High Jump Kick|p1a: Wo-Chien\n|-supereffective|p1a: Wo-Chien\n|-damage|p1a: Wo-Chien|0 fnt\n|faint|p1a: Wo-Chien\n|\n|win|Strawberry Scone\n|raw|jose77710's rating: 1036 &rarr; <strong>1021</strong><br />(-15 for losing)\n|raw|Strawberry Scone's rating: 1043 &rarr; <strong>1076</strong><br />(+33 for winning)\n|l|\u2606jose77710\n|player|p1|\n", "inputlog": ">version f8ac14003a5f27e1bdc8d8c59608a773c1cb96e5\n>start {\"formatid\":\"gen9randombattle\",\"seed\":\"sodium,61b4b97414d2878c84f168f3163d6c91\",\"rated\":\"Rated battle\"}\n>player p1 {\"name\":\"jose77710\",\"avatar\":\"2\",\"rating\":1036,\"seed\":\"sodium,1e07ac28beae60b2296ff33e774275f9\"}\n>player p2 {\"name\":\"Strawberry Scone\",\"avatar\":\"battlegirl-gen4\",\"rating\":1029,\"seed\":\"sodium,2269316127604b8ca97527f89f583c59\"}\n>p1 switch 5\n>p2 move knockoff\n>p1 move superfang\n>p2 switch 4\n>p1 move knockoff\n>p2 move wish\n>p1 move knockoff\n>p2 move protect\n>p1 move superfang\n>p2 move psychicnoise\n>p1 switch 5\n>p1 move knockoff\n>p2 move protect\n>p1 move stunspore\n>p2 switch 2\n>p1 move gigadrain\n>p2 move circlethrow\n>p1 switch 6\n>p2 move closecombat\n>p1 move luminacrash\n>p2 switch 6\n>p1 move luminacrash\n>p2 move quickattack\n>p2 switch 5\n>p1 move luminacrash\n>p2 move knockoff\n>p1 switch 6\n>p1 move knockoff\n>p2 move synthesis\n>p1 move ruination\n>p2 move synthesis\n>p1 move ruination\n>p2 move swordsdance\n>p1 move ruination\n>p2 move synthesis\n>p1 move ruination\n>p2 move leafblade\n>p1 move ruination\n>p2 move synthesis\n>p1 move gigadrain\n>p2 move knockoff\n>p2 switch 4\n>p1 switch 4\n>p2 move highjumpkick\n>p1 move dragonclaw\n>p2 move highjumpkick\n>p1 switch 3\n>p1 move tailglow\n>p2 move highjumpkick\n>p1 move surf\n>p2 move highjumpkick\n>p1 switch 2\n>p1 move shellsmash\n>p2 move highjumpkick\n>p1 switch 4\n>p1 move stunspore\n>p2 move highjumpkick", "uploadtime": 1782806430, "views": 18, "formatid": "gen9randombattle", "rating": 1021, "private": 0, "password": null, "player_dets": [{"name": "jose77710", "avatar": "2", "rating": 1036, "seed": "sodium,1e07ac28beae60b2296ff33e774275f9"}, {"name": "Strawberry Scone", "avatar": "battlegirl-gen4", "rating": 1029, "seed": "sodium,2269316127604b8ca97527f89f583c59"}], "teams_full": [{"Wo-Chien": {"name": "Wo-Chien", "species": "Wo-Chien", "speciesId": "wochien", "gender": "N", "shiny": false, "level": 83, "moves": ["gigadrain", "ruination", "stunspore", "knockoff"], "ability": "Tablets of Ruin", "evs": {"hp": 85, "atk": 85, "def": 85, "spa": 85, "spd": 85, "spe": 85}, "ivs": {"hp": 31, "atk": 31, "def": 31, "spa": 31, "spd": 31, "spe": 31}, "item": "Leftovers", "teraType": "Poison", "role": "Bulky Support", "bvs": {"hp": 85, "atk": 85, "def": 100, "spa": 95, "spd": 135, "spe": 70}, "stats": {"hp": 277, "atk": 189, "def": 214, "spa": 205, "spd": 272, "spe": 164}, "types": ["Dark", "Grass"]}, "Drednaw": {"name": "Drednaw", "species": "Drednaw", "speciesId": "drednaw", "gender": "F", "shiny": false, "level": 81, "moves": ["crunch", "liquidation", "shellsmash", "stoneedge"], "ability": "Strong Jaw", "evs": {"hp": 85, "atk": 85, "def": 85, "spa": 85, "spd": 85, "spe": 85}, "ivs": {"hp": 31, "atk": 31, "def": 31, "spa": 31, "spd": 31, "spe": 31}, "item": "White Herb", "teraType": "Dark", "role": "Setup Sweeper", "bvs": {"hp": 90, "atk": 115, "def": 90, "spa": 48, "spd": 68, "spe": 74}, "stats": {"hp": 278, "atk": 233, "def": 192, "spa": 124, "spd": 157, "spe": 167}, "types": ["Water", "Rock"]}, "Manaphy": {"name": "Manaphy", "species": "Manaphy", "speciesId": "manaphy", "gender": "N", "shiny": false, "level": 78, "moves": ["tailglow", "surf", "icebeam", "energyball"], "ability": "Hydration", "evs": {"hp": 85, "atk": 0, "def": 85, "spa": 85, "spd": 85, "spe": 85}, "ivs": {"hp": 31, "atk": 0, "def": 31, "spa": 31, "spd": 31, "spe": 31}, "item": "Leftovers", "teraType": "Water", "role": "Bulky Setup", "bvs": {"hp": 100, "atk": 100, "def": 100, "spa": 100, "spd": 100, "spe": 100}, "stats": {"hp": 284, "atk": 161, "def": 201, "spa": 201, "spd": 201, "spe": 201}, "types": ["Water"]}, "Regidrago": {"name": "Regidrago", "species": "Regidrago", "speciesId": "regidrago", "gender": "N", "shiny": false, "level": 77, "moves": ["dragondance", "terablast", "earthquake", "dragonclaw"], "ability": "Dragon's Maw", "evs": {"hp": 85, "atk": 85, "def": 85, "spa": 85, "spd": 85, "spe": 85}, "ivs": {"hp": 31, "atk": 31, "def": 31, "spa": 31, "spd": 31, "spe": 31}, "item": "Life Orb", "teraType": "Steel", "role": "Tera Blast user", "bvs": {"hp": 200, "atk": 100, "def": 50, "spa": 100, "spd": 50, "spe": 80}, "stats": {"hp": 435, "atk": 199, "def": 122, "spa": 199, "spd": 122, "spe": 168}, "types": ["Dragon"]}, "Grafaiai": {"name": "Grafaiai", "species": "Grafaiai", "speciesId": "grafaiai", "gender": "F", "shiny": false, "level": 86, "moves": ["uturn", "knockoff", "superfang", "gunkshot"], "ability": "Poison Touch", "evs": {"hp": 85, "atk": 85, "def": 85, "spa": 85, "spd": 85, "spe": 85}, "ivs": {"hp": 31, "atk": 31, "def": 31, "spa": 31, "spd": 31, "spe": 31}, "item": "Assault Vest", "teraType": "Dark", "role": "AV Pivot", "bvs": {"hp": 63, "atk": 95, "def": 65, "spa": 80, "spd": 72, "spe": 110}, "stats": {"hp": 249, "atk": 213, "def": 161, "spa": 187, "spd": 173, "spe": 238}, "types": ["Poison", "Normal"]}, "Espathra": {"name": "Espathra", "species": "Espathra", "speciesId": "espathra", "gender": "M", "shiny": false, "level": 80, "moves": ["uturn", "dazzlinggleam", "luminacrash", "shadowball"], "ability": "Speed Boost", "evs": {"hp": 85, "atk": 85, "def": 85, "spa": 85, "spd": 85, "spe": 85}, "ivs": {"hp": 31, "atk": 31, "def": 31, "spa": 31, "spd": 31, "spe": 31}, "item": "Choice Specs", "teraType": "Fairy", "role": "Wallbreaker", "bvs": {"hp": 95, "atk": 60, "def": 60, "spa": 101, "spd": 60, "spe": 105}, "stats": {"hp": 283, "atk": 142, "def": 142, "spa": 208, "spd": 142, "spe": 214}, "types": ["Psychic"]}}, {"Hitmonlee": {"name": "Hitmonlee", "species": "Hitmonlee", "speciesId": "hitmonlee", "gender": "M", "shiny": false, "level": 85, "moves": ["knockoff", "highjumpkick", "stoneedge", "poisonjab"], "ability": "Reckless", "evs": {"hp": 81, "atk": 85, "def": 85, "spa": 85, "spd": 85, "spe": 85}, "ivs": {"hp": 31, "atk": 31, "def": 31, "spa": 31, "spd": 31, "spe": 31}, "item": "Choice Scarf", "teraType": "Fighting", "role": "Fast Attacker", "bvs": {"hp": 50, "atk": 120, "def": 53, "spa": 35, "spd": 110, "spe": 87}, "stats": {"hp": 223, "atk": 253, "def": 139, "spa": 108, "spd": 236, "spe": 197}, "types": ["Fighting"]}, "Poliwrath": {"name": "Poliwrath", "species": "Poliwrath", "speciesId": "poliwrath", "gender": "F", "shiny": false, "level": 88, "moves": ["knockoff", "liquidation", "closecombat", "circlethrow"], "ability": "Water Absorb", "evs": {"hp": 85, "atk": 85, "def": 85, "spa": 85, "spd": 85, "spe": 85}, "ivs": {"hp": 31, "atk": 31, "def": 31, "spa": 31, "spd": 31, "spe": 31}, "item": "Assault Vest", "teraType": "Dark", "role": "AV Pivot", "bvs": {"hp": 90, "atk": 95, "def": 95, "spa": 70, "spd": 90, "spe": 70}, "stats": {"hp": 302, "atk": 217, "def": 217, "spa": 173, "spd": 209, "spe": 173}, "types": ["Water", "Fighting"]}, "Haxorus": {"name": "Haxorus", "species": "Haxorus", "speciesId": "haxorus", "gender": "M", "shiny": false, "level": 77, "moves": ["ironhead", "outrage", "dragondance", "closecombat"], "ability": "Mold Breaker", "evs": {"hp": 85, "atk": 85, "def": 85, "spa": 85, "spd": 85, "spe": 85}, "ivs": {"hp": 31, "atk": 31, "def": 31, "spa": 31, "spd": 31, "spe": 31}, "item": "Lum Berry", "teraType": "Steel", "role": "Setup Sweeper", "bvs": {"hp": 76, "atk": 147, "def": 90, "spa": 60, "spd": 70, "spe": 97}, "stats": {"hp": 244, "atk": 271, "def": 183, "spa": 137, "spd": 152, "spe": 194}, "types": ["Dragon"]}, "Farigiraf": {"name": "Farigiraf", "species": "Farigiraf", "speciesId": "farigiraf", "gender": "M", "shiny": false, "level": 90, "moves": ["wish", "bodyslam", "psychicnoise", "protect"], "ability": "Sap Sipper", "evs": {"hp": 85, "atk": 85, "def": 85, "spa": 85, "spd": 85, "spe": 85}, "ivs": {"hp": 31, "atk": 31, "def": 31, "spa": 31, "spd": 31, "spe": 31}, "item": "Leftovers", "teraType": "Fairy", "role": "Bulky Support", "bvs": {"hp": 120, "atk": 90, "def": 70, "spa": 110, "spd": 70, "spe": 60}, "stats": {"hp": 362, "atk": 213, "def": 177, "spa": 249, "spd": 177, "spe": 159}, "types": ["Normal", "Psychic"]}, "Leafeon": {"name": "Leafeon", "species": "Leafeon", "speciesId": "leafeon", "gender": "M", "shiny": false, "level": 88, "moves": ["synthesis", "leafblade", "knockoff", "swordsdance"], "ability": "Chlorophyll", "evs": {"hp": 85, "atk": 85, "def": 85, "spa": 85, "spd": 85, "spe": 85}, "ivs": {"hp": 31, "atk": 31, "def": 31, "spa": 31, "spd": 31, "spe": 31}, "item": "Life Orb", "teraType": "Dark", "role": "Setup Sweeper", "bvs": {"hp": 65, "atk": 110, "def": 130, "spa": 60, "spd": 65, "spe": 95}, "stats": {"hp": 258, "atk": 244, "def": 279, "spa": 156, "spd": 165, "spe": 217}, "types": ["Grass"]}, "Flareon": {"name": "Flareon", "species": "Flareon", "speciesId": "flareon", "gender": "M", "shiny": false, "level": 90, "moves": ["trailblaze", "quickattack", "facade", "flareblitz"], "ability": "Guts", "evs": {"hp": 85, "atk": 85, "def": 85, "spa": 85, "spd": 85, "spe": 85}, "ivs": {"hp": 31, "atk": 31, "def": 31, "spa": 31, "spd": 31, "spe": 31}, "item": "Toxic Orb", "teraType": "Normal", "role": "Setup Sweeper", "bvs": {"hp": 65, "atk": 130, "def": 60, "spa": 95, "spd": 110, "spe": 65}, "stats": {"hp": 263, "atk": 285, "def": 159, "spa": 222, "spd": 249, "spe": 168}, "types": ["Fire"]}}]}