{"id": "gen9randombattle-2641533549", "format": "[Gen 9] Random Battle", "players": ["16NAC10", "Blooodfooort"], "log": "|j|\u260616NAC10\n|j|\u2606Blooodfooort\n|t:|1782802423\n|gametype|singles\n|player|p1|16NAC10|169|2095\n|player|p2|Blooodfooort|266|2161\n|gen|9\n|tier|[Gen 9] Random Battle\n|rated|\n|rule|Species Clause: Limit one of each Pok\u00e9mon\n|rule|HP Percentage Mod: HP is shown in percentages\n|rule|Sleep Clause Mod: Limit one foe put to sleep\n|rule|Illusion Level Mod: Illusion disguises the Pok\u00e9mon's true level\n|\n|t:|1782802423\n|teamsize|p1|6\n|teamsize|p2|6\n|start\n|switch|p1a: Baxcalibur|Baxcalibur, L75, M|295/295\n|switch|p2a: Okidogi|Okidogi, L77, M|262/262\n|turn|1\n|inactive|Battle timer is ON: inactive players will automatically lose when time's up. (requested by 16NAC10)\n|\n|t:|1782802441\n|switch|p1a: Pecharunt|Pecharunt, L77|262/262\n|move|p2a: Okidogi|Drain Punch|p1a: Pecharunt\n|-immune|p1a: Pecharunt\n|\n|upkeep\n|turn|2\n|\n|t:|1782802460\n|move|p1a: Pecharunt|Shadow Ball|p2a: Okidogi\n|-damage|p2a: Okidogi|210/262\n|move|p2a: Okidogi|Knock Off|p1a: Pecharunt\n|-supereffective|p1a: Pecharunt\n|-damage|p1a: Pecharunt|166/262\n|-enditem|p1a: Pecharunt|Leftovers|[from] move: Knock Off|[of] p2a: Okidogi\n|\n|upkeep\n|turn|3\n|\n|t:|1782802469\n|move|p1a: Pecharunt|Recover|p1a: Pecharunt\n|-heal|p1a: Pecharunt|262/262\n|move|p2a: Okidogi|High Horsepower|p1a: Pecharunt\n|-supereffective|p1a: Pecharunt\n|-damage|p1a: Pecharunt|172/262\n|\n|upkeep\n|turn|4\n|\n|t:|1782802473\n|move|p1a: Pecharunt|Shadow Ball|p2a: Okidogi\n|-damage|p2a: Okidogi|165/262\n|move|p2a: Okidogi|High Horsepower|p1a: Pecharunt\n|-supereffective|p1a: Pecharunt\n|-damage|p1a: Pecharunt|74/262\n|\n|upkeep\n|turn|5\n|\n|t:|1782802478\n|switch|p2a: Lumineon|Lumineon, L93, F|279/279\n|move|p1a: Pecharunt|Recover|p1a: Pecharunt\n|-heal|p1a: Pecharunt|205/262\n|\n|upkeep\n|turn|6\n|\n|t:|1782802486\n|switch|p1a: Uxie|Uxie, L83|260/260\n|move|p2a: Lumineon|Encore||[still]\n|-fail|p2a: Lumineon\n|\n|upkeep\n|turn|7\n|\n|t:|1782802494\n|move|p2a: Lumineon|Hydro Pump|p1a: Uxie\n|-damage|p1a: Uxie|157/260\n|-damage|p2a: Lumineon|252/279|[from] item: Life Orb\n|move|p1a: Uxie|Knock Off|p2a: Lumineon\n|-damage|p2a: Lumineon|192/279\n|-enditem|p2a: Lumineon|Life Orb|[from] move: Knock Off|[of] p1a: Uxie\n|\n|-heal|p1a: Uxie|173/260|[from] item: Leftovers\n|upkeep\n|turn|8\n|\n|t:|1782802506\n|move|p2a: Lumineon|Encore|p1a: Uxie\n|-start|p1a: Uxie|Encore\n|move|p1a: Uxie|Knock Off|p2a: Lumineon\n|-damage|p2a: Lumineon|154/279\n|\n|-heal|p1a: Uxie|189/260|[from] item: Leftovers\n|upkeep\n|turn|9\n|\n|t:|1782802511\n|switch|p1a: Baxcalibur|Baxcalibur, L75, M|295/295\n|move|p2a: Lumineon|Hydro Pump|p1a: Baxcalibur\n|-resisted|p1a: Baxcalibur\n|-damage|p1a: Baxcalibur|233/295\n|\n|upkeep\n|turn|10\n|\n|t:|1782802518\n|move|p2a: Lumineon|Alluring Voice|p1a: Baxcalibur\n|-supereffective|p1a: Baxcalibur\n|-damage|p1a: Baxcalibur|107/295\n|move|p1a: Baxcalibur|Glaive Rush|p2a: Lumineon\n|-damage|p2a: Lumineon|0 fnt\n|-singlemove|p1a: Baxcalibur|Glaive Rush|[silent]\n|faint|p2a: Lumineon\n|\n|upkeep\n|\n|t:|1782802539\n|switch|p2a: Zangoose|Zangoose, L85, F|263/263\n|turn|11\n|\n|t:|1782802547\n|switch|p1a: Pecharunt|Pecharunt, L77|205/262\n|move|p2a: Zangoose|Close Combat|p1a: Pecharunt\n|-immune|p1a: Pecharunt\n|\n|-status|p2a: Zangoose|tox|[from] item: Toxic Orb\n|upkeep\n|turn|12\n|\n|t:|1782802555\n|switch|p2a: Greedent|Greedent, L86, M|347/347\n|move|p1a: Pecharunt|Recover|p1a: Pecharunt\n|-heal|p1a: Pecharunt|262/262\n|\n|upkeep\n|turn|13\n|\n|t:|1782802559\n|move|p1a: Pecharunt|Malignant Chain|p2a: Greedent\n|-damage|p2a: Greedent|263/347\n|move|p2a: Greedent|Double-Edge|p1a: Pecharunt\n|-immune|p1a: Pecharunt\n|\n|upkeep\n|turn|14\n|\n|t:|1782802565\n|move|p1a: Pecharunt|Malignant Chain|p2a: Greedent\n|-damage|p2a: Greedent|172/347\n|-enditem|p2a: Greedent|Sitrus Berry|[eat]\n|-heal|p2a: Greedent|258/347|[from] item: Sitrus Berry\n|-heal|p2a: Greedent|347/347|[from] ability: Cheek Pouch\n|move|p2a: Greedent|Swords Dance|p2a: Greedent\n|-boost|p2a: Greedent|atk|2\n|\n|upkeep\n|turn|15\n|\n|t:|1782802574\n|move|p1a: Pecharunt|Parting Shot|p2a: Greedent\n|-unboost|p2a: Greedent|atk|1\n|-unboost|p2a: Greedent|spa|1\n|\n|t:|1782802582\n|switch|p1a: Uxie|Uxie, L83|189/260|[from] Parting Shot\n|move|p2a: Greedent|Earthquake|p1a: Uxie\n|-immune|p1a: Uxie|[from] ability: Levitate\n|\n|-heal|p1a: Uxie|205/260|[from] item: Leftovers\n|upkeep\n|turn|16\n|\n|t:|1782802591\n|move|p1a: Uxie|Encore|p2a: Greedent\n|-start|p2a: Greedent|Encore\n|move|p2a: Greedent|Earthquake|p1a: Uxie\n|-immune|p1a: Uxie|[from] ability: Levitate\n|\n|-heal|p1a: Uxie|221/260|[from] item: Leftovers\n|upkeep\n|turn|17\n|\n|t:|1782802598\n|switch|p2a: Morpeko|Morpeko, L88, F|245/245\n|move|p1a: Uxie|Psychic Noise|p2a: Morpeko\n|-immune|p2a: Morpeko\n|\n|-heal|p1a: Uxie|237/260|[from] item: Leftovers\n|-formechange|p2a: Morpeko|Morpeko-Hangry||[from] ability: Hunger Switch\n|upkeep\n|turn|18\n|inactive|16NAC10 has 120 seconds left.\n|inactive|16NAC10 has 90 seconds left.\n|\n|t:|1782802661\n|switch|p1a: Probopass|Probopass, L91, M|257/257\n|move|p2a: Morpeko|Knock Off|p1a: Probopass\n|-damage|p1a: Probopass|190/257\n|-enditem|p1a: Probopass|Chesto Berry|[from] move: Knock Off|[of] p2a: Morpeko\n|\n|-formechange|p2a: Morpeko|Morpeko||[from] ability: Hunger Switch\n|upkeep\n|turn|19\n|\n|t:|1782802667\n|switch|p2a: Okidogi|Okidogi, L77, M|165/262\n|move|p1a: Probopass|Iron Defense|p1a: Probopass\n|-boost|p1a: Probopass|def|2\n|\n|upkeep\n|turn|20\n|inactive|16NAC10 has 90 seconds left.\n|\n|t:|1782802684\n|-terastallize|p1a: Probopass|Fighting\n|move|p2a: Okidogi|Drain Punch|p1a: Probopass\n|-damage|p1a: Probopass|165/257\n|-heal|p2a: Okidogi|178/262|[from] drain|[of] p1a: Probopass\n|-status|p1a: Probopass|tox|[from] ability: Toxic Chain|[of] p2a: Okidogi\n|move|p1a: Probopass|Iron Defense|p1a: Probopass\n|-boost|p1a: Probopass|def|2\n|\n|-damage|p1a: Probopass|149/257 tox|[from] psn\n|upkeep\n|turn|21\n|\n|t:|1782802693\n|move|p2a: Okidogi|Gunk Shot|p1a: Probopass|[miss]\n|-miss|p2a: Okidogi|p1a: Probopass\n|move|p1a: Probopass|Iron Defense|p1a: Probopass\n|-boost|p1a: Probopass|def|2\n|\n|-damage|p1a: Probopass|117/257 tox|[from] psn\n|upkeep\n|turn|22\n|\n|t:|1782802696\n|move|p2a: Okidogi|Gunk Shot|p1a: Probopass\n|-damage|p1a: Probopass|98/257 tox\n|move|p1a: Probopass|Rest|p1a: Probopass\n|-status|p1a: Probopass|slp|[from] move: Rest\n|-heal|p1a: Probopass|257/257 slp|[silent]\n|\n|upkeep\n|turn|23\n|\n|t:|1782802700\n|switch|p2a: Frosmoth|Frosmoth, L82, M|249/249\n|cant|p1a: Probopass|slp\n|\n|upkeep\n|turn|24\n|inactive|16NAC10 has 120 seconds left.\n|\n|t:|1782802714\n|switch|p1a: Quaquaval|Quaquaval, L79, M|264/264\n|move|p2a: Frosmoth|Ice Beam|p1a: Quaquaval\n|-resisted|p1a: Quaquaval\n|-damage|p1a: Quaquaval|195/264\n|\n|-heal|p1a: Quaquaval|211/264|[from] item: Leftovers\n|upkeep\n|turn|25\n|inactive|16NAC10 has 120 seconds left.\n|\n|t:|1782802724\n|move|p1a: Quaquaval|Aqua Step|p2a: Frosmoth\n|-damage|p2a: Frosmoth|134/249\n|-boost|p1a: Quaquaval|spe|1\n|move|p2a: Frosmoth|Giga Drain|p1a: Quaquaval\n|-supereffective|p1a: Quaquaval\n|-damage|p1a: Quaquaval|69/264\n|-heal|p2a: Frosmoth|205/249|[from] drain|[of] p1a: Quaquaval\n|\n|-heal|p1a: Quaquaval|85/264|[from] item: Leftovers\n|upkeep\n|turn|26\n|inactive|16NAC10 has 120 seconds left.\n|\n|t:|1782802740\n|move|p1a: Quaquaval|Close Combat|p2a: Frosmoth\n|-damage|p2a: Frosmoth|21/249\n|-unboost|p1a: Quaquaval|def|1\n|-unboost|p1a: Quaquaval|spd|1\n|move|p2a: Frosmoth|Giga Drain|p1a: Quaquaval\n|-supereffective|p1a: Quaquaval\n|-damage|p1a: Quaquaval|0 fnt\n|-heal|p2a: Frosmoth|64/249|[from] drain|[of] p1a: Quaquaval\n|faint|p1a: Quaquaval\n|\n|upkeep\n|\n|t:|1782802750\n|switch|p1a: Baxcalibur|Baxcalibur, L75, M|107/295\n|turn|27\n|inactive|16NAC10 has 120 seconds left.\n|\n|t:|1782802772\n|move|p1a: Baxcalibur|Glaive Rush|p2a: Frosmoth\n|-damage|p2a: Frosmoth|0 fnt\n|-singlemove|p1a: Baxcalibur|Glaive Rush|[silent]\n|faint|p2a: Frosmoth\n|\n|upkeep\n|\n|t:|1782802778\n|switch|p2a: Morpeko|Morpeko, L88, F|245/245\n|turn|28\n|inactive|16NAC10 has 120 seconds left.\n|\n|t:|1782802799\n|switch|p1a: Regieleki|Regieleki, L79|256/256\n|move|p2a: Morpeko|Knock Off|p1a: Regieleki\n|-damage|p1a: Regieleki|73/256\n|-enditem|p1a: Regieleki|Magnet|[from] move: Knock Off|[of] p2a: Morpeko\n|\n|-formechange|p2a: Morpeko|Morpeko-Hangry||[from] ability: Hunger Switch\n|upkeep\n|turn|29\n|inactive|16NAC10 has 120 seconds left.\n|\n|t:|1782802812\n|move|p2a: Morpeko|Protect|p2a: Morpeko\n|-singleturn|p2a: Morpeko|Protect\n|move|p1a: Regieleki|Thunderbolt|p2a: Morpeko\n|-activate|p2a: Morpeko|move: Protect\n|\n|-formechange|p2a: Morpeko|Morpeko||[from] ability: Hunger Switch\n|upkeep\n|turn|30\n|\n|t:|1782802818\n|move|p1a: Regieleki|Thunderbolt|p2a: Morpeko\n|-resisted|p2a: Morpeko\n|-damage|p2a: Morpeko|178/245\n|move|p2a: Morpeko|Knock Off|p1a: Regieleki\n|-damage|p1a: Regieleki|0 fnt\n|faint|p1a: Regieleki\n|\n|-heal|p2a: Morpeko|193/245|[from] item: Leftovers\n|-formechange|p2a: Morpeko|Morpeko-Hangry||[from] ability: Hunger Switch\n|upkeep\n|\n|t:|1782802827\n|switch|p1a: Probopass|Probopass, L91, M, tera:Fighting|257/257 slp\n|turn|31\n|\n|t:|1782802832\n|switch|p2a: Zangoose|Zangoose, L85, F|263/263 tox\n|cant|p1a: Probopass|slp\n|\n|-damage|p2a: Zangoose|247/263 tox|[from] psn\n|upkeep\n|turn|32\n|\n|t:|1782802839\n|switch|p1a: Pecharunt|Pecharunt, L77|262/262\n|-terastallize|p2a: Zangoose|Normal\n|move|p2a: Zangoose|Facade|p1a: Pecharunt\n|-immune|p1a: Pecharunt\n|\n|-damage|p2a: Zangoose|215/263 tox|[from] psn\n|upkeep\n|turn|33\n|\n|t:|1782802847\n|switch|p2a: Okidogi|Okidogi, L77, M|178/262\n|move|p1a: Pecharunt|Malignant Chain|p2a: Okidogi\n|-resisted|p2a: Okidogi\n|-damage|p2a: Okidogi|149/262\n|\n|upkeep\n|turn|34\n|\n|t:|1782802856\n|move|p1a: Pecharunt|Shadow Ball|p2a: Okidogi\n|-damage|p2a: Okidogi|98/262\n|move|p2a: Okidogi|Knock Off|p1a: Pecharunt\n|-supereffective|p1a: Pecharunt\n|-damage|p1a: Pecharunt|198/262\n|\n|upkeep\n|turn|35\n|\n|t:|1782802863\n|move|p1a: Pecharunt|Parting Shot|p2a: Okidogi\n|-unboost|p2a: Okidogi|atk|1\n|-unboost|p2a: Okidogi|spa|1\n|\n|t:|1782802867\n|switch|p1a: Baxcalibur|Baxcalibur, L75, M|107/295|[from] Parting Shot\n|move|p2a: Okidogi|High Horsepower|p1a: Baxcalibur\n|-damage|p1a: Baxcalibur|57/295\n|\n|upkeep\n|turn|36\n|\n|t:|1782802877\n|move|p1a: Baxcalibur|Glaive Rush|p2a: Okidogi\n|-damage|p2a: Okidogi|0 fnt\n|-singlemove|p1a: Baxcalibur|Glaive Rush|[silent]\n|faint|p2a: Okidogi\n|\n|upkeep\n|-message|Blooodfooort forfeited.\n|\n|win|16NAC10\n", "inputlog": ">version f8ac14003a5f27e1bdc8d8c59608a773c1cb96e5\n>start {\"formatid\":\"gen9randombattle\",\"seed\":\"sodium,7eb116a570e0296bd63ad5ee222c600a\",\"rated\":\"Rated battle\"}\n>player p1 {\"name\":\"16NAC10\",\"avatar\":\"169\",\"rating\":2095,\"seed\":\"sodium,1b5152ea446c78cee2b2b25ba36814dd\"}\n>player p2 {\"name\":\"Blooodfooort\",\"avatar\":\"266\",\"rating\":2161,\"seed\":\"sodium,c9d9e394a70fba0624e95b7664d632cf\"}\n>p1 switch 4\n>p2 move drainpunch\n>p1 move shadowball\n>p2 move knockoff\n>p1 move recover\n>p2 move highhorsepower\n>p1 move shadowball\n>p2 move highhorsepower\n>p1 move recover\n>p2 switch 4\n>p1 switch 2\n>p2 move encore\n>p1 move knockoff\n>p2 move hydropump\n>p1 move yawn\n>p2 move encore\n>p1 switch 4\n>p2 move hydropump\n>p1 move glaiverush\n>p2 move alluringvoice\n>p2 switch 5\n>p1 switch 2\n>p2 move closecombat\n>p1 move recover\n>p2 switch 3\n>p1 move malignantchain\n>p2 move doubleedge\n>p1 move malignantchain\n>p2 move swordsdance\n>p1 move partingshot\n>p2 move earthquake\n>p1 switch 4\n>p1 move encore\n>p2 move knockoff\n>p1 move psychicnoise\n>p2 switch 6\n>p1 switch 6\n>p2 move knockoff\n>p1 move irondefense\n>p2 switch 4\n>p1 move irondefense terastallize\n>p2 move drainpunch\n>p1 move irondefense\n>p2 move gunkshot\n>p1 move rest\n>p2 move gunkshot\n>p1 move flashcannon\n>p2 switch 2\n>p1 switch 5\n>p2 move icebeam\n>p1 move aquastep\n>p2 move gigadrain\n>p1 move closecombat\n>p2 move gigadrain\n>p1 switch 2\n>p1 move glaiverush\n>p2 move icebeam\n>p2 switch 4\n>p1 switch 3\n>p2 move knockoff\n>p1 move thunderbolt\n>p2 move protect\n>p1 move thunderbolt\n>p2 move knockoff\n>p1 switch 5\n>p1 move irondefense\n>p2 switch 3\n>p1 switch 4\n>p2 move facade terastallize\n>p1 move malignantchain\n>p2 switch 2\n>p1 move shadowball\n>p2 move knockoff\n>p1 move partingshot\n>p2 move highhorsepower\n>p1 switch 3\n>p1 move glaiverush\n>p2 move drainpunch\n>forcelose p2", "uploadtime": 1782802424, "views": 3, "formatid": "gen9randombattle", "rating": null, "private": 0, "password": null, "player_dets": [{"name": "16NAC10", "avatar": "169", "rating": 2095, "seed": "sodium,1b5152ea446c78cee2b2b25ba36814dd"}, {"name": "Blooodfooort", "avatar": "266", "rating": 2161, "seed": "sodium,c9d9e394a70fba0624e95b7664d632cf"}], "teams_full": [{"Baxcalibur": {"name": "Baxcalibur", "species": "Baxcalibur", "speciesId": "baxcalibur", "gender": "M", "shiny": false, "level": 75, "moves": ["glaiverush", "iceshard", "iciclecrash", "earthquake"], "ability": "Thermal Exchange", "evs": {"hp": 81, "atk": 85, "def": 85, "spa": 85, "spd": 85, "spe": 85}, "ivs": {"hp": 31, "atk": 31, "def": 31, "spa": 31, "spd": 31, "spe": 31}, "item": "Choice Band", "teraType": "Dragon", "role": "Fast Attacker", "bvs": {"hp": 115, "atk": 145, "def": 92, "spa": 75, "spd": 86, "spe": 87}, "stats": {"hp": 295, "atk": 261, "def": 182, "spa": 156, "spd": 173, "spe": 174}, "types": ["Dragon", "Ice"]}, "Uxie": {"name": "Uxie", "species": "Uxie", "speciesId": "uxie", "gender": "N", "shiny": false, "level": 83, "moves": ["yawn", "psychicnoise", "knockoff", "encore"], "ability": "Levitate", "evs": {"hp": 85, "atk": 85, "def": 85, "spa": 85, "spd": 85, "spe": 85}, "ivs": {"hp": 31, "atk": 31, "def": 31, "spa": 31, "spd": 31, "spe": 31}, "item": "Leftovers", "teraType": "Dark", "role": "Bulky Support", "bvs": {"hp": 75, "atk": 75, "def": 130, "spa": 75, "spd": 130, "spe": 95}, "stats": {"hp": 260, "atk": 172, "def": 263, "spa": 172, "spd": 263, "spe": 205}, "types": ["Psychic"]}, "Regieleki": {"name": "Regieleki", "species": "Regieleki", "speciesId": "regieleki", "gender": "N", "shiny": false, "level": 79, "moves": ["rapidspin", "thunderbolt", "voltswitch", "terablast"], "ability": "Transistor", "evs": {"hp": 85, "atk": 85, "def": 85, "spa": 85, "spd": 85, "spe": 85}, "ivs": {"hp": 31, "atk": 31, "def": 31, "spa": 31, "spd": 31, "spe": 31}, "item": "Magnet", "teraType": "Ice", "role": "Tera Blast user", "bvs": {"hp": 80, "atk": 100, "def": 50, "spa": 100, "spd": 50, "spe": 200}, "stats": {"hp": 256, "atk": 204, "def": 125, "spa": 204, "spd": 125, "spe": 362}, "types": ["Electric"]}, "Pecharunt": {"name": "Pecharunt", "species": "Pecharunt", "speciesId": "pecharunt", "gender": "N", "shiny": false, "level": 77, "moves": ["malignantchain", "recover", "partingshot", "shadowball"], "ability": "Poison Puppeteer", "evs": {"hp": 85, "atk": 0, "def": 85, "spa": 85, "spd": 85, "spe": 85}, "ivs": {"hp": 31, "atk": 0, "def": 31, "spa": 31, "spd": 31, "spe": 31}, "item": "Leftovers", "teraType": "Dark", "role": "Bulky Attacker", "bvs": {"hp": 88, "atk": 88, "def": 160, "spa": 88, "spd": 88, "spe": 88}, "stats": {"hp": 262, "atk": 140, "def": 291, "spa": 180, "spd": 180, "spe": 180}, "types": ["Poison", "Ghost"]}, "Quaquaval": {"name": "Quaquaval", "species": "Quaquaval", "speciesId": "quaquaval", "gender": "M", "shiny": false, "level": 79, "moves": ["aquastep", "roost", "swordsdance", "closecombat"], "ability": "Moxie", "evs": {"hp": 85, "atk": 85, "def": 85, "spa": 85, "spd": 85, "spe": 85}, "ivs": {"hp": 31, "atk": 31, "def": 31, "spa": 31, "spd": 31, "spe": 31}, "item": "Leftovers", "teraType": "Steel", "role": "Bulky Attacker", "bvs": {"hp": 85, "atk": 120, "def": 80, "spa": 85, "spd": 75, "spe": 85}, "stats": {"hp": 264, "atk": 235, "def": 172, "spa": 180, "spd": 164, "spe": 180}, "types": ["Water", "Fighting"]}, "Probopass": {"name": "Probopass", "species": "Probopass", "speciesId": "probopass", "gender": "M", "shiny": false, "level": 91, "moves": ["bodypress", "flashcannon", "irondefense", "rest"], "ability": "Magnet Pull", "evs": {"hp": 85, "atk": 0, "def": 85, "spa": 85, "spd": 85, "spe": 85}, "ivs": {"hp": 31, "atk": 0, "def": 31, "spa": 31, "spd": 31, "spe": 31}, "item": "Chesto Berry", "teraType": "Fighting", "role": "Bulky Setup", "bvs": {"hp": 60, "atk": 55, "def": 145, "spa": 75, "spd": 150, "spe": 40}, "stats": {"hp": 257, "atk": 105, "def": 316, "spa": 188, "spd": 325, "spe": 125}, "types": ["Rock", "Steel"]}}, {"Okidogi": {"name": "Okidogi", "species": "Okidogi", "speciesId": "okidogi", "gender": "M", "shiny": false, "level": 77, "moves": ["gunkshot", "knockoff", "drainpunch", "highhorsepower"], "ability": "Toxic Chain", "evs": {"hp": 85, "atk": 85, "def": 85, "spa": 85, "spd": 85, "spe": 85}, "ivs": {"hp": 31, "atk": 31, "def": 31, "spa": 31, "spd": 31, "spe": 31}, "item": "Assault Vest", "teraType": "Dark", "role": "AV Pivot", "bvs": {"hp": 88, "atk": 128, "def": 115, "spa": 58, "spd": 86, "spe": 80}, "stats": {"hp": 262, "atk": 242, "def": 222, "spa": 134, "spd": 177, "spe": 168}, "types": ["Poison", "Fighting"]}, "Frosmoth": {"name": "Frosmoth", "species": "Frosmoth", "speciesId": "frosmoth", "gender": "M", "shiny": false, "level": 82, "moves": ["bugbuzz", "gigadrain", "icebeam", "quiverdance"], "ability": "Ice Scales", "evs": {"hp": 85, "atk": 0, "def": 85, "spa": 85, "spd": 85, "spe": 85}, "ivs": {"hp": 31, "atk": 0, "def": 31, "spa": 31, "spd": 31, "spe": 31}, "item": "Heavy-Duty Boots", "teraType": "Water", "role": "Setup Sweeper", "bvs": {"hp": 70, "atk": 65, "def": 60, "spa": 125, "spd": 90, "spe": 65}, "stats": {"hp": 249, "atk": 111, "def": 146, "spa": 252, "spd": 195, "spe": 154}, "types": ["Ice", "Bug"]}, "Greedent": {"name": "Greedent", "species": "Greedent", "speciesId": "greedent", "gender": "M", "shiny": false, "level": 86, "moves": ["knockoff", "earthquake", "swordsdance", "doubleedge"], "ability": "Cheek Pouch", "evs": {"hp": 85, "atk": 85, "def": 85, "spa": 85, "spd": 85, "spe": 85}, "ivs": {"hp": 31, "atk": 31, "def": 31, "spa": 31, "spd": 31, "spe": 31}, "item": "Sitrus Berry", "teraType": "Ground", "role": "Bulky Setup", "bvs": {"hp": 120, "atk": 95, "def": 95, "spa": 55, "spd": 75, "spe": 20}, "stats": {"hp": 347, "atk": 213, "def": 213, "spa": 144, "spd": 178, "spe": 84}, "types": ["Normal"]}, "Lumineon": {"name": "Lumineon", "species": "Lumineon", "speciesId": "lumineon", "gender": "F", "shiny": false, "level": 93, "moves": ["encore", "alluringvoice", "hydropump", "icebeam"], "ability": "Storm Drain", "evs": {"hp": 85, "atk": 0, "def": 85, "spa": 85, "spd": 85, "spe": 85}, "ivs": {"hp": 31, "atk": 0, "def": 31, "spa": 31, "spd": 31, "spe": 31}, "item": "Life Orb", "teraType": "Fairy", "role": "Fast Attacker", "bvs": {"hp": 69, "atk": 69, "def": 76, "spa": 69, "spd": 86, "spe": 91}, "stats": {"hp": 279, "atk": 133, "def": 194, "spa": 181, "spd": 213, "spe": 222}, "types": ["Water"]}, "Zangoose": {"name": "Zangoose", "species": "Zangoose", "speciesId": "zangoose", "gender": "F", "shiny": false, "level": 85, "moves": ["knockoff", "closecombat", "facade", "quickattack"], "ability": "Toxic Boost", "evs": {"hp": 85, "atk": 85, "def": 85, "spa": 85, "spd": 85, "spe": 85}, "ivs": {"hp": 31, "atk": 31, "def": 31, "spa": 31, "spd": 31, "spe": 31}, "item": "Toxic Orb", "teraType": "Normal", "role": "Fast Attacker", "bvs": {"hp": 73, "atk": 115, "def": 60, "spa": 60, "spd": 60, "spe": 90}, "stats": {"hp": 263, "atk": 244, "def": 151, "spa": 151, "spd": 151, "spe": 202}, "types": ["Normal"]}, "Morpeko": {"name": "Morpeko", "species": "Morpeko", "speciesId": "morpeko", "gender": "F", "shiny": false, "level": 88, "moves": ["aurawheel", "knockoff", "rapidspin", "protect"], "ability": "Hunger Switch", "evs": {"hp": 85, "atk": 85, "def": 85, "spa": 85, "spd": 85, "spe": 85}, "ivs": {"hp": 31, "atk": 31, "def": 31, "spa": 31, "spd": 31, "spe": 31}, "item": "Leftovers", "teraType": "Electric", "role": "Bulky Attacker", "bvs": {"hp": 58, "atk": 95, "def": 58, "spa": 70, "spd": 58, "spe": 97}, "stats": {"hp": 245, "atk": 217, "def": 152, "spa": 173, "spd": 152, "spe": 221}, "types": ["Electric", "Dark"]}}]}