{"id": "gen9randombattle-2641548445", "format": "[Gen 9] Random Battle", "players": ["WinAtWork", "ennard1"], "log": "|j|\u2606WinAtWork\n|j|\u2606ennard1\n|t:|1782805584\n|gametype|singles\n|player|p1|WinAtWork|waiter-gen4|1128\n|player|p2|ennard1|lucas|1153\n|gen|9\n|tier|[Gen 9] Random Battle\n|rated|\n|rule|Species Clause: Limit one of each Pok\u00e9mon\n|rule|HP Percentage Mod: HP is shown in percentages\n|rule|Sleep Clause Mod: Limit one foe put to sleep\n|rule|Illusion Level Mod: Illusion disguises the Pok\u00e9mon's true level\n|\n|t:|1782805584\n|teamsize|p1|6\n|teamsize|p2|6\n|start\n|switch|p1a: Oricorio|Oricorio-Pa'u, L87, M|272/272\n|switch|p2a: Skuntank|Skuntank, L84, F|310/310\n|turn|1\n|\n|t:|1782805604\n|switch|p1a: Klefki|Klefki, L84, F|233/233\n|move|p2a: Skuntank|Sucker Punch||[still]\n|-fail|p2a: Skuntank\n|\n|upkeep\n|turn|2\n|\n|t:|1782805620\n|move|p1a: Klefki|Magnet Rise|p1a: Klefki\n|-start|p1a: Klefki|Magnet Rise\n|move|p2a: Skuntank|Toxic Spikes|p1a: Klefki\n|-sidestart|p1: WinAtWork|move: Toxic Spikes\n|\n|upkeep\n|turn|3\n|\n|t:|1782805627\n|move|p1a: Klefki|Thunder Wave|p2a: Skuntank\n|-hint|Since gen 7, Dark is immune to Prankster moves.\n|-immune|p2a: Skuntank\n|move|p2a: Skuntank|Knock Off|p1a: Klefki\n|-resisted|p1a: Klefki\n|-damage|p1a: Klefki|185/233\n|-enditem|p1a: Klefki|Leftovers|[from] move: Knock Off|[of] p2a: Skuntank\n|\n|upkeep\n|turn|4\n|\n|t:|1782805637\n|move|p1a: Klefki|Spikes|p2a: Skuntank\n|-sidestart|p2: ennard1|Spikes\n|move|p2a: Skuntank|Toxic Spikes|p1a: Klefki\n|-sidestart|p1: WinAtWork|move: Toxic Spikes\n|\n|upkeep\n|turn|5\n|\n|t:|1782805643\n|move|p1a: Klefki|Spikes|p2a: Skuntank\n|-sidestart|p2: ennard1|Spikes\n|move|p2a: Skuntank|Toxic Spikes||[still]\n|-fail|p2a: Skuntank\n|\n|upkeep\n|turn|6\n|\n|t:|1782805677\n|switch|p2a: Ho-Oh|Ho-Oh, L71|268/268\n|move|p1a: Klefki|Spikes|p2a: Ho-Oh\n|-sidestart|p2: ennard1|Spikes\n|\n|-end|p1a: Klefki|Magnet Rise\n|upkeep\n|turn|7\n|\n|t:|1782805683\n|move|p1a: Klefki|Thunder Wave|p2a: Ho-Oh\n|-status|p2a: Ho-Oh|par\n|cant|p2a: Ho-Oh|par\n|\n|upkeep\n|turn|8\n|l|\u2606ennard1\n|player|p2|\n|inactive|Battle timer is ON: inactive players will automatically lose when time's up. (requested by WinAtWork)\n|inactive|ennard1 has 30 seconds to reconnect!\n|inactive|ennard1 has 20 seconds to reconnect!\n|inactive|ennard1 has 15 seconds to reconnect!\n|inactive|ennard1 has 10 seconds to reconnect!\n|inactive|ennard1 has 5 seconds to reconnect!\n|-message|ennard1 lost due to inactivity.\n|\n|win|WinAtWork\n|raw|WinAtWork's rating: 1128 &rarr; <strong>1155</strong><br />(+27 for winning)\n|raw|ennard1's rating: 1153 &rarr; <strong>1126</strong><br />(-27 for losing)\n", "inputlog": ">version f8ac14003a5f27e1bdc8d8c59608a773c1cb96e5\n>start {\"formatid\":\"gen9randombattle\",\"seed\":\"sodium,92c9bf3dd1d15f9090a83bfd73742881\",\"rated\":\"Rated battle\"}\n>player p1 {\"name\":\"WinAtWork\",\"avatar\":\"waiter-gen4\",\"rating\":1128,\"seed\":\"sodium,70e045c3cbb57fdadfd04e82789b2bfa\"}\n>player p2 {\"name\":\"ennard1\",\"avatar\":\"lucas\",\"rating\":1153,\"seed\":\"sodium,b6ad5abdc1cfe10c0b021194b7b87c0c\"}\n>p1 switch 2\n>p2 move suckerpunch\n>p1 move magnetrise\n>p2 move toxicspikes\n>p1 move thunderwave\n>p2 move knockoff\n>p1 move spikes\n>p2 move toxicspikes\n>p1 move spikes\n>p2 move toxicspikes\n>p1 move spikes\n>p2 switch 4\n>p1 move thunderwave\n>p2 move sacredfire\n>forcelose p2", "uploadtime": 1782805783, "views": 4, "formatid": "gen9randombattle", "rating": 1126, "private": 0, "password": null, "player_dets": [{"name": "WinAtWork", "avatar": "waiter-gen4", "rating": 1128, "seed": "sodium,70e045c3cbb57fdadfd04e82789b2bfa"}, {"name": "ennard1", "avatar": "lucas", "rating": 1153, "seed": "sodium,b6ad5abdc1cfe10c0b021194b7b87c0c"}], "teams_full": [{"Oricorio": {"name": "Oricorio", "species": "Oricorio-Pa'u", "speciesId": "oricoriopau", "gender": "M", "shiny": false, "level": 87, "moves": ["quiverdance", "revelationdance", "hurricane", "roost"], "ability": "Dancer", "evs": {"hp": 85, "atk": 0, "def": 85, "spa": 85, "spd": 85, "spe": 85}, "ivs": {"hp": 31, "atk": 0, "def": 31, "spa": 31, "spd": 31, "spe": 31}, "item": "Heavy-Duty Boots", "teraType": "Ground", "role": "Setup Sweeper", "bvs": {"hp": 75, "atk": 70, "def": 70, "spa": 98, "spd": 70, "spe": 93}, "stats": {"hp": 272, "atk": 126, "def": 172, "spa": 220, "spd": 172, "spe": 212}, "types": ["Psychic", "Flying"]}, "Klefki": {"name": "Klefki", "species": "Klefki", "speciesId": "klefki", "gender": "F", "shiny": false, "level": 84, "moves": ["thunderwave", "playrough", "magnetrise", "spikes"], "ability": "Prankster", "evs": {"hp": 85, "atk": 85, "def": 85, "spa": 85, "spd": 85, "spe": 85}, "ivs": {"hp": 31, "atk": 31, "def": 31, "spa": 31, "spd": 31, "spe": 31}, "item": "Leftovers", "teraType": "Water", "role": "Bulky Support", "bvs": {"hp": 57, "atk": 80, "def": 91, "spa": 80, "spd": 87, "spe": 75}, "stats": {"hp": 233, "atk": 183, "def": 201, "spa": 183, "spd": 194, "spe": 174}, "types": ["Steel", "Fairy"]}, "Iron Boulder": {"name": "Iron Boulder", "species": "Iron Boulder", "speciesId": "ironboulder", "gender": "N", "shiny": false, "level": 77, "moves": ["mightycleave", "swordsdance", "closecombat", "zenheadbutt"], "ability": "Quark Drive", "evs": {"hp": 85, "atk": 85, "def": 85, "spa": 85, "spd": 85, "spe": 85}, "ivs": {"hp": 31, "atk": 31, "def": 31, "spa": 31, "spd": 31, "spe": 31}, "item": "Booster Energy", "teraType": "Fighting", "role": "Fast Bulky Setup", "bvs": {"hp": 90, "atk": 120, "def": 80, "spa": 68, "spd": 108, "spe": 124}, "stats": {"hp": 265, "atk": 229, "def": 168, "spa": 149, "spd": 211, "spe": 236}, "types": ["Rock", "Psychic"]}, "Electivire": {"name": "Electivire", "species": "Electivire", "speciesId": "electivire", "gender": "M", "shiny": false, "level": 84, "moves": ["icepunch", "bulkup", "earthquake", "supercellslam"], "ability": "Motor Drive", "evs": {"hp": 85, "atk": 85, "def": 85, "spa": 85, "spd": 85, "spe": 85}, "ivs": {"hp": 31, "atk": 31, "def": 31, "spa": 31, "spd": 31, "spe": 31}, "item": "Life Orb", "teraType": "Ground", "role": "Setup Sweeper", "bvs": {"hp": 75, "atk": 123, "def": 67, "spa": 95, "spd": 85, "spe": 95}, "stats": {"hp": 263, "atk": 255, "def": 161, "spa": 208, "spd": 191, "spe": 208}, "types": ["Electric"]}, "Araquanid": {"name": "Araquanid", "species": "Araquanid", "speciesId": "araquanid", "gender": "M", "shiny": false, "level": 82, "moves": ["leechlife", "hydropump", "liquidation", "stickyweb"], "ability": "Water Bubble", "evs": {"hp": 85, "atk": 85, "def": 85, "spa": 85, "spd": 85, "spe": 85}, "ivs": {"hp": 31, "atk": 31, "def": 31, "spa": 31, "spd": 31, "spe": 31}, "item": "Heavy-Duty Boots", "teraType": "Steel", "role": "Bulky Attacker", "bvs": {"hp": 68, "atk": 70, "def": 92, "spa": 50, "spd": 132, "spe": 42}, "stats": {"hp": 246, "atk": 162, "def": 198, "spa": 129, "spd": 264, "spe": 116}, "types": ["Water", "Bug"]}, "Scyther": {"name": "Scyther", "species": "Scyther", "speciesId": "scyther", "gender": "F", "shiny": false, "level": 82, "moves": ["closecombat", "uturn", "dualwingbeat", "defog"], "ability": "Technician", "evs": {"hp": 85, "atk": 85, "def": 85, "spa": 85, "spd": 85, "spe": 85}, "ivs": {"hp": 31, "atk": 31, "def": 31, "spa": 31, "spd": 31, "spe": 31}, "item": "Heavy-Duty Boots", "teraType": "Fighting", "role": "Fast Support", "bvs": {"hp": 70, "atk": 110, "def": 80, "spa": 55, "spd": 80, "spe": 105}, "stats": {"hp": 249, "atk": 228, "def": 178, "spa": 137, "spd": 178, "spe": 219}, "types": ["Bug", "Flying"]}}, {"Skuntank": {"name": "Skuntank", "species": "Skuntank", "speciesId": "skuntank", "gender": "F", "shiny": false, "level": 84, "moves": ["toxicspikes", "knockoff", "gunkshot", "suckerpunch"], "ability": "Aftermath", "evs": {"hp": 85, "atk": 85, "def": 85, "spa": 85, "spd": 85, "spe": 85}, "ivs": {"hp": 31, "atk": 31, "def": 31, "spa": 31, "spd": 31, "spe": 31}, "item": "Focus Sash", "teraType": "Poison", "role": "Fast Support", "bvs": {"hp": 103, "atk": 93, "def": 67, "spa": 71, "spd": 61, "spe": 84}, "stats": {"hp": 310, "atk": 204, "def": 161, "spa": 167, "spd": 151, "spe": 189}, "types": ["Poison", "Dark"]}, "Staraptor": {"name": "Staraptor", "species": "Staraptor", "speciesId": "staraptor", "gender": "F", "shiny": false, "level": 79, "moves": ["doubleedge", "quickattack", "closecombat", "bravebird"], "ability": "Reckless", "evs": {"hp": 81, "atk": 85, "def": 85, "spa": 85, "spd": 85, "spe": 85}, "ivs": {"hp": 31, "atk": 31, "def": 31, "spa": 31, "spd": 31, "spe": 31}, "item": "Choice Band", "teraType": "Flying", "role": "Fast Attacker", "bvs": {"hp": 85, "atk": 120, "def": 70, "spa": 50, "spd": 60, "spe": 100}, "stats": {"hp": 263, "atk": 235, "def": 156, "spa": 125, "spd": 140, "spe": 204}, "types": ["Normal", "Flying"]}, "Luvdisc": {"name": "Luvdisc", "species": "Luvdisc", "speciesId": "luvdisc", "gender": "M", "shiny": false, "level": 100, "moves": ["endeavor", "surf", "substitute", "flipturn"], "ability": "Swift Swim", "evs": {"hp": 81, "atk": 85, "def": 85, "spa": 85, "spd": 85, "spe": 85}, "ivs": {"hp": 31, "atk": 31, "def": 31, "spa": 31, "spd": 31, "spe": 31}, "item": "Heavy-Duty Boots", "teraType": "Ground", "role": "Fast Support", "bvs": {"hp": 43, "atk": 30, "def": 55, "spa": 40, "spd": 65, "spe": 97}, "stats": {"hp": 247, "atk": 117, "def": 167, "spa": 137, "spd": 187, "spe": 251}, "types": ["Water"]}, "Ho-Oh": {"name": "Ho-Oh", "species": "Ho-Oh", "speciesId": "hooh", "gender": "N", "shiny": false, "level": 71, "moves": ["earthquake", "bravebird", "recover", "sacredfire"], "ability": "Regenerator", "evs": {"hp": 85, "atk": 85, "def": 85, "spa": 85, "spd": 85, "spe": 85}, "ivs": {"hp": 31, "atk": 31, "def": 31, "spa": 31, "spd": 31, "spe": 31}, "item": "Heavy-Duty Boots", "teraType": "Steel", "role": "Bulky Attacker", "bvs": {"hp": 106, "atk": 130, "def": 90, "spa": 110, "spd": 154, "spe": 90}, "stats": {"hp": 268, "atk": 226, "def": 169, "spa": 198, "spd": 260, "spe": 169}, "types": ["Fire", "Flying"]}, "Pawmot": {"name": "Pawmot", "species": "Pawmot", "speciesId": "pawmot", "gender": "F", "shiny": false, "level": 80, "moves": ["closecombat", "revivalblessing", "nuzzle", "doubleshock"], "ability": "Volt Absorb", "evs": {"hp": 85, "atk": 85, "def": 85, "spa": 85, "spd": 85, "spe": 85}, "ivs": {"hp": 31, "atk": 31, "def": 31, "spa": 31, "spd": 31, "spe": 31}, "item": "Leppa Berry", "teraType": "Electric", "role": "Fast Attacker", "bvs": {"hp": 70, "atk": 115, "def": 70, "spa": 70, "spd": 60, "spe": 105}, "stats": {"hp": 243, "atk": 230, "def": 158, "spa": 158, "spd": 142, "spe": 214}, "types": ["Electric", "Fighting"]}, "Regice": {"name": "Regice", "species": "Regice", "speciesId": "regice", "gender": "N", "shiny": false, "level": 88, "moves": ["icebeam", "thunderwave", "thunderbolt", "bodypress"], "ability": "Clear Body", "evs": {"hp": 85, "atk": 0, "def": 85, "spa": 85, "spd": 85, "spe": 85}, "ivs": {"hp": 31, "atk": 0, "def": 31, "spa": 31, "spd": 31, "spe": 31}, "item": "Heavy-Duty Boots", "teraType": "Electric", "role": "Bulky Attacker", "bvs": {"hp": 80, "atk": 50, "def": 100, "spa": 100, "spd": 200, "spe": 50}, "stats": {"hp": 284, "atk": 93, "def": 226, "spa": 226, "spd": 402, "spe": 138}, "types": ["Ice"]}}]}