{"id": "gen9randombattle-2641238560", "format": "[Gen 9] Random Battle", "players": ["testbotcif", "desire_nlt"], "log": "|j|\u2606testbotcif\n|j|\u2606desire_nlt\n|t:|1782757607\n|gametype|singles\n|player|p1|testbotcif|266|1156\n|player|p2|desire_nlt|2|1147\n|gen|9\n|tier|[Gen 9] Random Battle\n|rated|\n|rule|Species Clause: Limit one of each Pok\u00e9mon\n|rule|HP Percentage Mod: HP is shown in percentages\n|rule|Sleep Clause Mod: Limit one foe put to sleep\n|rule|Illusion Level Mod: Illusion disguises the Pok\u00e9mon's true level\n|\n|t:|1782757607\n|teamsize|p1|6\n|teamsize|p2|6\n|start\n|switch|p1a: Gengar|Gengar, L81, M|230/230\n|switch|p2a: Whimsicott|Whimsicott, L84, F|238/238\n|turn|1\n|inactive|Battle timer is ON: inactive players will automatically lose when time's up. (requested by testbotcif)\n|c|\u2606testbotcif|rlhf\n|\n|t:|1782757618\n|move|p2a: Whimsicott|Stun Spore|p1a: Gengar\n|-status|p1a: Gengar|par\n|move|p1a: Gengar|Sludge Wave|p2a: Whimsicott\n|-supereffective|p2a: Whimsicott\n|-damage|p2a: Whimsicott|0 fnt\n|faint|p2a: Whimsicott\n|-damage|p1a: Gengar|207/230 par|[from] item: Life Orb\n|\n|upkeep\n|\n|t:|1782757637\n|switch|p2a: Heracross|Heracross, L80, F|259/259\n|turn|2\n|\n|t:|1782757642\n|move|p2a: Heracross|Knock Off|p1a: Gengar\n|-supereffective|p1a: Gengar\n|-damage|p1a: Gengar|0 fnt\n|-enditem|p1a: Gengar|Life Orb|[from] move: Knock Off|[of] p2a: Heracross\n|faint|p1a: Gengar\n|-ability|p2a: Heracross|Moxie|boost\n|-boost|p2a: Heracross|atk|1\n|\n|upkeep\n|\n|t:|1782757642\n|switch|p1a: Toxapex|Toxapex, L82, F|216/216\n|turn|3\n|\n|t:|1782757653\n|move|p2a: Heracross|Knock Off|p1a: Toxapex\n|-damage|p1a: Toxapex|108/216\n|-damage|p2a: Heracross|216/259|[from] item: Rocky Helmet|[of] p1a: Toxapex\n|-enditem|p1a: Toxapex|Rocky Helmet|[from] move: Knock Off|[of] p2a: Heracross\n|move|p1a: Toxapex|Toxic|p2a: Heracross\n|-status|p2a: Heracross|tox\n|\n|-damage|p2a: Heracross|200/259 tox|[from] psn\n|upkeep\n|turn|4\n|\n|t:|1782757667\n|move|p2a: Heracross|Knock Off|p1a: Toxapex\n|-damage|p1a: Toxapex|31/216\n|move|p1a: Toxapex|Recover|p1a: Toxapex\n|-heal|p1a: Toxapex|139/216\n|\n|-damage|p2a: Heracross|168/259 tox|[from] psn\n|upkeep\n|turn|5\n|\n|t:|1782757677\n|switch|p2a: Eternatus|Eternatus, L69|308/308\n|-ability|p2a: Eternatus|Pressure\n|move|p1a: Toxapex|Recover|p1a: Toxapex\n|-heal|p1a: Toxapex|216/216\n|\n|upkeep\n|turn|6\n|\n|t:|1782757701\n|move|p2a: Eternatus|Meteor Beam||[still]\n|-prepare|p2a: Eternatus|Meteor Beam\n|-boost|p2a: Eternatus|spa|1\n|-enditem|p2a: Eternatus|Power Herb\n|-anim|p2a: Eternatus|Meteor Beam|p1a: Toxapex\n|-damage|p1a: Toxapex|126/216\n|move|p1a: Toxapex|Liquidation|p2a: Eternatus\n|-resisted|p2a: Eternatus\n|-damage|p2a: Eternatus|272/308\n|\n|upkeep\n|turn|7\n|inactive|desire_nlt has 120 seconds left.\n|\n|t:|1782757725\n|move|p2a: Eternatus|Meteor Beam||[still]\n|-prepare|p2a: Eternatus|Meteor Beam\n|-boost|p2a: Eternatus|spa|1\n|move|p1a: Toxapex|Recover|p1a: Toxapex\n|-heal|p1a: Toxapex|216/216\n|\n|upkeep\n|turn|8\n|\n|t:|1782757733\n|move|p2a: Eternatus|Meteor Beam|p1a: Toxapex|[from] lockedmove\n|-damage|p1a: Toxapex|105/216\n|move|p1a: Toxapex|Liquidation|p2a: Eternatus\n|-resisted|p2a: Eternatus\n|-damage|p2a: Eternatus|239/308\n|\n|upkeep\n|turn|9\n|\n|t:|1782757741\n|move|p2a: Eternatus|Meteor Beam||[still]\n|-prepare|p2a: Eternatus|Meteor Beam\n|-boost|p2a: Eternatus|spa|1\n|move|p1a: Toxapex|Recover|p1a: Toxapex\n|-heal|p1a: Toxapex|213/216\n|\n|upkeep\n|turn|10\n|\n|t:|1782757748\n|move|p2a: Eternatus|Meteor Beam|p1a: Toxapex|[from] lockedmove\n|-damage|p1a: Toxapex|75/216\n|move|p1a: Toxapex|Liquidation|p2a: Eternatus\n|-resisted|p2a: Eternatus\n|-damage|p2a: Eternatus|203/308\n|\n|upkeep\n|turn|11\n|\n|t:|1782757756\n|move|p2a: Eternatus|Meteor Beam||[still]\n|-prepare|p2a: Eternatus|Meteor Beam\n|-boost|p2a: Eternatus|spa|1\n|move|p1a: Toxapex|Recover|p1a: Toxapex\n|-heal|p1a: Toxapex|183/216\n|\n|upkeep\n|turn|12\n|\n|t:|1782757763\n|move|p2a: Eternatus|Meteor Beam|p1a: Toxapex|[from] lockedmove\n|-damage|p1a: Toxapex|12/216\n|move|p1a: Toxapex|Liquidation|p2a: Eternatus\n|-resisted|p2a: Eternatus\n|-damage|p2a: Eternatus|170/308\n|-unboost|p2a: Eternatus|def|1\n|\n|upkeep\n|turn|13\n|\n|t:|1782757773\n|move|p2a: Eternatus|Meteor Beam||[still]\n|-prepare|p2a: Eternatus|Meteor Beam\n|-boost|p2a: Eternatus|spa|1\n|move|p1a: Toxapex|Recover|p1a: Toxapex\n|-heal|p1a: Toxapex|120/216\n|\n|upkeep\n|turn|14\n|\n|t:|1782757780\n|move|p2a: Eternatus|Meteor Beam|p1a: Toxapex|[from] lockedmove|[miss]\n|-miss|p2a: Eternatus|p1a: Toxapex\n|move|p1a: Toxapex|Liquidation|p2a: Eternatus\n|-resisted|p2a: Eternatus\n|-damage|p2a: Eternatus|121/308\n|\n|upkeep\n|turn|15\n|\n|t:|1782757788\n|move|p2a: Eternatus|Meteor Beam||[still]\n|-prepare|p2a: Eternatus|Meteor Beam\n|-boost|p2a: Eternatus|spa|1\n|move|p1a: Toxapex|Liquidation|p2a: Eternatus\n|-resisted|p2a: Eternatus\n|-damage|p2a: Eternatus|71/308\n|\n|upkeep\n|turn|16\n|\n|t:|1782757795\n|move|p2a: Eternatus|Meteor Beam|p1a: Toxapex|[from] lockedmove|[miss]\n|-miss|p2a: Eternatus|p1a: Toxapex\n|move|p1a: Toxapex|Liquidation|p2a: Eternatus\n|-resisted|p2a: Eternatus\n|-damage|p2a: Eternatus|15/308\n|-unboost|p2a: Eternatus|def|1\n|\n|upkeep\n|turn|17\n|\n|t:|1782757806\n|move|p2a: Eternatus|Dynamax Cannon|p1a: Toxapex\n|-damage|p1a: Toxapex|0 fnt\n|faint|p1a: Toxapex\n|\n|upkeep\n|\n|t:|1782757806\n|switch|p1a: Mesprit|Mesprit, L85|275/275\n|turn|18\n|\n|t:|1782757817\n|move|p2a: Eternatus|Sludge Bomb|p1a: Mesprit\n|-damage|p1a: Mesprit|0 fnt\n|faint|p1a: Mesprit\n|\n|upkeep\n|\n|t:|1782757818\n|switch|p1a: Pawmot|Pawmot, L80, F|243/243\n|turn|19\n|\n|t:|1782757830\n|move|p2a: Eternatus|Sludge Bomb|p1a: Pawmot\n|-damage|p1a: Pawmot|0 fnt\n|faint|p1a: Pawmot\n|\n|upkeep\n|\n|t:|1782757830\n|switch|p1a: Luvdisc|Luvdisc, F|247/247\n|turn|20\n|\n|t:|1782757841\n|move|p1a: Luvdisc|Surf|p2a: Eternatus\n|-resisted|p2a: Eternatus\n|-damage|p2a: Eternatus|0 fnt\n|faint|p2a: Eternatus\n|\n|upkeep\n|\n|t:|1782757852\n|switch|p2a: Granbull|Granbull, L88, M|302/302\n|-ability|p2a: Granbull|Intimidate|boost\n|-unboost|p1a: Luvdisc|atk|1\n|turn|21\n|\n|t:|1782757857\n|move|p1a: Luvdisc|Surf|p2a: Granbull\n|-damage|p2a: Granbull|215/302\n|move|p2a: Granbull|Thunder Wave|p1a: Luvdisc\n|-status|p1a: Luvdisc|par\n|\n|-heal|p2a: Granbull|233/302|[from] item: Leftovers\n|upkeep\n|turn|22\n|\n|t:|1782757867\n|move|p1a: Luvdisc|Surf|p2a: Granbull\n|-damage|p2a: Granbull|139/302\n|move|p2a: Granbull|Roar|p1a: Luvdisc\n|drag|p1a: Leavanny|Leavanny, L86, M|269/269\n|\n|-heal|p2a: Granbull|157/302|[from] item: Leftovers\n|upkeep\n|turn|23\n|\n|t:|1782757876\n|move|p1a: Leavanny|Bullet Seed|p2a: Granbull\n|-damage|p2a: Granbull|127/302\n|-damage|p2a: Granbull|93/302\n|-damage|p2a: Granbull|62/302\n|-damage|p2a: Granbull|29/302\n|-damage|p2a: Granbull|0 fnt\n|faint|p2a: Granbull\n|-hitcount|p2: Granbull|5\n|\n|upkeep\n|\n|t:|1782757890\n|switch|p2a: Maushold|Maushold, L76|238/238\n|turn|24\n|\n|t:|1782757902\n|-terastallize|p1a: Leavanny|Rock\n|move|p2a: Maushold|Bite|p1a: Leavanny\n|-damage|p1a: Leavanny|225/269\n|move|p1a: Leavanny|Bullet Seed|p2a: Maushold\n|-damage|p2a: Maushold|202/238\n|-damage|p2a: Maushold|165/238\n|-damage|p2a: Maushold|125/238\n|-damage|p2a: Maushold|86/238\n|-hitcount|p2a: Maushold|4\n|\n|upkeep\n|turn|25\n|\n|t:|1782757931\n|move|p2a: Maushold|Population Bomb|p1a: Leavanny\n|-resisted|p1a: Leavanny\n|-damage|p1a: Leavanny|212/269\n|-resisted|p1a: Leavanny\n|-damage|p1a: Leavanny|200/269\n|-resisted|p1a: Leavanny\n|-damage|p1a: Leavanny|189/269\n|-resisted|p1a: Leavanny\n|-damage|p1a: Leavanny|177/269\n|-resisted|p1a: Leavanny\n|-damage|p1a: Leavanny|165/269\n|-resisted|p1a: Leavanny\n|-damage|p1a: Leavanny|153/269\n|-resisted|p1a: Leavanny\n|-damage|p1a: Leavanny|142/269\n|-resisted|p1a: Leavanny\n|-damage|p1a: Leavanny|130/269\n|-resisted|p1a: Leavanny\n|-damage|p1a: Leavanny|119/269\n|-resisted|p1a: Leavanny\n|-damage|p1a: Leavanny|107/269\n|-hitcount|p1a: Leavanny|10\n|move|p1a: Leavanny|Bullet Seed|p2a: Maushold\n|-damage|p2a: Maushold|49/238\n|-damage|p2a: Maushold|9/238\n|-damage|p2a: Maushold|0 fnt\n|faint|p2a: Maushold\n|-hitcount|p2: Maushold|3\n|\n|upkeep\n|inactive|desire_nlt has 120 seconds left.\n|\n|t:|1782757958\n|switch|p2a: Heracross|Heracross, L80, F|168/259 tox\n|turn|26\n|\n|t:|1782757965\n|move|p1a: Leavanny|Triple Axel|p2a: Heracross\n|-damage|p2a: Heracross|151/259 tox\n|-damage|p2a: Heracross|115/259 tox\n|-damage|p2a: Heracross|64/259 tox\n|-hitcount|p2a: Heracross|3\n|move|p2a: Heracross|Close Combat|p1a: Leavanny\n|-supereffective|p1a: Leavanny\n|-damage|p1a: Leavanny|0 fnt\n|-unboost|p2a: Heracross|def|1\n|-unboost|p2a: Heracross|spd|1\n|faint|p1a: Leavanny\n|-ability|p2a: Heracross|Moxie|boost\n|-boost|p2a: Heracross|atk|1\n|\n|-damage|p2a: Heracross|48/259 tox|[from] psn\n|upkeep\n|\n|t:|1782757965\n|switch|p1a: Luvdisc|Luvdisc, F|247/247 par\n|turn|27\n|inactive|desire_nlt has 120 seconds left.\n|\n|t:|1782757984\n|move|p2a: Heracross|Close Combat|p1a: Luvdisc\n|-damage|p1a: Luvdisc|0 fnt\n|-unboost|p2a: Heracross|def|1\n|-unboost|p2a: Heracross|spd|1\n|faint|p1a: Luvdisc\n|\n|win|desire_nlt\n|raw|testbotcif's rating: 1156 &rarr; <strong>1130</strong><br />(-26 for losing)\n|raw|desire_nlt's rating: 1147 &rarr; <strong>1173</strong><br />(+26 for winning)\n", "inputlog": ">version f8ac14003a5f27e1bdc8d8c59608a773c1cb96e5\n>start {\"formatid\":\"gen9randombattle\",\"seed\":\"sodium,f7b24b44d36d5a43f9bb6c33b089a8bc\",\"rated\":\"Rated battle\"}\n>player p1 {\"name\":\"testbotcif\",\"avatar\":\"266\",\"rating\":1156,\"seed\":\"sodium,6ff6f3e8c4874336a3ab39f47066deb9\"}\n>player p2 {\"name\":\"desire_nlt\",\"avatar\":\"2\",\"rating\":1147,\"seed\":\"sodium,b9850654982d6c4d909cfb64da0d323b\"}\n>chat \u2606testbotcif|rlhf\n>p1 move sludgewave\n>p2 move stunspore\n>p2 switch 3\n>p1 move sludgewave\n>p2 move knockoff\n>p1 switch 4\n>p1 move toxic\n>p2 move knockoff\n>p1 move recover\n>p2 move knockoff\n>p1 move recover\n>p2 switch 5\n>p1 move liquidation\n>p2 move meteorbeam\n>p1 move recover\n>p2 move meteorbeam\n>p1 move liquidation\n>p2 move meteorbeam\n>p1 move recover\n>p2 move meteorbeam\n>p1 move liquidation\n>p2 move meteorbeam\n>p1 move recover\n>p2 move meteorbeam\n>p1 move liquidation\n>p2 move meteorbeam\n>p1 move recover\n>p2 move meteorbeam\n>p1 move liquidation\n>p2 move meteorbeam\n>p1 move liquidation\n>p2 move meteorbeam\n>p1 move liquidation\n>p2 move meteorbeam\n>p1 move liquidation\n>p2 move dynamaxcannon\n>p1 switch 3\n>p1 move psychicnoise\n>p2 move sludgebomb\n>p1 switch 2\n>p1 move icepunch\n>p2 move sludgebomb\n>p1 switch 6\n>p1 move surf\n>p2 move sludgebomb\n>p2 switch 6\n>p1 move surf\n>p2 move thunderwave\n>p1 move surf\n>p2 move roar\n>p1 move bulletseed\n>p2 move thunderwave\n>p2 switch 4\n>p1 move bulletseed terastallize\n>p2 move bite\n>p1 move bulletseed\n>p2 move populationbomb\n>p2 switch 5\n>p1 move tripleaxel\n>p2 move closecombat\n>p1 switch 5\n>p1 move surf\n>p2 move closecombat", "uploadtime": 1782757984, "views": 5, "formatid": "gen9randombattle", "rating": 1130, "private": 0, "password": null, "player_dets": [{"name": "testbotcif", "avatar": "266", "rating": 1156, "seed": "sodium,6ff6f3e8c4874336a3ab39f47066deb9"}, {"name": "desire_nlt", "avatar": "2", "rating": 1147, "seed": "sodium,b9850654982d6c4d909cfb64da0d323b"}], "teams_full": [{"Gengar": {"name": "Gengar", "species": "Gengar", "speciesId": "gengar", "gender": "M", "shiny": false, "level": 81, "moves": ["encore", "shadowball", "toxicspikes", "sludgewave"], "ability": "Cursed Body", "evs": {"hp": 85, "atk": 0, "def": 85, "spa": 85, "spd": 85, "spe": 85}, "ivs": {"hp": 31, "atk": 0, "def": 31, "spa": 31, "spd": 31, "spe": 31}, "item": "Life Orb", "teraType": "Ghost", "role": "Fast Attacker", "bvs": {"hp": 60, "atk": 65, "def": 60, "spa": 130, "spd": 75, "spe": 110}, "stats": {"hp": 230, "atk": 110, "def": 144, "spa": 257, "spd": 168, "spe": 225}, "types": ["Ghost", "Poison"]}, "Pawmot": {"name": "Pawmot", "species": "Pawmot", "speciesId": "pawmot", "gender": "F", "shiny": false, "level": 80, "moves": ["revivalblessing", "doubleshock", "closecombat", "icepunch"], "ability": "Iron Fist", "evs": {"hp": 85, "atk": 85, "def": 85, "spa": 85, "spd": 85, "spe": 85}, "ivs": {"hp": 31, "atk": 31, "def": 31, "spa": 31, "spd": 31, "spe": 31}, "item": "Life Orb", "teraType": "Electric", "role": "Wallbreaker", "bvs": {"hp": 70, "atk": 115, "def": 70, "spa": 70, "spd": 60, "spe": 105}, "stats": {"hp": 243, "atk": 230, "def": 158, "spa": 158, "spd": 142, "spe": 214}, "types": ["Electric", "Fighting"]}, "Mesprit": {"name": "Mesprit", "species": "Mesprit", "speciesId": "mesprit", "gender": "N", "shiny": false, "level": 85, "moves": ["knockoff", "psychicnoise", "thunderbolt", "stealthrock"], "ability": "Levitate", "evs": {"hp": 85, "atk": 85, "def": 85, "spa": 85, "spd": 85, "spe": 85}, "ivs": {"hp": 31, "atk": 31, "def": 31, "spa": 31, "spd": 31, "spe": 31}, "item": "Leftovers", "teraType": "Dark", "role": "Bulky Attacker", "bvs": {"hp": 80, "atk": 105, "def": 105, "spa": 105, "spd": 105, "spe": 80}, "stats": {"hp": 275, "atk": 227, "def": 227, "spa": 227, "spd": 227, "spe": 185}, "types": ["Psychic"]}, "Toxapex": {"name": "Toxapex", "species": "Toxapex", "speciesId": "toxapex", "gender": "F", "shiny": false, "level": 82, "moves": ["haze", "toxic", "recover", "liquidation"], "ability": "Regenerator", "evs": {"hp": 85, "atk": 85, "def": 85, "spa": 85, "spd": 85, "spe": 85}, "ivs": {"hp": 31, "atk": 31, "def": 31, "spa": 31, "spd": 31, "spe": 31}, "item": "Rocky Helmet", "teraType": "Steel", "role": "Bulky Support", "bvs": {"hp": 50, "atk": 63, "def": 152, "spa": 53, "spd": 142, "spe": 35}, "stats": {"hp": 216, "atk": 150, "def": 296, "spa": 134, "spd": 280, "spe": 105}, "types": ["Poison", "Water"]}, "Leavanny": {"name": "Leavanny", "species": "Leavanny", "speciesId": "leavanny", "gender": "M", "shiny": false, "level": 86, "moves": ["knockoff", "tripleaxel", "bulletseed", "stickyweb"], "ability": "Chlorophyll", "evs": {"hp": 85, "atk": 85, "def": 85, "spa": 85, "spd": 85, "spe": 85}, "ivs": {"hp": 31, "atk": 31, "def": 31, "spa": 31, "spd": 31, "spe": 31}, "item": "Loaded Dice", "teraType": "Rock", "role": "Fast Attacker", "bvs": {"hp": 75, "atk": 103, "def": 80, "spa": 70, "spd": 80, "spe": 92}, "stats": {"hp": 269, "atk": 226, "def": 187, "spa": 170, "spd": 187, "spe": 207}, "types": ["Bug", "Grass"]}, "Luvdisc": {"name": "Luvdisc", "species": "Luvdisc", "speciesId": "luvdisc", "gender": "F", "shiny": false, "level": 100, "moves": ["surf", "flipturn", "endeavor", "substitute"], "ability": "Swift Swim", "evs": {"hp": 81, "atk": 85, "def": 85, "spa": 85, "spd": 85, "spe": 85}, "ivs": {"hp": 31, "atk": 31, "def": 31, "spa": 31, "spd": 31, "spe": 31}, "item": "Heavy-Duty Boots", "teraType": "Ghost", "role": "Fast Support", "bvs": {"hp": 43, "atk": 30, "def": 55, "spa": 40, "spd": 65, "spe": 97}, "stats": {"hp": 247, "atk": 117, "def": 167, "spa": 137, "spd": 187, "spe": 251}, "types": ["Water"]}}, {"Whimsicott": {"name": "Whimsicott", "species": "Whimsicott", "speciesId": "whimsicott", "gender": "F", "shiny": false, "level": 84, "moves": ["gigadrain", "uturn", "stunspore", "moonblast"], "ability": "Prankster", "evs": {"hp": 85, "atk": 85, "def": 85, "spa": 85, "spd": 85, "spe": 85}, "ivs": {"hp": 31, "atk": 31, "def": 31, "spa": 31, "spd": 31, "spe": 31}, "item": "Heavy-Duty Boots", "teraType": "Steel", "role": "Fast Support", "bvs": {"hp": 60, "atk": 67, "def": 85, "spa": 77, "spd": 75, "spe": 116}, "stats": {"hp": 238, "atk": 161, "def": 191, "spa": 178, "spd": 174, "spe": 243}, "types": ["Grass", "Fairy"]}, "Kleavor": {"name": "Kleavor", "species": "Kleavor", "speciesId": "kleavor", "gender": "M", "shiny": false, "level": 78, "moves": ["defog", "closecombat", "xscissor", "stoneaxe"], "ability": "Sharpness", "evs": {"hp": 85, "atk": 85, "def": 85, "spa": 85, "spd": 85, "spe": 85}, "ivs": {"hp": 31, "atk": 31, "def": 31, "spa": 31, "spd": 31, "spe": 31}, "item": "Heavy-Duty Boots", "teraType": "Fighting", "role": "Bulky Attacker", "bvs": {"hp": 70, "atk": 135, "def": 95, "spa": 45, "spd": 70, "spe": 85}, "stats": {"hp": 237, "atk": 256, "def": 193, "spa": 115, "spd": 154, "spe": 178}, "types": ["Bug", "Rock"]}, "Heracross": {"name": "Heracross", "species": "Heracross", "speciesId": "heracross", "gender": "F", "shiny": false, "level": 80, "moves": ["closecombat", "knockoff", "megahorn", "stoneedge"], "ability": "Moxie", "evs": {"hp": 85, "atk": 85, "def": 85, "spa": 85, "spd": 85, "spe": 85}, "ivs": {"hp": 31, "atk": 31, "def": 31, "spa": 31, "spd": 31, "spe": 31}, "item": "Choice Band", "teraType": "Fighting", "role": "Fast Attacker", "bvs": {"hp": 80, "atk": 125, "def": 75, "spa": 40, "spd": 95, "spe": 85}, "stats": {"hp": 259, "atk": 246, "def": 166, "spa": 110, "spd": 198, "spe": 182}, "types": ["Bug", "Fighting"]}, "Maushold": {"name": "Maushold", "species": "Maushold", "speciesId": "maushold", "gender": "N", "shiny": false, "level": 76, "moves": ["populationbomb", "encore", "bite", "tidyup"], "ability": "Technician", "evs": {"hp": 85, "atk": 85, "def": 85, "spa": 85, "spd": 85, "spe": 85}, "ivs": {"hp": 31, "atk": 31, "def": 31, "spa": 31, "spd": 31, "spe": 31}, "item": "Wide Lens", "teraType": "Ghost", "role": "Setup Sweeper", "bvs": {"hp": 74, "atk": 75, "def": 70, "spa": 65, "spd": 75, "spe": 111}, "stats": {"hp": 238, "atk": 158, "def": 150, "spa": 143, "spd": 158, "spe": 213}, "types": ["Normal"]}, "Eternatus": {"name": "Eternatus", "species": "Eternatus", "speciesId": "eternatus", "gender": "N", "shiny": false, "level": 69, "moves": ["sludgebomb", "fireblast", "meteorbeam", "dynamaxcannon"], "ability": "Pressure", "evs": {"hp": 85, "atk": 0, "def": 85, "spa": 85, "spd": 85, "spe": 85}, "ivs": {"hp": 31, "atk": 0, "def": 31, "spa": 31, "spd": 31, "spe": 31}, "item": "Power Herb", "teraType": "Fire", "role": "Setup Sweeper", "bvs": {"hp": 140, "atk": 85, "def": 95, "spa": 145, "spd": 95, "spe": 130}, "stats": {"hp": 308, "atk": 122, "def": 171, "spa": 240, "spd": 171, "spe": 220}, "types": ["Poison", "Dragon"]}, "Granbull": {"name": "Granbull", "species": "Granbull", "speciesId": "granbull", "gender": "M", "shiny": false, "level": 88, "moves": ["thunderwave", "roar", "earthquake", "playrough"], "ability": "Intimidate", "evs": {"hp": 85, "atk": 85, "def": 85, "spa": 85, "spd": 85, "spe": 85}, "ivs": {"hp": 31, "atk": 31, "def": 31, "spa": 31, "spd": 31, "spe": 31}, "item": "Leftovers", "teraType": "Ground", "role": "Bulky Support", "bvs": {"hp": 90, "atk": 120, "def": 75, "spa": 60, "spd": 60, "spe": 45}, "stats": {"hp": 302, "atk": 261, "def": 182, "spa": 156, "spd": 156, "spe": 129}, "types": ["Fairy"]}}]}