{"id": "gen9randombattle-2641627358", "format": "[Gen 9] Random Battle", "players": ["StrykerMG", "jddrdj"], "log": "|j|\u2606StrykerMG\n|j|\u2606jddrdj\n|t:|1782821302\n|gametype|singles\n|player|p1|StrykerMG|hilbert|1064\n|player|p2|jddrdj|102|1040\n|gen|9\n|tier|[Gen 9] Random Battle\n|rated|\n|rule|Species Clause: Limit one of each Pok\u00e9mon\n|rule|HP Percentage Mod: HP is shown in percentages\n|rule|Sleep Clause Mod: Limit one foe put to sleep\n|rule|Illusion Level Mod: Illusion disguises the Pok\u00e9mon's true level\n|\n|t:|1782821302\n|teamsize|p1|6\n|teamsize|p2|6\n|start\n|switch|p1a: Lurantis|Lurantis, L87, M|264/264\n|switch|p2a: Zangoose|Zangoose, L85, M|263/263\n|turn|1\n|\n|t:|1782821320\n|switch|p2a: Gothitelle|Gothitelle, L90, M|272/272\n|-terastallize|p1a: Lurantis|Fighting\n|move|p1a: Lurantis|Superpower|p2a: Gothitelle\n|-resisted|p2a: Gothitelle\n|-damage|p2a: Gothitelle|205/272\n|-boost|p1a: Lurantis|atk|1\n|-boost|p1a: Lurantis|def|1\n|\n|upkeep\n|turn|2\n|\n|t:|1782821334\n|move|p2a: Gothitelle|Psychic|p1a: Lurantis\n|-supereffective|p1a: Lurantis\n|-damage|p1a: Lurantis|118/264\n|move|p1a: Lurantis|Knock Off|p2a: Gothitelle\n|-supereffective|p2a: Gothitelle\n|-damage|p2a: Gothitelle|0 fnt\n|-enditem|p2a: Gothitelle|Choice Scarf|[from] move: Knock Off|[of] p1a: Lurantis\n|faint|p2a: Gothitelle\n|\n|upkeep\n|\n|t:|1782821341\n|switch|p2a: Articuno|Articuno-Galar, L84|288/288\n|turn|3\n|\n|t:|1782821345\n|move|p2a: Articuno|Freezing Glare|p1a: Lurantis\n|-supereffective|p1a: Lurantis\n|-damage|p1a: Lurantis|0 fnt\n|faint|p1a: Lurantis\n|\n|upkeep\n|\n|t:|1782821359\n|switch|p1a: Rotom|Rotom-Mow, L87|229/229\n|turn|4\n|\n|t:|1782821365\n|switch|p2a: Zangoose|Zangoose, L85, M|263/263\n|move|p1a: Rotom|Thunderbolt|p2a: Zangoose\n|-damage|p2a: Zangoose|127/263\n|\n|-status|p2a: Zangoose|tox|[from] item: Toxic Orb\n|upkeep\n|turn|5\n|\n|t:|1782821377\n|move|p2a: Zangoose|Facade|p1a: Rotom\n|-damage|p1a: Rotom|0 fnt\n|faint|p1a: Rotom\n|\n|-damage|p2a: Zangoose|111/263 tox|[from] psn\n|upkeep\n|\n|t:|1782821387\n|switch|p1a: Hitmontop|Hitmontop, L88, M|231/231\n|-ability|p1a: Hitmontop|Intimidate|boost\n|-unboost|p2a: Zangoose|atk|1\n|turn|6\n|\n|t:|1782821394\n|move|p2a: Zangoose|Facade|p1a: Hitmontop\n|-damage|p1a: Hitmontop|71/231\n|move|p1a: Hitmontop|Close Combat|p2a: Zangoose\n|-supereffective|p2a: Zangoose\n|-damage|p2a: Zangoose|0 fnt\n|-unboost|p1a: Hitmontop|def|1\n|-unboost|p1a: Hitmontop|spd|1\n|faint|p2a: Zangoose\n|\n|upkeep\n|\n|t:|1782821400\n|switch|p2a: Articuno|Articuno-Galar, L84|288/288\n|turn|7\n|\n|t:|1782821405\n|move|p1a: Hitmontop|Sucker Punch|p2a: Articuno\n|-supereffective|p2a: Articuno\n|-damage|p2a: Articuno|172/288\n|move|p2a: Articuno|Freezing Glare|p1a: Hitmontop\n|-supereffective|p1a: Hitmontop\n|-damage|p1a: Hitmontop|0 fnt\n|faint|p1a: Hitmontop\n|\n|upkeep\n|\n|t:|1782821418\n|switch|p1a: Tornadus|Tornadus-Therian, L79, M|254/254\n|turn|8\n|\n|t:|1782821422\n|switch|p2a: Pachirisu|Pachirisu, L96, F|271/271\n|move|p1a: Tornadus|U-turn|p2a: Pachirisu\n|-damage|p2a: Pachirisu|224/271\n|\n|t:|1782821427\n|switch|p1a: Slaking|Slaking, L84, M|389/389|[from] U-turn\n|\n|upkeep\n|turn|9\n|\n|t:|1782821440\n|switch|p2a: Articuno|Articuno-Galar, L84|172/288\n|move|p1a: Slaking|Earthquake|p2a: Articuno\n|-immune|p2a: Articuno\n|\n|upkeep\n|turn|10\n|\n|t:|1782821448\n|switch|p1a: Jirachi|Jirachi, L80|291/291\n|switch|p2a: Pachirisu|Pachirisu, L96, F|224/271\n|\n|upkeep\n|turn|11\n|\n|t:|1782821457\n|move|p1a: Jirachi|Protect|p1a: Jirachi\n|-singleturn|p1a: Jirachi|Protect\n|move|p2a: Pachirisu|Discharge|p1a: Jirachi\n|-activate|p1a: Jirachi|move: Protect\n|\n|upkeep\n|turn|12\n|\n|t:|1782821467\n|move|p2a: Pachirisu|Discharge|p1a: Jirachi\n|-damage|p1a: Jirachi|231/291\n|move|p1a: Jirachi|Psychic|p2a: Pachirisu\n|-damage|p2a: Pachirisu|149/271\n|\n|-heal|p1a: Jirachi|249/291|[from] item: Leftovers\n|upkeep\n|turn|13\n|\n|t:|1782821476\n|move|p2a: Pachirisu|Discharge|p1a: Jirachi\n|-damage|p1a: Jirachi|189/291\n|-status|p1a: Jirachi|par\n|move|p1a: Jirachi|Iron Head|p2a: Pachirisu\n|-resisted|p2a: Pachirisu\n|-damage|p2a: Pachirisu|108/271\n|\n|-heal|p1a: Jirachi|207/291 par|[from] item: Leftovers\n|upkeep\n|turn|14\n|\n|t:|1782821485\n|switch|p2a: Stonjourner|Stonjourner, L91, F|330/330\n|move|p1a: Jirachi|Wish|p1a: Jirachi\n|\n|-heal|p1a: Jirachi|225/291 par|[from] item: Leftovers\n|upkeep\n|turn|15\n|\n|t:|1782821492\n|move|p2a: Stonjourner|Stealth Rock|p1a: Jirachi\n|-sidestart|p1: StrykerMG|move: Stealth Rock\n|cant|p1a: Jirachi|par\n|\n|-heal|p1a: Jirachi|291/291 par|[from] move: Wish|[wisher] Jirachi\n|upkeep\n|turn|16\n|\n|t:|1782821499\n|move|p2a: Stonjourner|Earthquake|p1a: Jirachi\n|-supereffective|p1a: Jirachi\n|-damage|p1a: Jirachi|47/291 par\n|-damage|p2a: Stonjourner|297/330|[from] item: Life Orb\n|move|p1a: Jirachi|Iron Head|p2a: Stonjourner\n|-supereffective|p2a: Stonjourner\n|-damage|p2a: Stonjourner|199/330\n|\n|-heal|p1a: Jirachi|65/291 par|[from] item: Leftovers\n|upkeep\n|turn|17\n|\n|t:|1782821519\n|move|p2a: Stonjourner|Heat Crash|p1a: Jirachi\n|-supereffective|p1a: Jirachi\n|-damage|p1a: Jirachi|0 fnt\n|faint|p1a: Jirachi\n|-damage|p2a: Stonjourner|166/330|[from] item: Life Orb\n|\n|upkeep\n|\n|t:|1782821532\n|switch|p1a: Tornadus|Tornadus-Therian, L79, M|254/254\n|-damage|p1a: Tornadus|191/254|[from] Stealth Rock\n|turn|18\n|\n|t:|1782821539\n|move|p1a: Tornadus|Grass Knot|p2a: Stonjourner\n|-supereffective|p2a: Stonjourner\n|-damage|p2a: Stonjourner|0 fnt\n|faint|p2a: Stonjourner\n|\n|upkeep\n|\n|t:|1782821545\n|switch|p2a: Pachirisu|Pachirisu, L96, F|108/271\n|turn|19\n|\n|t:|1782821549\n|move|p1a: Tornadus|Grass Knot|p2a: Pachirisu\n|-damage|p2a: Pachirisu|87/271\n|move|p2a: Pachirisu|Discharge|p1a: Tornadus\n|-supereffective|p1a: Tornadus\n|-damage|p1a: Tornadus|47/254\n|\n|upkeep\n|turn|20\n|\n|t:|1782821557\n|move|p1a: Tornadus|Grass Knot|p2a: Pachirisu\n|-damage|p2a: Pachirisu|68/271\n|move|p2a: Pachirisu|Discharge|p1a: Tornadus\n|-supereffective|p1a: Tornadus\n|-damage|p1a: Tornadus|0 fnt\n|faint|p1a: Tornadus\n|\n|upkeep\n|l|\u2606StrykerMG\n|player|p1|\n|inactive|Battle timer is ON: inactive players will automatically lose when time's up. (requested by jddrdj)\n|inactive|StrykerMG has 30 seconds to reconnect!\n|inactive|StrykerMG has 20 seconds to reconnect!\n|inactive|StrykerMG has 15 seconds to reconnect!\n|inactive|StrykerMG has 10 seconds to reconnect!\n|inactive|StrykerMG has 5 seconds to reconnect!\n|-message|StrykerMG lost due to inactivity.\n|\n|win|jddrdj\n|raw|StrykerMG's rating: 1064 &rarr; <strong>1043</strong><br />(-21 for losing)\n|raw|jddrdj's rating: 1040 &rarr; <strong>1076</strong><br />(+36 for winning)\n", "inputlog": ">version f8ac14003a5f27e1bdc8d8c59608a773c1cb96e5\n>start {\"formatid\":\"gen9randombattle\",\"seed\":\"sodium,5fea473b135effad066e59506d0965cc\",\"rated\":\"Rated battle\"}\n>player p1 {\"name\":\"StrykerMG\",\"avatar\":\"hilbert\",\"rating\":1064,\"seed\":\"sodium,cf778d79eaf18562228c6838402768db\"}\n>player p2 {\"name\":\"jddrdj\",\"avatar\":\"102\",\"rating\":1040,\"seed\":\"sodium,07a8732b508b6fd2d6d1c0025bc4b245\"}\n>p1 move superpower terastallize\n>p2 switch 5\n>p1 move knockoff\n>p2 move psychic\n>p2 switch 6\n>p1 move knockoff\n>p2 move freezingglare\n>p1 switch 3\n>p1 move thunderbolt\n>p2 switch 5\n>p1 move thunderbolt\n>p2 move facade\n>p1 switch 6\n>p1 move closecombat\n>p2 move facade\n>p2 switch 5\n>p1 move suckerpunch\n>p2 move freezingglare\n>p1 switch 2\n>p1 move uturn\n>p2 switch 2\n>p1 switch 4\n>p1 move earthquake\n>p2 switch 2\n>p1 switch 5\n>p2 switch 2\n>p1 move protect\n>p2 move discharge\n>p1 move psychic\n>p2 move discharge\n>p1 move ironhead\n>p2 move discharge\n>p1 move wish\n>p2 switch 4\n>p1 move ironhead\n>p2 move stealthrock\n>p1 move ironhead\n>p2 move earthquake\n>p1 move wish\n>p2 move heatcrash\n>p1 switch 4\n>p1 move grassknot\n>p2 move stoneedge\n>p2 switch 4\n>p1 move grassknot\n>p2 move discharge\n>p1 move grassknot\n>p2 move discharge\n>forcelose p1", "uploadtime": 1782821643, "views": 3, "formatid": "gen9randombattle", "rating": 1043, "private": 0, "password": null, "player_dets": [{"name": "StrykerMG", "avatar": "hilbert", "rating": 1064, "seed": "sodium,cf778d79eaf18562228c6838402768db"}, {"name": "jddrdj", "avatar": "102", "rating": 1040, "seed": "sodium,07a8732b508b6fd2d6d1c0025bc4b245"}], "teams_full": [{"Lurantis": {"name": "Lurantis", "species": "Lurantis", "speciesId": "lurantis", "gender": "M", "shiny": false, "level": 87, "moves": ["superpower", "knockoff", "leechlife", "leafstorm"], "ability": "Contrary", "evs": {"hp": 85, "atk": 85, "def": 85, "spa": 85, "spd": 85, "spe": 85}, "ivs": {"hp": 31, "atk": 31, "def": 31, "spa": 31, "spd": 31, "spe": 31}, "item": "Assault Vest", "teraType": "Fighting", "role": "AV Pivot", "bvs": {"hp": 70, "atk": 105, "def": 90, "spa": 80, "spd": 90, "spe": 45}, "stats": {"hp": 264, "atk": 232, "def": 206, "spa": 189, "spd": 206, "spe": 128}, "types": ["Grass"]}, "Tornadus": {"name": "Tornadus", "species": "Tornadus-Therian", "speciesId": "tornadustherian", "gender": "M", "shiny": false, "level": 79, "moves": ["uturn", "heatwave", "grassknot", "bleakwindstorm"], "ability": "Regenerator", "evs": {"hp": 85, "atk": 85, "def": 85, "spa": 85, "spd": 85, "spe": 85}, "ivs": {"hp": 31, "atk": 31, "def": 31, "spa": 31, "spd": 31, "spe": 31}, "item": "Choice Specs", "teraType": "Flying", "role": "Fast Attacker", "bvs": {"hp": 79, "atk": 100, "def": 80, "spa": 110, "spd": 90, "spe": 121}, "stats": {"hp": 254, "atk": 204, "def": 172, "spa": 219, "spd": 188, "spe": 237}, "types": ["Flying"]}, "Rotom": {"name": "Rotom", "species": "Rotom-Mow", "speciesId": "rotommow", "gender": "N", "shiny": false, "level": 87, "moves": ["leafstorm", "voltswitch", "thunderbolt", "willowisp"], "ability": "Levitate", "evs": {"hp": 85, "atk": 0, "def": 85, "spa": 85, "spd": 85, "spe": 85}, "ivs": {"hp": 31, "atk": 0, "def": 31, "spa": 31, "spd": 31, "spe": 31}, "item": "Leftovers", "teraType": "Grass", "role": "Bulky Attacker", "bvs": {"hp": 50, "atk": 65, "def": 107, "spa": 105, "spd": 107, "spe": 86}, "stats": {"hp": 229, "atk": 118, "def": 236, "spa": 232, "spd": 236, "spe": 199}, "types": ["Electric", "Grass"]}, "Slaking": {"name": "Slaking", "species": "Slaking", "speciesId": "slaking", "gender": "M", "shiny": false, "level": 84, "moves": ["knockoff", "doubleedge", "earthquake", "gigaimpact"], "ability": "Truant", "evs": {"hp": 85, "atk": 85, "def": 85, "spa": 85, "spd": 85, "spe": 85}, "ivs": {"hp": 31, "atk": 31, "def": 31, "spa": 31, "spd": 31, "spe": 31}, "item": "Choice Band", "teraType": "Ghost", "role": "Wallbreaker", "bvs": {"hp": 150, "atk": 160, "def": 100, "spa": 95, "spd": 65, "spe": 100}, "stats": {"hp": 389, "atk": 317, "def": 216, "spa": 208, "spd": 157, "spe": 216}, "types": ["Normal"]}, "Jirachi": {"name": "Jirachi", "species": "Jirachi", "speciesId": "jirachi", "gender": "N", "shiny": false, "level": 80, "moves": ["wish", "ironhead", "protect", "psychic"], "ability": "Serene Grace", "evs": {"hp": 85, "atk": 85, "def": 85, "spa": 85, "spd": 85, "spe": 85}, "ivs": {"hp": 31, "atk": 31, "def": 31, "spa": 31, "spd": 31, "spe": 31}, "item": "Leftovers", "teraType": "Water", "role": "Bulky Support", "bvs": {"hp": 100, "atk": 100, "def": 100, "spa": 100, "spd": 100, "spe": 100}, "stats": {"hp": 291, "atk": 206, "def": 206, "spa": 206, "spd": 206, "spe": 206}, "types": ["Steel", "Psychic"]}, "Hitmontop": {"name": "Hitmontop", "species": "Hitmontop", "speciesId": "hitmontop", "gender": "M", "shiny": false, "level": 88, "moves": ["rapidspin", "suckerpunch", "stoneedge", "closecombat"], "ability": "Intimidate", "evs": {"hp": 85, "atk": 85, "def": 85, "spa": 85, "spd": 85, "spe": 85}, "ivs": {"hp": 31, "atk": 31, "def": 31, "spa": 31, "spd": 31, "spe": 31}, "item": "Assault Vest", "teraType": "Steel", "role": "Bulky Support", "bvs": {"hp": 50, "atk": 95, "def": 95, "spa": 35, "spd": 110, "spe": 70}, "stats": {"hp": 231, "atk": 217, "def": 217, "spa": 112, "spd": 244, "spe": 173}, "types": ["Fighting"]}}, {"Zangoose": {"name": "Zangoose", "species": "Zangoose", "speciesId": "zangoose", "gender": "M", "shiny": false, "level": 85, "moves": ["knockoff", "facade", "swordsdance", "closecombat"], "ability": "Toxic Boost", "evs": {"hp": 85, "atk": 85, "def": 85, "spa": 85, "spd": 85, "spe": 85}, "ivs": {"hp": 31, "atk": 31, "def": 31, "spa": 31, "spd": 31, "spe": 31}, "item": "Toxic Orb", "teraType": "Normal", "role": "Fast Attacker", "bvs": {"hp": 73, "atk": 115, "def": 60, "spa": 60, "spd": 60, "spe": 90}, "stats": {"hp": 263, "atk": 244, "def": 151, "spa": 151, "spd": 151, "spe": 202}, "types": ["Normal"]}, "Pachirisu": {"name": "Pachirisu", "species": "Pachirisu", "speciesId": "pachirisu", "gender": "F", "shiny": false, "level": 96, "moves": ["uturn", "discharge", "encore", "superfang"], "ability": "Volt Absorb", "evs": {"hp": 85, "atk": 85, "def": 85, "spa": 85, "spd": 85, "spe": 85}, "ivs": {"hp": 31, "atk": 31, "def": 31, "spa": 31, "spd": 31, "spe": 31}, "item": "Heavy-Duty Boots", "teraType": "Flying", "role": "Fast Support", "bvs": {"hp": 60, "atk": 45, "def": 70, "spa": 45, "spd": 90, "spe": 95}, "stats": {"hp": 271, "atk": 141, "def": 189, "spa": 141, "spd": 227, "spe": 237}, "types": ["Electric"]}, "Kingdra": {"name": "Kingdra", "species": "Kingdra", "speciesId": "kingdra", "gender": "F", "shiny": false, "level": 84, "moves": ["raindance", "dracometeor", "hurricane", "wavecrash"], "ability": "Swift Swim", "evs": {"hp": 85, "atk": 85, "def": 85, "spa": 85, "spd": 85, "spe": 85}, "ivs": {"hp": 31, "atk": 31, "def": 31, "spa": 31, "spd": 31, "spe": 31}, "item": "Life Orb", "teraType": "Water", "role": "Fast Attacker", "bvs": {"hp": 75, "atk": 95, "def": 95, "spa": 95, "spd": 95, "spe": 85}, "stats": {"hp": 263, "atk": 208, "def": 208, "spa": 208, "spd": 208, "spe": 191}, "types": ["Water", "Dragon"]}, "Stonjourner": {"name": "Stonjourner", "species": "Stonjourner", "speciesId": "stonjourner", "gender": "F", "shiny": false, "level": 91, "moves": ["heatcrash", "stoneedge", "stealthrock", "earthquake"], "ability": "Power Spot", "evs": {"hp": 85, "atk": 85, "def": 85, "spa": 85, "spd": 85, "spe": 85}, "ivs": {"hp": 31, "atk": 31, "def": 31, "spa": 31, "spd": 31, "spe": 31}, "item": "Life Orb", "teraType": "Ground", "role": "Fast Attacker", "bvs": {"hp": 100, "atk": 125, "def": 135, "spa": 20, "spd": 20, "spe": 70}, "stats": {"hp": 330, "atk": 279, "def": 298, "spa": 88, "spd": 88, "spe": 179}, "types": ["Rock"]}, "Gothitelle": {"name": "Gothitelle", "species": "Gothitelle", "speciesId": "gothitelle", "gender": "M", "shiny": false, "level": 90, "moves": ["darkpulse", "focusblast", "psychic", "trick"], "ability": "Shadow Tag", "evs": {"hp": 85, "atk": 0, "def": 85, "spa": 85, "spd": 85, "spe": 85}, "ivs": {"hp": 31, "atk": 0, "def": 31, "spa": 31, "spd": 31, "spe": 31}, "item": "Choice Scarf", "teraType": "Ground", "role": "Fast Attacker", "bvs": {"hp": 70, "atk": 55, "def": 95, "spa": 95, "spd": 110, "spe": 65}, "stats": {"hp": 272, "atk": 104, "def": 222, "spa": 222, "spd": 249, "spe": 168}, "types": ["Psychic"]}, "Articuno": {"name": "Articuno", "species": "Articuno-Galar", "speciesId": "articunogalar", "gender": "N", "shiny": false, "level": 84, "moves": ["recover", "freezingglare", "calmmind", "hurricane"], "ability": "Competitive", "evs": {"hp": 85, "atk": 0, "def": 85, "spa": 85, "spd": 85, "spe": 85}, "ivs": {"hp": 31, "atk": 0, "def": 31, "spa": 31, "spd": 31, "spe": 31}, "item": "Heavy-Duty Boots", "teraType": "Steel", "role": "Fast Bulky Setup", "bvs": {"hp": 90, "atk": 85, "def": 85, "spa": 125, "spd": 100, "spe": 95}, "stats": {"hp": 288, "atk": 147, "def": 191, "spa": 258, "spd": 216, "spe": 208}, "types": ["Psychic", "Flying"]}}]}