{"id": "gen9randombattle-2641134775", "format": "[Gen 9] Random Battle", "players": ["Chakraisgae", "notmetbh102"], "log": "|j|\u2606Chakraisgae\n|j|\u2606notmetbh102\n|t:|1782744822\n|gametype|singles\n|player|p1|Chakraisgae|102|2260\n|player|p2|notmetbh102|2|2248\n|gen|9\n|tier|[Gen 9] Random Battle\n|rated|\n|rule|Species Clause: Limit one of each Pok\u00e9mon\n|rule|HP Percentage Mod: HP is shown in percentages\n|rule|Sleep Clause Mod: Limit one foe put to sleep\n|rule|Illusion Level Mod: Illusion disguises the Pok\u00e9mon's true level\n|\n|t:|1782744822\n|teamsize|p1|6\n|teamsize|p2|6\n|start\n|switch|p1a: Vigoroth|Vigoroth, L85, M|275/275\n|switch|p2a: Illumise|Illumise, L91, F|266/266\n|turn|1\n|inactive|Battle timer is ON: inactive players will automatically lose when time's up. (requested by notmetbh102)\n|c|\u2606notmetbh102|hf\n|inactive|Chakraisgae has 120 seconds left.\n|\n|t:|1782744862\n|switch|p1a: Araquanid|Araquanid, L82, M|246/246\n|move|p2a: Illumise|Thunder Wave|p1a: Araquanid\n|-status|p1a: Araquanid|par\n|\n|upkeep\n|turn|2\n|\n|t:|1782744866\n|switch|p2a: Manaphy|Manaphy, L78|284/284\n|cant|p1a: Araquanid|par\n|\n|upkeep\n|turn|3\n|\n|t:|1782744879\n|move|p2a: Manaphy|Tail Glow|p2a: Manaphy\n|-boost|p2a: Manaphy|spa|3\n|move|p1a: Araquanid|Sticky Web|p2a: Manaphy\n|-sidestart|p2: notmetbh102|move: Sticky Web\n|\n|upkeep\n|turn|4\n|\n|t:|1782744881\n|move|p2a: Manaphy|Tail Glow|p2a: Manaphy\n|-boost|p2a: Manaphy|spa|3\n|move|p1a: Araquanid|Mirror Coat||[still]\n|-fail|p1a: Araquanid\n|\n|upkeep\n|turn|5\n|\n|t:|1782744885\n|move|p2a: Manaphy|Ice Beam|p1a: Araquanid\n|-resisted|p1a: Araquanid\n|-damage|p1a: Araquanid|157/246 par\n|move|p1a: Araquanid|Mirror Coat|p2a: Manaphy\n|-damage|p2a: Manaphy|106/284\n|\n|-heal|p2a: Manaphy|123/284|[from] item: Leftovers\n|upkeep\n|turn|6\n|\n|t:|1782744892\n|switch|p1a: Vigoroth|Vigoroth, L85, M|275/275\n|move|p2a: Manaphy|Energy Ball|p1a: Vigoroth\n|-damage|p1a: Vigoroth|77/275\n|-unboost|p1a: Vigoroth|spd|1\n|\n|-heal|p2a: Manaphy|140/284|[from] item: Leftovers\n|upkeep\n|turn|7\n|\n|t:|1782744900\n|move|p1a: Vigoroth|Body Slam|p2a: Manaphy\n|-damage|p2a: Manaphy|64/284\n|-status|p2a: Manaphy|par\n|move|p2a: Manaphy|Surf|p1a: Vigoroth\n|-damage|p1a: Vigoroth|0 fnt\n|faint|p1a: Vigoroth\n|\n|-heal|p2a: Manaphy|81/284 par|[from] item: Leftovers\n|upkeep\n|\n|t:|1782744907\n|switch|p1a: Zapdos|Zapdos, L78|268/268\n|turn|8\n|\n|t:|1782744912\n|move|p1a: Zapdos|Hurricane|p2a: Manaphy|[miss]\n|-miss|p1a: Zapdos|p2a: Manaphy\n|move|p2a: Manaphy|Ice Beam|p1a: Zapdos\n|-supereffective|p1a: Zapdos\n|-crit|p1a: Zapdos\n|-damage|p1a: Zapdos|0 fnt\n|faint|p1a: Zapdos\n|\n|-heal|p2a: Manaphy|98/284 par|[from] item: Leftovers\n|upkeep\n|\n|t:|1782744917\n|switch|p1a: Perrserker|Perrserker, L89, M|269/269\n|turn|9\n|\n|t:|1782744920\n|move|p1a: Perrserker|Knock Off|p2a: Manaphy\n|-damage|p2a: Manaphy|0 fnt\n|-enditem|p2a: Manaphy|Leftovers|[from] move: Knock Off|[of] p1a: Perrserker\n|faint|p2a: Manaphy\n|\n|upkeep\n|\n|t:|1782744921\n|switch|p2a: Pincurchin|Pincurchin, F|258/258\n|-activate|p2a: Pincurchin|move: Sticky Web\n|-unboost|p2a: Pincurchin|spe|1\n|-fieldstart|move: Electric Terrain|[from] ability: Electric Surge|[of] p2a: Pincurchin\n|turn|10\n|\n|t:|1782744923\n|switch|p1a: Clodsire|Clodsire, L81, M|343/343\n|move|p2a: Pincurchin|Curse|p2a: Pincurchin\n|-unboost|p2a: Pincurchin|spe|1\n|-boost|p2a: Pincurchin|atk|1\n|-boost|p2a: Pincurchin|def|1\n|\n|upkeep\n|turn|11\n|\n|t:|1782744932\n|switch|p2a: Whiscash|Whiscash, L88, M|337/337\n|-activate|p2a: Whiscash|move: Sticky Web\n|-unboost|p2a: Whiscash|spe|1\n|move|p1a: Clodsire|Earthquake|p2a: Whiscash\n|-damage|p2a: Whiscash|246/337\n|\n|upkeep\n|turn|12\n|\n|t:|1782744938\n|switch|p1a: Araquanid|Araquanid, L82, M|157/246 par\n|move|p2a: Whiscash|Dragon Dance|p2a: Whiscash\n|-boost|p2a: Whiscash|atk|1\n|-boost|p2a: Whiscash|spe|1\n|\n|upkeep\n|turn|13\n|\n|t:|1782744944\n|move|p2a: Whiscash|Stone Edge|p1a: Araquanid\n|-supereffective|p1a: Araquanid\n|-damage|p1a: Araquanid|0 fnt\n|faint|p1a: Araquanid\n|-damage|p2a: Whiscash|213/337|[from] item: Life Orb\n|\n|upkeep\n|\n|t:|1782744948\n|switch|p1a: Haxorus|Haxorus, L77, M|244/244\n|-ability|p1a: Haxorus|Mold Breaker\n|turn|14\n|\n|t:|1782744951\n|-terastallize|p2a: Whiscash|Ground\n|move|p1a: Haxorus|Dragon Dance|p1a: Haxorus\n|-boost|p1a: Haxorus|atk|1\n|-boost|p1a: Haxorus|spe|1\n|move|p2a: Whiscash|Earthquake|p1a: Haxorus\n|-damage|p1a: Haxorus|0 fnt\n|faint|p1a: Haxorus\n|-damage|p2a: Whiscash|180/337|[from] item: Life Orb\n|\n|-fieldend|move: Electric Terrain\n|upkeep\n|-message|Chakraisgae forfeited.\n|\n|win|notmetbh102\n|raw|Chakraisgae's rating: 2260 &rarr; <strong>2239</strong><br />(-21 for losing)\n|raw|notmetbh102's rating: 2248 &rarr; <strong>2269</strong><br />(+21 for winning)\n|c|\u2606notmetbh102|gg\n|l|\u2606Chakraisgae\n|player|p1|\n", "inputlog": ">version f8ac14003a5f27e1bdc8d8c59608a773c1cb96e5\n>start {\"formatid\":\"gen9randombattle\",\"seed\":\"sodium,f0798c5aa31305657c73186a355fd4dd\",\"rated\":\"Rated battle\"}\n>player p1 {\"name\":\"Chakraisgae\",\"avatar\":\"102\",\"rating\":2260,\"seed\":\"sodium,53c7abcb8a77fa4beb85f35094920ff2\"}\n>player p2 {\"name\":\"notmetbh102\",\"avatar\":\"2\",\"rating\":2248,\"seed\":\"sodium,b4fb7c958d3a13665b2a8857f5ca2a44\"}\n>chat \u2606notmetbh102|hf\n>p1 switch 2\n>p2 move thunderwave\n>p1 move stickyweb\n>p2 switch 3\n>p1 move stickyweb\n>p2 move tailglow\n>p1 move mirrorcoat\n>p2 move tailglow\n>p1 move mirrorcoat\n>p2 move icebeam\n>p1 switch 2\n>p2 move energyball\n>p1 move bodyslam\n>p2 move surf\n>p1 switch 5\n>p1 move hurricane\n>p2 move icebeam\n>p1 switch 6\n>p1 move knockoff\n>p2 move surf\n>p2 switch 5\n>p1 switch 4\n>p2 move curse\n>p1 move earthquake\n>p2 switch 2\n>p1 switch 2\n>p2 move dragondance\n>p1 move liquidation\n>p2 move stoneedge\n>p1 switch 3\n>p1 move dragondance\n>p2 move earthquake terastallize\n>forcelose p1", "uploadtime": 1782744970, "views": 6, "formatid": "gen9randombattle", "rating": 2239, "private": 0, "password": null, "player_dets": [{"name": "Chakraisgae", "avatar": "102", "rating": 2260, "seed": "sodium,53c7abcb8a77fa4beb85f35094920ff2"}, {"name": "notmetbh102", "avatar": "2", "rating": 2248, "seed": "sodium,b4fb7c958d3a13665b2a8857f5ca2a44"}], "teams_full": [{"Vigoroth": {"name": "Vigoroth", "species": "Vigoroth", "speciesId": "vigoroth", "gender": "M", "shiny": false, "level": 85, "moves": ["bulkup", "bodyslam", "earthquake", "slackoff"], "ability": "Vital Spirit", "evs": {"hp": 85, "atk": 85, "def": 85, "spa": 85, "spd": 85, "spe": 85}, "ivs": {"hp": 31, "atk": 31, "def": 31, "spa": 31, "spd": 31, "spe": 31}, "item": "Eviolite", "teraType": "Ground", "role": "Bulky Attacker", "bvs": {"hp": 80, "atk": 80, "def": 80, "spa": 55, "spd": 55, "spe": 90}, "stats": {"hp": 275, "atk": 185, "def": 185, "spa": 142, "spd": 142, "spe": 202}, "types": ["Normal"]}, "Araquanid": {"name": "Araquanid", "species": "Araquanid", "speciesId": "araquanid", "gender": "M", "shiny": false, "level": 82, "moves": ["mirrorcoat", "leechlife", "liquidation", "stickyweb"], "ability": "Water Bubble", "evs": {"hp": 85, "atk": 85, "def": 85, "spa": 85, "spd": 85, "spe": 85}, "ivs": {"hp": 31, "atk": 31, "def": 31, "spa": 31, "spd": 31, "spe": 31}, "item": "Heavy-Duty Boots", "teraType": "Ground", "role": "Bulky Attacker", "bvs": {"hp": 68, "atk": 70, "def": 92, "spa": 50, "spd": 132, "spe": 42}, "stats": {"hp": 246, "atk": 162, "def": 198, "spa": 129, "spd": 264, "spe": 116}, "types": ["Water", "Bug"]}, "Haxorus": {"name": "Haxorus", "species": "Haxorus", "speciesId": "haxorus", "gender": "M", "shiny": false, "level": 77, "moves": ["earthquake", "dragondance", "outrage", "ironhead"], "ability": "Mold Breaker", "evs": {"hp": 85, "atk": 85, "def": 85, "spa": 85, "spd": 85, "spe": 85}, "ivs": {"hp": 31, "atk": 31, "def": 31, "spa": 31, "spd": 31, "spe": 31}, "item": "Lum Berry", "teraType": "Steel", "role": "Setup Sweeper", "bvs": {"hp": 76, "atk": 147, "def": 90, "spa": 60, "spd": 70, "spe": 97}, "stats": {"hp": 244, "atk": 271, "def": 183, "spa": 137, "spd": 152, "spe": 194}, "types": ["Dragon"]}, "Clodsire": {"name": "Clodsire", "species": "Clodsire", "speciesId": "clodsire", "gender": "M", "shiny": false, "level": 81, "moves": ["recover", "stealthrock", "earthquake", "gunkshot"], "ability": "Unaware", "evs": {"hp": 85, "atk": 85, "def": 85, "spa": 85, "spd": 85, "spe": 85}, "ivs": {"hp": 31, "atk": 31, "def": 31, "spa": 31, "spd": 31, "spe": 31}, "item": "Leftovers", "teraType": "Flying", "role": "Bulky Attacker", "bvs": {"hp": 130, "atk": 75, "def": 60, "spa": 45, "spd": 100, "spe": 20}, "stats": {"hp": 343, "atk": 168, "def": 144, "spa": 120, "spd": 209, "spe": 79}, "types": ["Poison", "Ground"]}, "Zapdos": {"name": "Zapdos", "species": "Zapdos", "speciesId": "zapdos", "gender": "N", "shiny": false, "level": 78, "moves": ["discharge", "hurricane", "roost", "heatwave"], "ability": "Static", "evs": {"hp": 85, "atk": 0, "def": 85, "spa": 85, "spd": 85, "spe": 85}, "ivs": {"hp": 31, "atk": 0, "def": 31, "spa": 31, "spd": 31, "spe": 31}, "item": "Heavy-Duty Boots", "teraType": "Electric", "role": "Bulky Attacker", "bvs": {"hp": 90, "atk": 90, "def": 85, "spa": 125, "spd": 90, "spe": 100}, "stats": {"hp": 268, "atk": 145, "def": 178, "spa": 240, "spd": 185, "spe": 201}, "types": ["Electric", "Flying"]}, "Perrserker": {"name": "Perrserker", "species": "Perrserker", "speciesId": "perrserker", "gender": "M", "shiny": false, "level": 89, "moves": ["knockoff", "ironhead", "uturn", "closecombat"], "ability": "Tough Claws", "evs": {"hp": 85, "atk": 85, "def": 85, "spa": 85, "spd": 85, "spe": 85}, "ivs": {"hp": 31, "atk": 31, "def": 31, "spa": 31, "spd": 31, "spe": 31}, "item": "Choice Band", "teraType": "Fighting", "role": "Fast Attacker", "bvs": {"hp": 70, "atk": 110, "def": 100, "spa": 50, "spd": 60, "spe": 50}, "stats": {"hp": 269, "atk": 247, "def": 229, "spa": 140, "spd": 158, "spe": 140}, "types": ["Steel"]}}, {"Illumise": {"name": "Illumise", "species": "Illumise", "speciesId": "illumise", "gender": "F", "shiny": false, "level": 91, "moves": ["bugbuzz", "thunderwave", "encore", "roost"], "ability": "Prankster", "evs": {"hp": 85, "atk": 0, "def": 85, "spa": 85, "spd": 85, "spe": 85}, "ivs": {"hp": 31, "atk": 0, "def": 31, "spa": 31, "spd": 31, "spe": 31}, "item": "Heavy-Duty Boots", "teraType": "Steel", "role": "Bulky Support", "bvs": {"hp": 65, "atk": 47, "def": 75, "spa": 73, "spd": 85, "spe": 85}, "stats": {"hp": 266, "atk": 90, "def": 188, "spa": 185, "spd": 207, "spe": 207}, "types": ["Bug"]}, "Whiscash": {"name": "Whiscash", "species": "Whiscash", "speciesId": "whiscash", "gender": "M", "shiny": false, "level": 88, "moves": ["liquidation", "dragondance", "earthquake", "stoneedge"], "ability": "Oblivious", "evs": {"hp": 85, "atk": 85, "def": 85, "spa": 85, "spd": 85, "spe": 85}, "ivs": {"hp": 31, "atk": 31, "def": 31, "spa": 31, "spd": 31, "spe": 31}, "item": "Life Orb", "teraType": "Ground", "role": "Setup Sweeper", "bvs": {"hp": 110, "atk": 78, "def": 73, "spa": 76, "spd": 71, "spe": 60}, "stats": {"hp": 337, "atk": 188, "def": 179, "spa": 184, "spd": 175, "spe": 156}, "types": ["Water", "Ground"]}, "Manaphy": {"name": "Manaphy", "species": "Manaphy", "speciesId": "manaphy", "gender": "N", "shiny": false, "level": 78, "moves": ["energyball", "tailglow", "surf", "icebeam"], "ability": "Hydration", "evs": {"hp": 85, "atk": 0, "def": 85, "spa": 85, "spd": 85, "spe": 85}, "ivs": {"hp": 31, "atk": 0, "def": 31, "spa": 31, "spd": 31, "spe": 31}, "item": "Leftovers", "teraType": "Grass", "role": "Bulky Setup", "bvs": {"hp": 100, "atk": 100, "def": 100, "spa": 100, "spd": 100, "spe": 100}, "stats": {"hp": 284, "atk": 161, "def": 201, "spa": 201, "spd": 201, "spe": 201}, "types": ["Water"]}, "Ursaluna": {"name": "Ursaluna", "species": "Ursaluna-Bloodmoon", "speciesId": "ursalunabloodmoon", "gender": "M", "shiny": false, "level": 79, "moves": ["calmmind", "vacuumwave", "moonlight", "bloodmoon"], "ability": "Mind's Eye", "evs": {"hp": 85, "atk": 0, "def": 85, "spa": 85, "spd": 85, "spe": 85}, "ivs": {"hp": 31, "atk": 0, "def": 31, "spa": 31, "spd": 31, "spe": 31}, "item": "Leftovers", "teraType": "Fighting", "role": "Bulky Setup", "bvs": {"hp": 113, "atk": 70, "def": 120, "spa": 135, "spd": 65, "spe": 52}, "stats": {"hp": 308, "atk": 115, "def": 235, "spa": 259, "spd": 148, "spe": 128}, "types": ["Ground", "Normal"]}, "Pincurchin": {"name": "Pincurchin", "species": "Pincurchin", "speciesId": "pincurchin", "gender": "F", "shiny": false, "level": 100, "moves": ["curse", "recover", "zingzap", "liquidation"], "ability": "Electric Surge", "evs": {"hp": 85, "atk": 85, "def": 85, "spa": 85, "spd": 85, "spe": 85}, "ivs": {"hp": 31, "atk": 31, "def": 31, "spa": 31, "spd": 31, "spe": 31}, "item": "Leftovers", "teraType": "Water", "role": "Bulky Setup", "bvs": {"hp": 48, "atk": 101, "def": 95, "spa": 91, "spd": 85, "spe": 15}, "stats": {"hp": 258, "atk": 259, "def": 247, "spa": 239, "spd": 227, "spe": 87}, "types": ["Electric"]}, "Wyrdeer": {"name": "Wyrdeer", "species": "Wyrdeer", "speciesId": "wyrdeer", "gender": "F", "shiny": false, "level": 87, "moves": ["thunderwave", "psychicnoise", "earthquake", "bodyslam"], "ability": "Intimidate", "evs": {"hp": 85, "atk": 85, "def": 85, "spa": 85, "spd": 85, "spe": 85}, "ivs": {"hp": 31, "atk": 31, "def": 31, "spa": 31, "spd": 31, "spe": 31}, "item": "Leftovers", "teraType": "Ground", "role": "Bulky Attacker", "bvs": {"hp": 103, "atk": 105, "def": 72, "spa": 105, "spd": 75, "spe": 65}, "stats": {"hp": 321, "atk": 232, "def": 175, "spa": 232, "spd": 180, "spe": 163}, "types": ["Normal", "Psychic"]}}]}