{"id": "gen9randombattle-2641500234", "format": "[Gen 9] Random Battle", "players": ["CheesyPudding", "103y916"], "log": "|j|\u2606CheesyPudding\n|j|\u2606103y916\n|t:|1782795333\n|gametype|singles\n|player|p1|CheesyPudding|169|1397\n|player|p2|103y916|101|1348\n|gen|9\n|tier|[Gen 9] Random Battle\n|rated|\n|rule|Species Clause: Limit one of each Pok\u00e9mon\n|rule|HP Percentage Mod: HP is shown in percentages\n|rule|Sleep Clause Mod: Limit one foe put to sleep\n|rule|Illusion Level Mod: Illusion disguises the Pok\u00e9mon's true level\n|\n|t:|1782795333\n|teamsize|p1|6\n|teamsize|p2|6\n|start\n|switch|p1a: Noivern|Noivern, L82, M|274/274\n|switch|p2a: Oricorio|Oricorio-Pa'u, L87, M|272/272\n|turn|1\n|\n|t:|1782795345\n|switch|p2a: Mightyena|Mightyena, L96, F|290/290\n|-ability|p2a: Mightyena|Intimidate|boost\n|-unboost|p1a: Noivern|atk|1\n|move|p1a: Noivern|Boomburst|p2a: Mightyena\n|-damage|p2a: Mightyena|142/290\n|\n|upkeep\n|turn|2\n|\n|t:|1782795353\n|move|p1a: Noivern|Boomburst|p2a: Mightyena\n|-damage|p2a: Mightyena|0 fnt\n|faint|p2a: Mightyena\n|\n|upkeep\n|\n|t:|1782795360\n|switch|p2a: Oricorio|Oricorio-Pa'u, L87, M|272/272\n|turn|3\n|\n|t:|1782795387\n|move|p1a: Noivern|Boomburst|p2a: Oricorio\n|-damage|p2a: Oricorio|108/272\n|move|p2a: Oricorio|Quiver Dance|p2a: Oricorio\n|-boost|p2a: Oricorio|spa|1\n|-boost|p2a: Oricorio|spd|1\n|-boost|p2a: Oricorio|spe|1\n|\n|upkeep\n|turn|4\n|\n|t:|1782795393\n|-terastallize|p1a: Noivern|Normal\n|move|p2a: Oricorio|Roost|p2a: Oricorio\n|-heal|p2a: Oricorio|244/272\n|-singleturn|p2a: Oricorio|move: Roost\n|move|p1a: Noivern|Boomburst|p2a: Oricorio\n|-damage|p2a: Oricorio|97/272\n|\n|upkeep\n|turn|5\n|inactive|Battle timer is ON: inactive players will automatically lose when time's up. (requested by CheesyPudding)\n|\n|t:|1782795411\n|move|p2a: Oricorio|Roost|p2a: Oricorio\n|-heal|p2a: Oricorio|233/272\n|-singleturn|p2a: Oricorio|move: Roost\n|move|p1a: Noivern|Boomburst|p2a: Oricorio\n|-damage|p2a: Oricorio|79/272\n|\n|upkeep\n|turn|6\n|\n|t:|1782795441\n|move|p2a: Oricorio|Hurricane|p1a: Noivern|[miss]\n|-miss|p2a: Oricorio|p1a: Noivern\n|move|p1a: Noivern|Boomburst|p2a: Oricorio\n|-damage|p2a: Oricorio|0 fnt\n|faint|p2a: Oricorio\n|\n|upkeep\n|\n|t:|1782795447\n|switch|p2a: Gothitelle|Gothitelle, L90, M|272/272\n|turn|7\n|\n|t:|1782795455\n|move|p1a: Noivern|Boomburst|p2a: Gothitelle\n|-damage|p2a: Gothitelle|110/272\n|move|p2a: Gothitelle|Calm Mind|p2a: Gothitelle\n|-boost|p2a: Gothitelle|spa|1\n|-boost|p2a: Gothitelle|spd|1\n|\n|-heal|p2a: Gothitelle|127/272|[from] item: Leftovers\n|upkeep\n|turn|8\n|\n|t:|1782795462\n|move|p1a: Noivern|Boomburst|p2a: Gothitelle\n|-damage|p2a: Gothitelle|16/272\n|move|p2a: Gothitelle|Dark Pulse|p1a: Noivern\n|-damage|p1a: Noivern|173/274\n|\n|-heal|p2a: Gothitelle|33/272|[from] item: Leftovers\n|upkeep\n|turn|9\n|\n|t:|1782795470\n|move|p1a: Noivern|Boomburst|p2a: Gothitelle\n|-damage|p2a: Gothitelle|0 fnt\n|faint|p2a: Gothitelle\n|\n|upkeep\n|c|\u2606103y916|I cant beat this \ud83d\udc94\ud83e\udd40\n|inactive|103y916 has 120 seconds left.\n|\n|t:|1782795511\n|switch|p2a: Charizard|Charizard, L85, F|271/271\n|turn|10\n|\n|t:|1782795531\n|move|p1a: Noivern|Boomburst|p2a: Charizard\n|-damage|p2a: Charizard|55/271\n|move|p2a: Charizard|Flamethrower|p1a: Noivern\n|-damage|p1a: Noivern|0 fnt\n|faint|p1a: Noivern\n|\n|upkeep\n|\n|t:|1782795538\n|switch|p1a: Thundurus|Thundurus, L80, M|258/258\n|turn|11\n|inactive|103y916 has 120 seconds left.\n|\n|t:|1782795555\n|move|p1a: Thundurus|Thunderbolt|p2a: Charizard\n|-supereffective|p2a: Charizard\n|-damage|p2a: Charizard|0 fnt\n|faint|p2a: Charizard\n|\n|upkeep\n|\n|t:|1782795558\n|switch|p2a: Porygon-Z|Porygon-Z, L83|277/277\n|turn|12\n|\n|t:|1782795570\n|-terastallize|p2a: Porygon-Z|Electric\n|move|p1a: Thundurus|Knock Off|p2a: Porygon-Z\n|-damage|p2a: Porygon-Z|190/277\n|-enditem|p2a: Porygon-Z|Life Orb|[from] move: Knock Off|[of] p1a: Thundurus\n|move|p2a: Porygon-Z|Ice Beam|p1a: Thundurus\n|-supereffective|p1a: Thundurus\n|-damage|p1a: Thundurus|88/258\n|\n|upkeep\n|turn|13\n|\n|t:|1782795588\n|switch|p1a: Medicham|Medicham, L86, F|243/243\n|move|p2a: Porygon-Z|Ice Beam|p1a: Medicham\n|-damage|p1a: Medicham|157/243\n|\n|upkeep\n|turn|14\n|\n|t:|1782795599\n|move|p2a: Porygon-Z|Thunderbolt|p1a: Medicham\n|-damage|p1a: Medicham|0 fnt\n|faint|p1a: Medicham\n|\n|upkeep\n|\n|t:|1782795605\n|switch|p1a: Glastrier|Glastrier, L86|312/312\n|turn|15\n|\n|t:|1782795618\n|move|p2a: Porygon-Z|Thunderbolt|p1a: Glastrier\n|-crit|p1a: Glastrier\n|-damage|p1a: Glastrier|124/312\n|-status|p1a: Glastrier|par\n|cant|p1a: Glastrier|par\n|\n|upkeep\n|turn|16\n|\n|t:|1782795629\n|move|p2a: Porygon-Z|Nasty Plot|p2a: Porygon-Z\n|-boost|p2a: Porygon-Z|spa|2\n|cant|p1a: Glastrier|par\n|\n|upkeep\n|turn|17\n|\n|t:|1782795638\n|move|p2a: Porygon-Z|Thunderbolt|p1a: Glastrier\n|-damage|p1a: Glastrier|0 fnt\n|faint|p1a: Glastrier\n|\n|upkeep\n|\n|t:|1782795648\n|switch|p1a: Persian|Persian-Alola, L86, F|252/252\n|turn|18\n|\n|t:|1782795658\n|move|p1a: Persian|Knock Off|p2a: Porygon-Z\n|-damage|p2a: Porygon-Z|124/277\n|move|p2a: Porygon-Z|Thunderbolt|p1a: Persian\n|-damage|p1a: Persian|0 fnt\n|faint|p1a: Persian\n|\n|upkeep\n|\n|t:|1782795663\n|switch|p1a: Thundurus|Thundurus, L80, M|88/258\n|turn|19\n|\n|t:|1782795666\n|move|p1a: Thundurus|Thunderbolt|p2a: Porygon-Z\n|-resisted|p2a: Porygon-Z\n|-damage|p2a: Porygon-Z|64/277\n|move|p2a: Porygon-Z|Ice Beam|p1a: Thundurus\n|-supereffective|p1a: Thundurus\n|-damage|p1a: Thundurus|0 fnt\n|faint|p1a: Thundurus\n|\n|upkeep\n|\n|t:|1782795668\n|switch|p1a: Sandslash|Sandslash-Alola, L88, M|275/275\n|turn|20\n|\n|t:|1782795672\n|move|p2a: Porygon-Z|Thunderbolt|p1a: Sandslash\n|-damage|p1a: Sandslash|0 fnt\n|faint|p1a: Sandslash\n|\n|win|103y916\n|raw|CheesyPudding's rating: 1397 &rarr; <strong>1374</strong><br />(-23 for losing)\n|raw|103y916's rating: 1348 &rarr; <strong>1371</strong><br />(+23 for winning)\n|c|\u2606CheesyPudding|i cant beat that\n|l|\u2606CheesyPudding\n|player|p1|\n|c|\u2606103y916|Never give up\n", "inputlog": ">version f8ac14003a5f27e1bdc8d8c59608a773c1cb96e5\n>start {\"formatid\":\"gen9randombattle\",\"seed\":\"sodium,4150e38698627f868c79ea78db9ece3f\",\"rated\":\"Rated battle\"}\n>player p1 {\"name\":\"CheesyPudding\",\"avatar\":\"169\",\"rating\":1397,\"seed\":\"sodium,e84d0aa501f990750790ba4b7f733073\"}\n>player p2 {\"name\":\"103y916\",\"avatar\":\"101\",\"rating\":1348,\"seed\":\"sodium,cd5f976d99fc038d9548b7291fd7ca14\"}\n>p1 move boomburst\n>p2 switch 5\n>p1 move boomburst\n>p2 move playrough\n>p2 switch 5\n>p1 move boomburst\n>p2 move quiverdance\n>p1 move boomburst terastallize\n>p2 move roost\n>p1 move boomburst\n>p2 move roost\n>p1 move boomburst\n>p2 move hurricane\n>p2 switch 2\n>p1 move boomburst\n>p2 move calmmind\n>p1 move boomburst\n>p2 move darkpulse\n>p1 move boomburst\n>p2 move psychicnoise\n>chat \u2606103y916|I cant beat this \ud83d\udc94\ud83e\udd40\n>p2 switch 3\n>p1 move boomburst\n>p2 move flamethrower\n>p1 switch 6\n>p1 move thunderbolt\n>p2 move flamethrower\n>p2 switch 6\n>p1 move knockoff\n>p2 move icebeam terastallize\n>p1 switch 5\n>p2 move icebeam\n>p1 move closecombat\n>p2 move thunderbolt\n>p1 switch 3\n>p1 move iciclecrash\n>p2 move thunderbolt\n>p1 move iciclecrash\n>p2 move nastyplot\n>p1 move iciclecrash\n>p2 move thunderbolt\n>p1 switch 2\n>p1 move knockoff\n>p2 move thunderbolt\n>p1 switch 5\n>p1 move thunderbolt\n>p2 move icebeam\n>p1 switch 4\n>p1 move rapidspin\n>p2 move thunderbolt", "uploadtime": 1782795691, "views": 27, "formatid": "gen9randombattle", "rating": 1371, "private": 0, "password": null, "player_dets": [{"name": "CheesyPudding", "avatar": "169", "rating": 1397, "seed": "sodium,e84d0aa501f990750790ba4b7f733073"}, {"name": "103y916", "avatar": "101", "rating": 1348, "seed": "sodium,cd5f976d99fc038d9548b7291fd7ca14"}], "teams_full": [{"Noivern": {"name": "Noivern", "species": "Noivern", "speciesId": "noivern", "gender": "M", "shiny": false, "level": 82, "moves": ["uturn", "dracometeor", "boomburst", "hurricane"], "ability": "Infiltrator", "evs": {"hp": 85, "atk": 85, "def": 85, "spa": 85, "spd": 85, "spe": 85}, "ivs": {"hp": 31, "atk": 31, "def": 31, "spa": 31, "spd": 31, "spe": 31}, "item": "Choice Specs", "teraType": "Normal", "role": "Fast Attacker", "bvs": {"hp": 85, "atk": 70, "def": 80, "spa": 97, "spd": 80, "spe": 123}, "stats": {"hp": 274, "atk": 162, "def": 178, "spa": 206, "spd": 178, "spe": 249}, "types": ["Flying", "Dragon"]}, "Persian": {"name": "Persian", "species": "Persian-Alola", "speciesId": "persianalola", "gender": "F", "shiny": false, "level": 86, "moves": ["knockoff", "thunderwave", "taunt", "partingshot"], "ability": "Fur Coat", "evs": {"hp": 85, "atk": 85, "def": 85, "spa": 85, "spd": 85, "spe": 85}, "ivs": {"hp": 31, "atk": 31, "def": 31, "spa": 31, "spd": 31, "spe": 31}, "item": "Heavy-Duty Boots", "teraType": "Ghost", "role": "Fast Support", "bvs": {"hp": 65, "atk": 60, "def": 60, "spa": 75, "spd": 65, "spe": 115}, "stats": {"hp": 252, "atk": 152, "def": 152, "spa": 178, "spd": 161, "spe": 247}, "types": ["Dark"]}, "Glastrier": {"name": "Glastrier", "species": "Glastrier", "speciesId": "glastrier", "gender": "N", "shiny": false, "level": 86, "moves": ["closecombat", "iciclecrash", "swordsdance", "heavyslam"], "ability": "Chilling Neigh", "evs": {"hp": 85, "atk": 85, "def": 85, "spa": 85, "spd": 85, "spe": 85}, "ivs": {"hp": 31, "atk": 31, "def": 31, "spa": 31, "spd": 31, "spe": 31}, "item": "Heavy-Duty Boots", "teraType": "Steel", "role": "Bulky Attacker", "bvs": {"hp": 100, "atk": 145, "def": 130, "spa": 65, "spd": 110, "spe": 30}, "stats": {"hp": 312, "atk": 299, "def": 273, "spa": 161, "spd": 238, "spe": 101}, "types": ["Ice"]}, "Sandslash": {"name": "Sandslash", "species": "Sandslash-Alola", "speciesId": "sandslashalola", "gender": "M", "shiny": false, "level": 88, "moves": ["swordsdance", "tripleaxel", "earthquake", "rapidspin"], "ability": "Slush Rush", "evs": {"hp": 85, "atk": 85, "def": 85, "spa": 85, "spd": 85, "spe": 85}, "ivs": {"hp": 31, "atk": 31, "def": 31, "spa": 31, "spd": 31, "spe": 31}, "item": "Leftovers", "teraType": "Ground", "role": "Setup Sweeper", "bvs": {"hp": 75, "atk": 100, "def": 120, "spa": 25, "spd": 65, "spe": 65}, "stats": {"hp": 275, "atk": 226, "def": 261, "spa": 94, "spd": 165, "spe": 165}, "types": ["Ice", "Steel"]}, "Medicham": {"name": "Medicham", "species": "Medicham", "speciesId": "medicham", "gender": "F", "shiny": false, "level": 86, "moves": ["zenheadbutt", "bulletpunch", "poisonjab", "closecombat"], "ability": "Pure Power", "evs": {"hp": 85, "atk": 85, "def": 85, "spa": 85, "spd": 85, "spe": 85}, "ivs": {"hp": 31, "atk": 31, "def": 31, "spa": 31, "spd": 31, "spe": 31}, "item": "Choice Band", "teraType": "Fighting", "role": "Fast Attacker", "bvs": {"hp": 60, "atk": 60, "def": 75, "spa": 60, "spd": 75, "spe": 80}, "stats": {"hp": 243, "atk": 152, "def": 178, "spa": 152, "spd": 178, "spe": 187}, "types": ["Fighting", "Psychic"]}, "Thundurus": {"name": "Thundurus", "species": "Thundurus", "speciesId": "thundurus", "gender": "M", "shiny": false, "level": 80, "moves": ["knockoff", "thunderbolt", "grassknot", "acrobatics"], "ability": "Defiant", "evs": {"hp": 85, "atk": 85, "def": 85, "spa": 85, "spd": 85, "spe": 85}, "ivs": {"hp": 31, "atk": 31, "def": 31, "spa": 31, "spd": 31, "spe": 31}, "item": "", "teraType": "Flying", "role": "Wallbreaker", "bvs": {"hp": 79, "atk": 115, "def": 70, "spa": 125, "spd": 80, "spe": 111}, "stats": {"hp": 258, "atk": 230, "def": 158, "spa": 246, "spd": 174, "spe": 224}, "types": ["Electric", "Flying"]}}, {"Oricorio": {"name": "Oricorio", "species": "Oricorio-Pa'u", "speciesId": "oricoriopau", "gender": "M", "shiny": false, "level": 87, "moves": ["revelationdance", "quiverdance", "hurricane", "roost"], "ability": "Dancer", "evs": {"hp": 85, "atk": 0, "def": 85, "spa": 85, "spd": 85, "spe": 85}, "ivs": {"hp": 31, "atk": 0, "def": 31, "spa": 31, "spd": 31, "spe": 31}, "item": "Heavy-Duty Boots", "teraType": "Fighting", "role": "Setup Sweeper", "bvs": {"hp": 75, "atk": 70, "def": 70, "spa": 98, "spd": 70, "spe": 93}, "stats": {"hp": 272, "atk": 126, "def": 172, "spa": 220, "spd": 172, "spe": 212}, "types": ["Psychic", "Flying"]}, "Gothitelle": {"name": "Gothitelle", "species": "Gothitelle", "speciesId": "gothitelle", "gender": "M", "shiny": false, "level": 90, "moves": ["darkpulse", "focusblast", "psychicnoise", "calmmind"], "ability": "Shadow Tag", "evs": {"hp": 85, "atk": 0, "def": 85, "spa": 85, "spd": 85, "spe": 85}, "ivs": {"hp": 31, "atk": 0, "def": 31, "spa": 31, "spd": 31, "spe": 31}, "item": "Leftovers", "teraType": "Dark", "role": "Bulky Setup", "bvs": {"hp": 70, "atk": 55, "def": 95, "spa": 95, "spd": 110, "spe": 65}, "stats": {"hp": 272, "atk": 104, "def": 222, "spa": 222, "spd": 249, "spe": 168}, "types": ["Psychic"]}, "Charizard": {"name": "Charizard", "species": "Charizard", "speciesId": "charizard", "gender": "F", "shiny": false, "level": 85, "moves": ["hurricane", "willowisp", "flamethrower", "earthquake"], "ability": "Blaze", "evs": {"hp": 85, "atk": 85, "def": 85, "spa": 85, "spd": 85, "spe": 85}, "ivs": {"hp": 31, "atk": 31, "def": 31, "spa": 31, "spd": 31, "spe": 31}, "item": "Heavy-Duty Boots", "teraType": "Fire", "role": "Fast Attacker", "bvs": {"hp": 78, "atk": 84, "def": 78, "spa": 109, "spd": 85, "spe": 100}, "stats": {"hp": 271, "atk": 192, "def": 181, "spa": 234, "spd": 193, "spe": 219}, "types": ["Fire", "Flying"]}, "Dragalge": {"name": "Dragalge", "species": "Dragalge", "speciesId": "dragalge", "gender": "M", "shiny": false, "level": 88, "moves": ["toxic", "focusblast", "dracometeor", "sludgewave"], "ability": "Adaptability", "evs": {"hp": 85, "atk": 0, "def": 85, "spa": 85, "spd": 85, "spe": 85}, "ivs": {"hp": 31, "atk": 0, "def": 31, "spa": 31, "spd": 31, "spe": 31}, "item": "Leftovers", "teraType": "Fighting", "role": "Bulky Attacker", "bvs": {"hp": 65, "atk": 75, "def": 90, "spa": 97, "spd": 123, "spe": 44}, "stats": {"hp": 258, "atk": 137, "def": 209, "spa": 221, "spd": 267, "spe": 128}, "types": ["Poison", "Dragon"]}, "Mightyena": {"name": "Mightyena", "species": "Mightyena", "speciesId": "mightyena", "gender": "F", "shiny": false, "level": 96, "moves": ["throatchop", "playrough", "poisonfang", "suckerpunch"], "ability": "Intimidate", "evs": {"hp": 85, "atk": 85, "def": 85, "spa": 85, "spd": 85, "spe": 85}, "ivs": {"hp": 31, "atk": 31, "def": 31, "spa": 31, "spd": 31, "spe": 31}, "item": "Choice Band", "teraType": "Poison", "role": "Bulky Attacker", "bvs": {"hp": 70, "atk": 90, "def": 70, "spa": 60, "spd": 60, "spe": 70}, "stats": {"hp": 290, "atk": 227, "def": 189, "spa": 170, "spd": 170, "spe": 189}, "types": ["Dark"]}, "Porygon-Z": {"name": "Porygon-Z", "species": "Porygon-Z", "speciesId": "porygonz", "gender": "N", "shiny": false, "level": 83, "moves": ["icebeam", "thunderbolt", "triattack", "nastyplot"], "ability": "Adaptability", "evs": {"hp": 85, "atk": 0, "def": 85, "spa": 85, "spd": 85, "spe": 85}, "ivs": {"hp": 31, "atk": 0, "def": 31, "spa": 31, "spd": 31, "spe": 31}, "item": "Life Orb", "teraType": "Electric", "role": "Fast Attacker", "bvs": {"hp": 85, "atk": 80, "def": 70, "spa": 135, "spd": 75, "spe": 90}, "stats": {"hp": 277, "atk": 137, "def": 164, "spa": 272, "spd": 172, "spe": 197}, "types": ["Normal"]}}]}