{"id": "gen9randombattle-2641682371", "format": "[Gen 9] Random Battle", "players": ["mayqueen nyannyan", "Poopoo mcnuts"], "log": "|j|\u2606mayqueen nyannyan\n|j|\u203dPoopoo mcnuts\n|t:|1782829249\n|gametype|singles\n|player|p1|mayqueen nyannyan|169|2003\n|player|p2|Poopoo mcnuts|266|1917\n|gen|9\n|tier|[Gen 9] Random Battle\n|rated|\n|rule|Species Clause: Limit one of each Pok\u00e9mon\n|rule|HP Percentage Mod: HP is shown in percentages\n|rule|Sleep Clause Mod: Limit one foe put to sleep\n|rule|Illusion Level Mod: Illusion disguises the Pok\u00e9mon's true level\n|\n|t:|1782829249\n|teamsize|p1|6\n|teamsize|p2|6\n|start\n|switch|p1a: Skarmory|Skarmory, L80, M|235/235\n|switch|p2a: Gumshoos|Gumshoos, L95, M|321/321\n|turn|1\n|inactive|Battle timer is ON: inactive players will automatically lose when time's up. (requested by Poopoo mcnuts)\n|inactive|mayqueen nyannyan has 120 seconds left.\n|\n|t:|1782829345\n|switch|p2a: Pincurchin|Pincurchin, F|258/258\n|-fieldstart|move: Electric Terrain|[from] ability: Electric Surge|[of] p2a: Pincurchin\n|move|p1a: Skarmory|Stealth Rock|p2a: Pincurchin\n|-sidestart|p2: Poopoo mcnuts|move: Stealth Rock\n|\n|upkeep\n|turn|2\n|\n|t:|1782829358\n|switch|p1a: Vileplume|Vileplume, L85, M|266/266\n|move|p2a: Pincurchin|Zing Zap|p1a: Vileplume\n|-resisted|p1a: Vileplume\n|-damage|p1a: Vileplume|185/266\n|\n|-heal|p1a: Vileplume|201/266|[from] item: Leftovers\n|upkeep\n|turn|3\n|\n|t:|1782829372\n|switch|p2a: Morpeko|Morpeko, L88, M|245/245\n|move|p1a: Vileplume|Sludge Bomb|p2a: Morpeko\n|-damage|p2a: Morpeko|98/245\n|\n|-heal|p1a: Vileplume|217/266|[from] item: Leftovers\n|-formechange|p2a: Morpeko|Morpeko-Hangry||[from] ability: Hunger Switch\n|upkeep\n|turn|4\n|\n|t:|1782829385\n|move|p2a: Morpeko|Parting Shot|p1a: Vileplume\n|-unboost|p1a: Vileplume|atk|1\n|-unboost|p1a: Vileplume|spa|1\n|\n|t:|1782829388\n|switch|p2a: Sandaconda|Sandaconda, L84, M|258/258|[from] Parting Shot\n|-damage|p2a: Sandaconda|242/258|[from] Stealth Rock\n|move|p1a: Vileplume|Sludge Bomb|p2a: Sandaconda\n|-resisted|p2a: Sandaconda\n|-damage|p2a: Sandaconda|195/258\n|\n|-heal|p2a: Sandaconda|211/258|[from] item: Leftovers\n|-heal|p1a: Vileplume|233/266|[from] item: Leftovers\n|upkeep\n|turn|5\n|\n|t:|1782829401\n|move|p2a: Sandaconda|Earthquake|p1a: Vileplume\n|-damage|p1a: Vileplume|127/266\n|move|p1a: Vileplume|Giga Drain|p2a: Sandaconda\n|-supereffective|p2a: Sandaconda\n|-damage|p2a: Sandaconda|67/258\n|-heal|p1a: Vileplume|199/266|[from] drain|[of] p2a: Sandaconda\n|\n|-heal|p2a: Sandaconda|83/258|[from] item: Leftovers\n|-heal|p1a: Vileplume|215/266|[from] item: Leftovers\n|-fieldend|move: Electric Terrain\n|upkeep\n|turn|6\n|\n|t:|1782829407\n|move|p2a: Sandaconda|Stealth Rock|p1a: Vileplume\n|-sidestart|p1: mayqueen nyannyan|move: Stealth Rock\n|move|p1a: Vileplume|Giga Drain|p2a: Sandaconda\n|-supereffective|p2a: Sandaconda\n|-damage|p2a: Sandaconda|0 fnt\n|-heal|p1a: Vileplume|257/266|[from] drain|[of] p2a: Sandaconda\n|faint|p2a: Sandaconda\n|\n|-heal|p1a: Vileplume|266/266|[from] item: Leftovers\n|upkeep\n|\n|t:|1782829412\n|switch|p2a: Morpeko|Morpeko, L88, M|98/245\n|turn|7\n|\n|t:|1782829416\n|move|p2a: Morpeko|Rapid Spin|p1a: Vileplume\n|-damage|p1a: Vileplume|229/266\n|-boost|p2a: Morpeko|spe|1\n|-sideend|p2: Poopoo mcnuts|Stealth Rock|[from] move: Rapid Spin|[of] p2a: Morpeko\n|move|p1a: Vileplume|Sludge Bomb|p2a: Morpeko\n|-damage|p2a: Morpeko|0 fnt\n|faint|p2a: Morpeko\n|\n|-heal|p1a: Vileplume|245/266|[from] item: Leftovers\n|upkeep\n|\n|t:|1782829418\n|switch|p2a: Staraptor|Staraptor, L79, M|263/263\n|turn|8\n|\n|t:|1782829426\n|switch|p1a: Skarmory|Skarmory, L80, M|235/235\n|-damage|p1a: Skarmory|206/235|[from] Stealth Rock\n|move|p2a: Staraptor|U-turn|p1a: Skarmory\n|-resisted|p1a: Skarmory\n|-damage|p1a: Skarmory|191/235\n|-damage|p2a: Staraptor|220/263|[from] item: Rocky Helmet|[of] p1a: Skarmory\n|\n|t:|1782829439\n|switch|p2a: Pincurchin|Pincurchin, F|258/258|[from] U-turn\n|-fieldstart|move: Electric Terrain|[from] ability: Electric Surge|[of] p2a: Pincurchin\n|\n|upkeep\n|turn|9\n|\n|t:|1782829445\n|switch|p1a: Vileplume|Vileplume, L85, M|245/266\n|-damage|p1a: Vileplume|212/266|[from] Stealth Rock\n|switch|p2a: Staraptor|Staraptor, L79, M|220/263\n|\n|-heal|p1a: Vileplume|228/266|[from] item: Leftovers\n|upkeep\n|turn|10\n|\n|t:|1782829448\n|switch|p1a: Skarmory|Skarmory, L80, M|191/235\n|-damage|p1a: Skarmory|162/235|[from] Stealth Rock\n|move|p2a: Staraptor|Brave Bird|p1a: Skarmory\n|-resisted|p1a: Skarmory\n|-damage|p1a: Skarmory|81/235\n|-damage|p2a: Staraptor|177/263|[from] item: Rocky Helmet|[of] p1a: Skarmory\n|-damage|p2a: Staraptor|150/263|[from] Recoil\n|\n|upkeep\n|turn|11\n|\n|t:|1782829455\n|move|p2a: Staraptor|Brave Bird|p1a: Skarmory\n|-resisted|p1a: Skarmory\n|-damage|p1a: Skarmory|2/235\n|-damage|p2a: Staraptor|107/263|[from] item: Rocky Helmet|[of] p1a: Skarmory\n|-damage|p2a: Staraptor|81/263|[from] Recoil\n|move|p1a: Skarmory|Roost|p1a: Skarmory\n|-heal|p1a: Skarmory|120/235\n|-singleturn|p1a: Skarmory|move: Roost\n|\n|upkeep\n|turn|12\n|-message|Poopoo mcnuts forfeited.\n|\n|win|mayqueen nyannyan\n|raw|mayqueen nyannyan's rating: 2003 &rarr; <strong>2018</strong><br />(+15 for winning)\n|raw|Poopoo mcnuts's rating: 1917 &rarr; <strong>1902</strong><br />(-15 for losing)\n", "inputlog": ">version f8ac14003a5f27e1bdc8d8c59608a773c1cb96e5\n>start {\"formatid\":\"gen9randombattle\",\"seed\":\"sodium,b0b182dfd71b7255278d276a9a1701eb\",\"rated\":\"Rated battle\"}\n>player p1 {\"name\":\"mayqueen nyannyan\",\"avatar\":\"169\",\"rating\":2003,\"seed\":\"sodium,be6c042c1dd60f8fd9664772c1229235\"}\n>player p2 {\"name\":\"Poopoo mcnuts\",\"avatar\":\"266\",\"rating\":1917,\"seed\":\"sodium,d5917908450430c9c102b5f5fe643ec1\"}\n>p1 move stealthrock\n>p2 switch 5\n>p1 switch 6\n>p2 move zingzap\n>p1 move sludgebomb\n>p2 switch 3\n>p1 move sludgebomb\n>p2 move partingshot\n>p2 switch 4\n>p1 move gigadrain\n>p2 move earthquake\n>p1 move gigadrain\n>p2 move stealthrock\n>p2 switch 4\n>p1 move sludgebomb\n>p2 move rapidspin\n>p2 switch 2\n>p1 switch 6\n>p2 move uturn\n>p2 switch 3\n>p1 switch 6\n>p2 switch 3\n>p1 switch 6\n>p2 move bravebird\n>p1 move roost\n>p2 move bravebird\n>forcelose p2", "uploadtime": 1782829250, "views": 5, "formatid": "gen9randombattle", "rating": 1902, "private": 0, "password": null, "player_dets": [{"name": "mayqueen nyannyan", "avatar": "169", "rating": 2003, "seed": "sodium,be6c042c1dd60f8fd9664772c1229235"}, {"name": "Poopoo mcnuts", "avatar": "266", "rating": 1917, "seed": "sodium,d5917908450430c9c102b5f5fe643ec1"}], "teams_full": [{"Skarmory": {"name": "Skarmory", "species": "Skarmory", "speciesId": "skarmory", "gender": "M", "shiny": false, "level": 80, "moves": ["stealthrock", "roost", "bravebird", "bodypress"], "ability": "Sturdy", "evs": {"hp": 85, "atk": 85, "def": 85, "spa": 85, "spd": 85, "spe": 85}, "ivs": {"hp": 31, "atk": 31, "def": 31, "spa": 31, "spd": 31, "spe": 31}, "item": "Rocky Helmet", "teraType": "Dragon", "role": "Bulky Attacker", "bvs": {"hp": 65, "atk": 80, "def": 140, "spa": 40, "spd": 70, "spe": 70}, "stats": {"hp": 235, "atk": 174, "def": 270, "spa": 110, "spd": 158, "spe": 158}, "types": ["Steel", "Flying"]}, "Bruxish": {"name": "Bruxish", "species": "Bruxish", "speciesId": "bruxish", "gender": "F", "shiny": false, "level": 85, "moves": ["psychicfangs", "wavecrash", "crunch", "flipturn"], "ability": "Strong Jaw", "evs": {"hp": 85, "atk": 85, "def": 85, "spa": 85, "spd": 85, "spe": 85}, "ivs": {"hp": 31, "atk": 31, "def": 31, "spa": 31, "spd": 31, "spe": 31}, "item": "Choice Band", "teraType": "Dark", "role": "Fast Attacker", "bvs": {"hp": 68, "atk": 105, "def": 70, "spa": 70, "spd": 70, "spe": 92}, "stats": {"hp": 254, "atk": 227, "def": 168, "spa": 168, "spd": 168, "spe": 205}, "types": ["Water", "Psychic"]}, "Hatterene": {"name": "Hatterene", "species": "Hatterene", "speciesId": "hatterene", "gender": "F", "shiny": false, "level": 85, "moves": ["calmmind", "psyshock", "drainingkiss", "mysticalfire"], "ability": "Magic Bounce", "evs": {"hp": 85, "atk": 0, "def": 85, "spa": 85, "spd": 85, "spe": 85}, "ivs": {"hp": 31, "atk": 0, "def": 31, "spa": 31, "spd": 31, "spe": 31}, "item": "Leftovers", "teraType": "Steel", "role": "Bulky Setup", "bvs": {"hp": 57, "atk": 90, "def": 95, "spa": 136, "spd": 103, "spe": 29}, "stats": {"hp": 236, "atk": 158, "def": 210, "spa": 280, "spd": 224, "spe": 98}, "types": ["Psychic", "Fairy"]}, "Haxorus": {"name": "Haxorus", "species": "Haxorus", "speciesId": "haxorus", "gender": "F", "shiny": false, "level": 77, "moves": ["closecombat", "ironhead", "swordsdance", "scaleshot"], "ability": "Mold Breaker", "evs": {"hp": 85, "atk": 85, "def": 85, "spa": 85, "spd": 85, "spe": 85}, "ivs": {"hp": 31, "atk": 31, "def": 31, "spa": 31, "spd": 31, "spe": 31}, "item": "Loaded Dice", "teraType": "Steel", "role": "Fast Bulky Setup", "bvs": {"hp": 76, "atk": 147, "def": 90, "spa": 60, "spd": 70, "spe": 97}, "stats": {"hp": 244, "atk": 271, "def": 183, "spa": 137, "spd": 152, "spe": 194}, "types": ["Dragon"]}, "Cryogonal": {"name": "Cryogonal", "species": "Cryogonal", "speciesId": "cryogonal", "gender": "N", "shiny": false, "level": 89, "moves": ["recover", "terablast", "rapidspin", "icebeam"], "ability": "Levitate", "evs": {"hp": 85, "atk": 85, "def": 85, "spa": 85, "spd": 85, "spe": 85}, "ivs": {"hp": 31, "atk": 31, "def": 31, "spa": 31, "spd": 31, "spe": 31}, "item": "Heavy-Duty Boots", "teraType": "Electric", "role": "Tera Blast user", "bvs": {"hp": 80, "atk": 50, "def": 50, "spa": 95, "spd": 135, "spe": 105}, "stats": {"hp": 287, "atk": 140, "def": 140, "spa": 220, "spd": 291, "spe": 238}, "types": ["Ice"]}, "Vileplume": {"name": "Vileplume", "species": "Vileplume", "speciesId": "vileplume", "gender": "M", "shiny": false, "level": 85, "moves": ["gigadrain", "sleeppowder", "strengthsap", "sludgebomb"], "ability": "Effect Spore", "evs": {"hp": 85, "atk": 0, "def": 85, "spa": 85, "spd": 85, "spe": 85}, "ivs": {"hp": 31, "atk": 0, "def": 31, "spa": 31, "spd": 31, "spe": 31}, "item": "Leftovers", "teraType": "Water", "role": "Bulky Attacker", "bvs": {"hp": 75, "atk": 80, "def": 85, "spa": 110, "spd": 90, "spe": 50}, "stats": {"hp": 266, "atk": 141, "def": 193, "spa": 236, "spd": 202, "spe": 134}, "types": ["Grass", "Poison"]}}, {"Gumshoos": {"name": "Gumshoos", "species": "Gumshoos", "speciesId": "gumshoos", "gender": "M", "shiny": false, "level": 95, "moves": ["uturn", "doubleedge", "knockoff", "earthquake"], "ability": "Adaptability", "evs": {"hp": 85, "atk": 85, "def": 85, "spa": 85, "spd": 85, "spe": 85}, "ivs": {"hp": 31, "atk": 31, "def": 31, "spa": 31, "spd": 31, "spe": 31}, "item": "Choice Band", "teraType": "Ground", "role": "Fast Attacker", "bvs": {"hp": 88, "atk": 110, "def": 60, "spa": 55, "spd": 60, "spe": 45}, "stats": {"hp": 321, "atk": 263, "def": 168, "spa": 158, "spd": 168, "spe": 139}, "types": ["Normal"]}, "Staraptor": {"name": "Staraptor", "species": "Staraptor", "speciesId": "staraptor", "gender": "M", "shiny": false, "level": 79, "moves": ["doubleedge", "bravebird", "closecombat", "uturn"], "ability": "Reckless", "evs": {"hp": 81, "atk": 85, "def": 85, "spa": 85, "spd": 85, "spe": 85}, "ivs": {"hp": 31, "atk": 31, "def": 31, "spa": 31, "spd": 31, "spe": 31}, "item": "Choice Band", "teraType": "Flying", "role": "Fast Attacker", "bvs": {"hp": 85, "atk": 120, "def": 70, "spa": 50, "spd": 60, "spe": 100}, "stats": {"hp": 263, "atk": 235, "def": 156, "spa": 125, "spd": 140, "spe": 204}, "types": ["Normal", "Flying"]}, "Morpeko": {"name": "Morpeko", "species": "Morpeko", "speciesId": "morpeko", "gender": "M", "shiny": false, "level": 88, "moves": ["partingshot", "rapidspin", "aurawheel", "protect"], "ability": "Hunger Switch", "evs": {"hp": 85, "atk": 85, "def": 85, "spa": 85, "spd": 85, "spe": 85}, "ivs": {"hp": 31, "atk": 31, "def": 31, "spa": 31, "spd": 31, "spe": 31}, "item": "Heavy-Duty Boots", "teraType": "Electric", "role": "Fast Support", "bvs": {"hp": 58, "atk": 95, "def": 58, "spa": 70, "spd": 58, "spe": 97}, "stats": {"hp": 245, "atk": 217, "def": 152, "spa": 173, "spd": 152, "spe": 221}, "types": ["Electric", "Dark"]}, "Sandaconda": {"name": "Sandaconda", "species": "Sandaconda", "speciesId": "sandaconda", "gender": "M", "shiny": false, "level": 84, "moves": ["earthquake", "stealthrock", "stoneedge", "rest"], "ability": "Shed Skin", "evs": {"hp": 85, "atk": 85, "def": 85, "spa": 85, "spd": 85, "spe": 85}, "ivs": {"hp": 31, "atk": 31, "def": 31, "spa": 31, "spd": 31, "spe": 31}, "item": "Leftovers", "teraType": "Dragon", "role": "Bulky Attacker", "bvs": {"hp": 72, "atk": 107, "def": 125, "spa": 65, "spd": 70, "spe": 71}, "stats": {"hp": 258, "atk": 228, "def": 258, "spa": 157, "spd": 166, "spe": 167}, "types": ["Ground"]}, "Pincurchin": {"name": "Pincurchin", "species": "Pincurchin", "speciesId": "pincurchin", "gender": "F", "shiny": false, "level": 100, "moves": ["recover", "curse", "zingzap", "liquidation"], "ability": "Electric Surge", "evs": {"hp": 85, "atk": 85, "def": 85, "spa": 85, "spd": 85, "spe": 85}, "ivs": {"hp": 31, "atk": 31, "def": 31, "spa": 31, "spd": 31, "spe": 31}, "item": "Leftovers", "teraType": "Grass", "role": "Bulky Setup", "bvs": {"hp": 48, "atk": 101, "def": 95, "spa": 91, "spd": 85, "spe": 15}, "stats": {"hp": 258, "atk": 259, "def": 247, "spa": 239, "spd": 227, "spe": 87}, "types": ["Electric"]}, "Ogerpon": {"name": "Ogerpon", "species": "Ogerpon-Wellspring", "speciesId": "ogerponwellspring", "gender": "F", "shiny": false, "level": 76, "moves": ["spikes", "synthesis", "woodhammer", "ivycudgel"], "ability": "Water Absorb", "evs": {"hp": 85, "atk": 85, "def": 85, "spa": 85, "spd": 85, "spe": 85}, "ivs": {"hp": 31, "atk": 31, "def": 31, "spa": 31, "spd": 31, "spe": 31}, "item": "Wellspring Mask", "teraType": "Water", "role": "Bulky Attacker", "bvs": {"hp": 80, "atk": 120, "def": 84, "spa": 60, "spd": 96, "spe": 110}, "stats": {"hp": 247, "atk": 226, "def": 172, "spa": 135, "spd": 190, "spe": 211}, "types": ["Grass", "Water"]}}]}