{"id": "gen9randombattle-2641302568", "format": "[Gen 9] Random Battle", "players": ["testbotcif", "Enarey"], "log": "|j|\u2606testbotcif\n|j|\u2606Enarey\n|t:|1782765290\n|gametype|singles\n|player|p1|testbotcif|266|1294\n|player|p2|Enarey|102|1309\n|gen|9\n|tier|[Gen 9] Random Battle\n|rated|\n|rule|Species Clause: Limit one of each Pok\u00e9mon\n|rule|HP Percentage Mod: HP is shown in percentages\n|rule|Sleep Clause Mod: Limit one foe put to sleep\n|rule|Illusion Level Mod: Illusion disguises the Pok\u00e9mon's true level\n|\n|t:|1782765290\n|teamsize|p1|6\n|teamsize|p2|6\n|start\n|switch|p1a: Landorus|Landorus, L75, M|257/257\n|switch|p2a: Quaquaval|Quaquaval, L79, F|264/264\n|turn|1\n|inactive|Battle timer is ON: inactive players will automatically lose when time's up. (requested by testbotcif)\n|c|\u2606testbotcif|rlhf\n|c|\u2606Enarey|glhf\n|\n|t:|1782765309\n|move|p1a: Landorus|Earth Power|p2a: Quaquaval\n|-damage|p2a: Quaquaval|85/264\n|move|p2a: Quaquaval|Aqua Step|p1a: Landorus\n|-supereffective|p1a: Landorus\n|-damage|p1a: Landorus|0 fnt\n|-boost|p2a: Quaquaval|spe|1\n|faint|p1a: Landorus\n|-ability|p2a: Quaquaval|Moxie|boost\n|-boost|p2a: Quaquaval|atk|1\n|\n|upkeep\n|\n|t:|1782765309\n|switch|p1a: Flamigo|Flamigo, L82, F|269/269\n|turn|2\n|\n|t:|1782765316\n|move|p2a: Quaquaval|Aqua Step|p1a: Flamigo\n|-damage|p1a: Flamigo|56/269\n|-boost|p2a: Quaquaval|spe|1\n|move|p1a: Flamigo|Brave Bird|p2a: Quaquaval\n|-supereffective|p2a: Quaquaval\n|-damage|p2a: Quaquaval|0 fnt\n|faint|p2a: Quaquaval\n|-damage|p1a: Flamigo|28/269|[from] Recoil\n|-damage|p1a: Flamigo|2/269|[from] item: Life Orb\n|\n|upkeep\n|\n|t:|1782765329\n|switch|p2a: Eiscue|Eiscue, L88, M|274/274\n|turn|3\n|\n|t:|1782765333\n|move|p1a: Flamigo|Close Combat|p2a: Eiscue\n|-activate|p2a: Eiscue|ability: Ice Face\n|-damage|p2a: Eiscue|274/274\n|-unboost|p1a: Flamigo|def|1\n|-unboost|p1a: Flamigo|spd|1\n|detailschange|p2a: Eiscue|Eiscue-Noice, L88, M\n|-damage|p1a: Flamigo|0 fnt|[from] item: Life Orb\n|faint|p1a: Flamigo\n|move|p2a: Eiscue|Belly Drum|p2a: Eiscue\n|-damage|p2a: Eiscue|137/274\n|-setboost|p2a: Eiscue|atk|6|[from] move: Belly Drum\n|-enditem|p2a: Eiscue|Sitrus Berry|[eat]\n|-heal|p2a: Eiscue|205/274|[from] item: Sitrus Berry\n|\n|upkeep\n|\n|t:|1782765333\n|switch|p1a: Rampardos|Rampardos, L90, M|321/321\n|turn|4\n|\n|t:|1782765341\n|move|p2a: Eiscue|Liquidation|p1a: Rampardos\n|-supereffective|p1a: Rampardos\n|-damage|p1a: Rampardos|0 fnt\n|faint|p1a: Rampardos\n|\n|upkeep\n|\n|t:|1782765341\n|switch|p1a: Dewgong|Dewgong, L94, M|322/322\n|turn|5\n|\n|t:|1782765348\n|move|p2a: Eiscue|Zen Headbutt|p1a: Dewgong\n|-damage|p1a: Dewgong|106/322\n|cant|p1a: Dewgong|flinch\n|\n|upkeep\n|turn|6\n|\n|t:|1782765352\n|move|p2a: Eiscue|Zen Headbutt|p1a: Dewgong\n|-damage|p1a: Dewgong|0 fnt\n|faint|p1a: Dewgong\n|\n|upkeep\n|\n|t:|1782765352\n|switch|p1a: Kricketune|Kricketune, L99, M|312/312\n|turn|7\n|\n|t:|1782765356\n|move|p2a: Eiscue|Liquidation|p1a: Kricketune\n|-damage|p1a: Kricketune|41/312\n|move|p1a: Kricketune|Pounce|p2a: Eiscue\n|-damage|p2a: Eiscue|88/274\n|-unboost|p2a: Eiscue|spe|1\n|\n|upkeep\n|turn|8\n|\n|t:|1782765359\n|move|p2a: Eiscue|Liquidation|p1a: Kricketune\n|-damage|p1a: Kricketune|0 fnt\n|faint|p1a: Kricketune\n|\n|upkeep\n|\n|t:|1782765359\n|switch|p1a: Cacturne|Cacturne, L92, M|278/278\n|turn|9\n|\n|t:|1782765362\n|-terastallize|p1a: Cacturne|Poison\n|move|p2a: Eiscue|Ice Spinner|p1a: Cacturne\n|-damage|p1a: Cacturne|0 fnt\n|faint|p1a: Cacturne\n|\n|win|Enarey\n|raw|testbotcif's rating: 1294 &rarr; <strong>1270</strong><br />(-24 for losing)\n|raw|Enarey's rating: 1309 &rarr; <strong>1328</strong><br />(+19 for winning)\n", "inputlog": ">version f8ac14003a5f27e1bdc8d8c59608a773c1cb96e5\n>start {\"formatid\":\"gen9randombattle\",\"seed\":\"sodium,b143a5e6914ea2886f1a195c9e0fda6f\",\"rated\":\"Rated battle\"}\n>player p1 {\"name\":\"testbotcif\",\"avatar\":\"266\",\"rating\":1294,\"seed\":\"sodium,3d7edaec3ff9b2d760339f16c85aa55a\"}\n>player p2 {\"name\":\"Enarey\",\"avatar\":\"102\",\"rating\":1309,\"seed\":\"sodium,ee748555cff21525563631a3aad78c41\"}\n>chat \u2606testbotcif|rlhf\n>chat \u2606Enarey|glhf\n>p1 move earthpower\n>p2 move aquastep\n>p1 switch 2\n>p1 move bravebird\n>p2 move aquastep\n>p2 switch 2\n>p1 move closecombat\n>p2 move bellydrum\n>p1 switch 5\n>p1 move rockslide\n>p2 move liquidation\n>p1 switch 4\n>p1 move surf\n>p2 move zenheadbutt\n>p1 move surf\n>p2 move zenheadbutt\n>p1 switch 3\n>p1 move pounce\n>p2 move liquidation\n>p1 move pounce\n>p2 move liquidation\n>p1 switch 6\n>p1 move swordsdance terastallize\n>p2 move icespinner", "uploadtime": 1782765362, "views": 5, "formatid": "gen9randombattle", "rating": 1270, "private": 0, "password": null, "player_dets": [{"name": "testbotcif", "avatar": "266", "rating": 1294, "seed": "sodium,3d7edaec3ff9b2d760339f16c85aa55a"}, {"name": "Enarey", "avatar": "102", "rating": 1309, "seed": "sodium,ee748555cff21525563631a3aad78c41"}], "teams_full": [{"Landorus": {"name": "Landorus", "species": "Landorus", "speciesId": "landorus", "gender": "M", "shiny": false, "level": 75, "moves": ["earthpower", "sludgewave", "rockslide", "focusblast"], "ability": "Sheer Force", "evs": {"hp": 85, "atk": 85, "def": 85, "spa": 85, "spd": 85, "spe": 85}, "ivs": {"hp": 31, "atk": 31, "def": 31, "spa": 31, "spd": 31, "spe": 31}, "item": "Life Orb", "teraType": "Ground", "role": "Fast Attacker", "bvs": {"hp": 89, "atk": 125, "def": 90, "spa": 115, "spd": 80, "spe": 101}, "stats": {"hp": 257, "atk": 231, "def": 179, "spa": 216, "spd": 164, "spe": 195}, "types": ["Ground", "Flying"]}, "Flamigo": {"name": "Flamigo", "species": "Flamigo", "speciesId": "flamigo", "gender": "F", "shiny": false, "level": 82, "moves": ["bravebird", "swordsdance", "throatchop", "closecombat"], "ability": "Scrappy", "evs": {"hp": 85, "atk": 85, "def": 85, "spa": 85, "spd": 85, "spe": 85}, "ivs": {"hp": 31, "atk": 31, "def": 31, "spa": 31, "spd": 31, "spe": 31}, "item": "Life Orb", "teraType": "Steel", "role": "Setup Sweeper", "bvs": {"hp": 82, "atk": 115, "def": 74, "spa": 75, "spd": 64, "spe": 90}, "stats": {"hp": 269, "atk": 236, "def": 169, "spa": 170, "spd": 152, "spe": 195}, "types": ["Flying", "Fighting"]}, "Kricketune": {"name": "Kricketune", "species": "Kricketune", "speciesId": "kricketune", "gender": "M", "shiny": false, "level": 99, "moves": ["knockoff", "taunt", "stickyweb", "pounce"], "ability": "Technician", "evs": {"hp": 85, "atk": 85, "def": 85, "spa": 85, "spd": 85, "spe": 85}, "ivs": {"hp": 31, "atk": 31, "def": 31, "spa": 31, "spd": 31, "spe": 31}, "item": "Heavy-Duty Boots", "teraType": "Ghost", "role": "Fast Support", "bvs": {"hp": 77, "atk": 85, "def": 51, "spa": 55, "spd": 51, "spe": 65}, "stats": {"hp": 312, "atk": 224, "def": 157, "spa": 165, "spd": 157, "spe": 185}, "types": ["Bug"]}, "Dewgong": {"name": "Dewgong", "species": "Dewgong", "speciesId": "dewgong", "gender": "M", "shiny": false, "level": 94, "moves": ["knockoff", "surf", "tripleaxel", "flipturn"], "ability": "Thick Fat", "evs": {"hp": 85, "atk": 85, "def": 85, "spa": 85, "spd": 85, "spe": 85}, "ivs": {"hp": 31, "atk": 31, "def": 31, "spa": 31, "spd": 31, "spe": 31}, "item": "Assault Vest", "teraType": "Grass", "role": "Bulky Attacker", "bvs": {"hp": 90, "atk": 70, "def": 80, "spa": 70, "spd": 95, "spe": 70}, "stats": {"hp": 322, "atk": 185, "def": 204, "spa": 185, "spd": 232, "spe": 185}, "types": ["Water", "Ice"]}, "Rampardos": {"name": "Rampardos", "species": "Rampardos", "speciesId": "rampardos", "gender": "M", "shiny": false, "level": 90, "moves": ["firepunch", "headsmash", "earthquake", "rockslide"], "ability": "Sheer Force", "evs": {"hp": 85, "atk": 85, "def": 85, "spa": 85, "spd": 85, "spe": 85}, "ivs": {"hp": 31, "atk": 31, "def": 31, "spa": 31, "spd": 31, "spe": 31}, "item": "Choice Scarf", "teraType": "Rock", "role": "Fast Attacker", "bvs": {"hp": 97, "atk": 165, "def": 60, "spa": 65, "spd": 50, "spe": 58}, "stats": {"hp": 321, "atk": 348, "def": 159, "spa": 168, "spd": 141, "spe": 156}, "types": ["Rock"]}, "Cacturne": {"name": "Cacturne", "species": "Cacturne", "speciesId": "cacturne", "gender": "M", "shiny": false, "level": 92, "moves": ["suckerpunch", "seedbomb", "knockoff", "swordsdance"], "ability": "Water Absorb", "evs": {"hp": 85, "atk": 85, "def": 85, "spa": 85, "spd": 85, "spe": 85}, "ivs": {"hp": 31, "atk": 31, "def": 31, "spa": 31, "spd": 31, "spe": 31}, "item": "Life Orb", "teraType": "Poison", "role": "Setup Sweeper", "bvs": {"hp": 70, "atk": 115, "def": 60, "spa": 115, "spd": 60, "spe": 55}, "stats": {"hp": 278, "atk": 264, "def": 163, "spa": 264, "spd": 163, "spe": 154}, "types": ["Grass", "Dark"]}}, {"Quaquaval": {"name": "Quaquaval", "species": "Quaquaval", "speciesId": "quaquaval", "gender": "F", "shiny": false, "level": 79, "moves": ["closecombat", "aquastep", "knockoff", "tripleaxel"], "ability": "Moxie", "evs": {"hp": 85, "atk": 85, "def": 85, "spa": 85, "spd": 85, "spe": 85}, "ivs": {"hp": 31, "atk": 31, "def": 31, "spa": 31, "spd": 31, "spe": 31}, "item": "Choice Band", "teraType": "Fighting", "role": "Wallbreaker", "bvs": {"hp": 85, "atk": 120, "def": 80, "spa": 85, "spd": 75, "spe": 85}, "stats": {"hp": 264, "atk": 235, "def": 172, "spa": 180, "spd": 164, "spe": 180}, "types": ["Water", "Fighting"]}, "Eiscue": {"name": "Eiscue", "species": "Eiscue", "speciesId": "eiscue", "gender": "M", "shiny": false, "level": 88, "moves": ["bellydrum", "liquidation", "zenheadbutt", "icespinner"], "ability": "Ice Face", "evs": {"hp": 81, "atk": 85, "def": 85, "spa": 85, "spd": 85, "spe": 85}, "ivs": {"hp": 31, "atk": 31, "def": 31, "spa": 31, "spd": 31, "spe": 31}, "item": "Sitrus Berry", "teraType": "Water", "role": "Setup Sweeper", "bvs": {"hp": 75, "atk": 80, "def": 110, "spa": 65, "spd": 90, "spe": 50}, "stats": {"hp": 274, "atk": 191, "def": 244, "spa": 165, "spd": 209, "spe": 138}, "types": ["Ice"]}, "Swalot": {"name": "Swalot", "species": "Swalot", "speciesId": "swalot", "gender": "F", "shiny": false, "level": 90, "moves": ["gunkshot", "earthquake", "swordsdance", "knockoff"], "ability": "Liquid Ooze", "evs": {"hp": 85, "atk": 85, "def": 85, "spa": 85, "spd": 85, "spe": 85}, "ivs": {"hp": 31, "atk": 31, "def": 31, "spa": 31, "spd": 31, "spe": 31}, "item": "Leftovers", "teraType": "Dark", "role": "Bulky Setup", "bvs": {"hp": 100, "atk": 73, "def": 83, "spa": 73, "spd": 83, "spe": 55}, "stats": {"hp": 326, "atk": 183, "def": 201, "spa": 183, "spd": 201, "spe": 150}, "types": ["Poison"]}, "Arceus": {"name": "Arceus", "species": "Arceus-Ghost", "speciesId": "arceusghost", "gender": "N", "shiny": false, "level": 69, "moves": ["willowisp", "judgment", "focusblast", "recover"], "ability": "Multitype", "evs": {"hp": 85, "atk": 0, "def": 85, "spa": 85, "spd": 85, "spe": 85}, "ivs": {"hp": 31, "atk": 0, "def": 31, "spa": 31, "spd": 31, "spe": 31}, "item": "Spooky Plate", "teraType": "Fighting", "role": "Bulky Attacker", "bvs": {"hp": 120, "atk": 120, "def": 120, "spa": 120, "spd": 120, "spe": 120}, "stats": {"hp": 280, "atk": 170, "def": 206, "spa": 206, "spd": 206, "spe": 206}, "types": ["Ghost"]}, "Vespiquen": {"name": "Vespiquen", "species": "Vespiquen", "speciesId": "vespiquen", "gender": "F", "shiny": false, "level": 99, "moves": ["roost", "toxicspikes", "airslash", "uturn"], "ability": "Pressure", "evs": {"hp": 85, "atk": 85, "def": 85, "spa": 85, "spd": 85, "spe": 85}, "ivs": {"hp": 31, "atk": 31, "def": 31, "spa": 31, "spd": 31, "spe": 31}, "item": "Heavy-Duty Boots", "teraType": "Steel", "role": "Bulky Support", "bvs": {"hp": 70, "atk": 80, "def": 102, "spa": 80, "spd": 102, "spe": 40}, "stats": {"hp": 299, "atk": 214, "def": 258, "spa": 214, "spd": 258, "spe": 135}, "types": ["Bug", "Flying"]}, "Suicune": {"name": "Suicune", "species": "Suicune", "speciesId": "suicune", "gender": "N", "shiny": false, "level": 82, "moves": ["scald", "protect", "calmmind", "substitute"], "ability": "Pressure", "evs": {"hp": 85, "atk": 0, "def": 85, "spa": 85, "spd": 85, "spe": 85}, "ivs": {"hp": 31, "atk": 0, "def": 31, "spa": 31, "spd": 31, "spe": 31}, "item": "Leftovers", "teraType": "Steel", "role": "Fast Support", "bvs": {"hp": 100, "atk": 75, "def": 115, "spa": 90, "spd": 115, "spe": 85}, "stats": {"hp": 298, "atk": 127, "def": 236, "spa": 195, "spd": 236, "spe": 187}, "types": ["Water"]}}]}