{"id": "gen9randombattle-2641581916", "format": "[Gen 9] Random Battle", "players": ["sonnyjimvb2", "Yomy"], "log": "|j|\u2606sonnyjimvb2\n|j|\u2606Yomy\n|t:|1782812658\n|gametype|singles\n|player|p1|sonnyjimvb2|1|2058\n|player|p2|Yomy|ingo|2214\n|gen|9\n|tier|[Gen 9] Random Battle\n|rated|\n|rule|Species Clause: Limit one of each Pok\u00e9mon\n|rule|HP Percentage Mod: HP is shown in percentages\n|rule|Sleep Clause Mod: Limit one foe put to sleep\n|rule|Illusion Level Mod: Illusion disguises the Pok\u00e9mon's true level\n|\n|t:|1782812658\n|teamsize|p1|6\n|teamsize|p2|6\n|start\n|switch|p1a: Klawf|Klawf, L90, F|272/272\n|switch|p2a: Meowstic|Meowstic, L89, M|277/277\n|turn|1\n|\n|t:|1782812668\n|move|p2a: Meowstic|Reflect|p2a: Meowstic\n|-sidestart|p2: Yomy|Reflect\n|move|p1a: Klawf|Knock Off|p2a: Meowstic\n|-supereffective|p2a: Meowstic\n|-damage|p2a: Meowstic|145/277\n|-enditem|p2a: Meowstic|Light Clay|[from] move: Knock Off|[of] p1a: Klawf\n|\n|upkeep\n|turn|2\n|\n|t:|1782812676\n|move|p2a: Meowstic|Psychic Noise|p1a: Klawf\n|-damage|p1a: Klawf|173/272\n|-start|p1a: Klawf|move: Heal Block\n|move|p1a: Klawf|Knock Off|p2a: Meowstic\n|-supereffective|p2a: Meowstic\n|-damage|p2a: Meowstic|52/277\n|\n|upkeep\n|turn|3\n|\n|t:|1782812684\n|switch|p2a: Probopass|Probopass, L91, F|257/257\n|move|p1a: Klawf|Knock Off|p2a: Probopass\n|-damage|p2a: Probopass|223/257\n|-enditem|p2a: Probopass|Chesto Berry|[from] move: Knock Off|[of] p1a: Klawf\n|\n|-end|p1a: Klawf|move: Heal Block\n|upkeep\n|turn|4\n|\n|t:|1782812702\n|switch|p1a: Basculin|Basculin, L86, F|261/261\n|move|p2a: Probopass|Iron Defense|p2a: Probopass\n|-boost|p2a: Probopass|def|2\n|\n|upkeep\n|turn|5\n|\n|t:|1782812711\n|move|p1a: Basculin|Wave Crash|p2a: Probopass\n|-supereffective|p2a: Probopass\n|-damage|p2a: Probopass|139/257\n|-damage|p1a: Basculin|233/261|[from] Recoil\n|move|p2a: Probopass|Body Press|p1a: Basculin\n|-damage|p1a: Basculin|0 fnt\n|faint|p1a: Basculin\n|\n|upkeep\n|l|\u2606sonnyjimvb2\n|player|p1|\n|inactive|Battle timer is ON: inactive players will automatically lose when time's up. (requested by Yomy)\n|inactive|sonnyjimvb2 has 30 seconds to reconnect!\n|inactive|sonnyjimvb2 has 20 seconds to reconnect!\n|inactive|sonnyjimvb2 has 15 seconds to reconnect!\n|inactive|sonnyjimvb2 has 10 seconds to reconnect!\n|inactive|sonnyjimvb2 has 5 seconds to reconnect!\n|-message|sonnyjimvb2 lost due to inactivity.\n|\n|win|Yomy\n|raw|sonnyjimvb2's rating: 2058 &rarr; <strong>2046</strong><br />(-12 for losing)\n|raw|Yomy's rating: 2214 &rarr; <strong>2226</strong><br />(+12 for winning)\n", "inputlog": ">version f8ac14003a5f27e1bdc8d8c59608a773c1cb96e5\n>start {\"formatid\":\"gen9randombattle\",\"seed\":\"sodium,b516eed8b88890f2531fd8925410c574\",\"rated\":\"Rated battle\"}\n>player p1 {\"name\":\"sonnyjimvb2\",\"avatar\":\"1\",\"rating\":2058,\"seed\":\"sodium,ab24a26113db629977b767adbf32b43b\"}\n>player p2 {\"name\":\"Yomy\",\"avatar\":\"ingo\",\"rating\":2214,\"seed\":\"sodium,c4b92db4a5712755bf04d5b751c477ea\"}\n>p1 move knockoff\n>p2 move reflect\n>p1 move knockoff\n>p2 move psychicnoise\n>p1 move knockoff\n>p2 switch 4\n>p1 switch 6\n>p2 move irondefense\n>p1 move wavecrash\n>p2 move bodypress\n>forcelose p1", "uploadtime": 1782812662, "views": 9, "formatid": "gen9randombattle", "rating": 2046, "private": 0, "password": null, "player_dets": [{"name": "sonnyjimvb2", "avatar": "1", "rating": 2058, "seed": "sodium,ab24a26113db629977b767adbf32b43b"}, {"name": "Yomy", "avatar": "ingo", "rating": 2214, "seed": "sodium,c4b92db4a5712755bf04d5b751c477ea"}], "teams_full": [{"Klawf": {"name": "Klawf", "species": "Klawf", "speciesId": "klawf", "gender": "F", "shiny": false, "level": 90, "moves": ["stoneedge", "crabhammer", "highhorsepower", "knockoff"], "ability": "Regenerator", "evs": {"hp": 85, "atk": 85, "def": 85, "spa": 85, "spd": 85, "spe": 85}, "ivs": {"hp": 31, "atk": 31, "def": 31, "spa": 31, "spd": 31, "spe": 31}, "item": "Choice Band", "teraType": "Ground", "role": "Fast Attacker", "bvs": {"hp": 70, "atk": 100, "def": 115, "spa": 35, "spd": 55, "spe": 75}, "stats": {"hp": 272, "atk": 231, "def": 258, "spa": 114, "spd": 150, "spe": 186}, "types": ["Rock"]}, "Iron Thorns": {"name": "Iron Thorns", "species": "Iron Thorns", "speciesId": "ironthorns", "gender": "N", "shiny": false, "level": 83, "moves": ["wildcharge", "stoneedge", "spikes", "stealthrock"], "ability": "Quark Drive", "evs": {"hp": 85, "atk": 85, "def": 85, "spa": 85, "spd": 85, "spe": 85}, "ivs": {"hp": 31, "atk": 31, "def": 31, "spa": 31, "spd": 31, "spe": 31}, "item": "Air Balloon", "teraType": "Water", "role": "Fast Support", "bvs": {"hp": 100, "atk": 134, "def": 110, "spa": 70, "spd": 84, "spe": 72}, "stats": {"hp": 302, "atk": 270, "def": 230, "spa": 164, "spd": 187, "spe": 167}, "types": ["Rock", "Electric"]}, "Hatterene": {"name": "Hatterene", "species": "Hatterene", "speciesId": "hatterene", "gender": "F", "shiny": false, "level": 85, "moves": ["calmmind", "mysticalfire", "psychic", "drainingkiss"], "ability": "Magic Bounce", "evs": {"hp": 85, "atk": 0, "def": 85, "spa": 85, "spd": 85, "spe": 85}, "ivs": {"hp": 31, "atk": 0, "def": 31, "spa": 31, "spd": 31, "spe": 31}, "item": "Leftovers", "teraType": "Fairy", "role": "Bulky Setup", "bvs": {"hp": 57, "atk": 90, "def": 95, "spa": 136, "spd": 103, "spe": 29}, "stats": {"hp": 236, "atk": 158, "def": 210, "spa": 280, "spd": 224, "spe": 98}, "types": ["Psychic", "Fairy"]}, "Fezandipiti": {"name": "Fezandipiti", "species": "Fezandipiti", "speciesId": "fezandipiti", "gender": "M", "shiny": false, "level": 82, "moves": ["gunkshot", "beatup", "moonblast", "roost"], "ability": "Toxic Chain", "evs": {"hp": 85, "atk": 85, "def": 85, "spa": 85, "spd": 85, "spe": 85}, "ivs": {"hp": 31, "atk": 31, "def": 31, "spa": 31, "spd": 31, "spe": 31}, "item": "Leftovers", "teraType": "Dark", "role": "Bulky Attacker", "bvs": {"hp": 88, "atk": 91, "def": 82, "spa": 70, "spd": 125, "spe": 99}, "stats": {"hp": 278, "atk": 196, "def": 182, "spa": 162, "spd": 252, "spe": 210}, "types": ["Poison", "Fairy"]}, "Snorlax": {"name": "Snorlax", "species": "Snorlax", "speciesId": "snorlax", "gender": "F", "shiny": false, "level": 82, "moves": ["crunch", "bodyslam", "curse", "earthquake"], "ability": "Thick Fat", "evs": {"hp": 85, "atk": 85, "def": 85, "spa": 85, "spd": 85, "spe": 85}, "ivs": {"hp": 31, "atk": 31, "def": 31, "spa": 31, "spd": 31, "spe": 31}, "item": "Leftovers", "teraType": "Poison", "role": "Bulky Setup", "bvs": {"hp": 160, "atk": 110, "def": 65, "spa": 65, "spd": 110, "spe": 30}, "stats": {"hp": 397, "atk": 228, "def": 154, "spa": 154, "spd": 228, "spe": 96}, "types": ["Normal"]}, "Basculin": {"name": "Basculin", "species": "Basculin", "speciesId": "basculin", "gender": "F", "shiny": false, "level": 86, "moves": ["aquajet", "flipturn", "wavecrash", "doubleedge"], "ability": "Adaptability", "evs": {"hp": 85, "atk": 85, "def": 85, "spa": 85, "spd": 85, "spe": 85}, "ivs": {"hp": 31, "atk": 31, "def": 31, "spa": 31, "spd": 31, "spe": 31}, "item": "Choice Band", "teraType": "Water", "role": "Wallbreaker", "bvs": {"hp": 70, "atk": 92, "def": 65, "spa": 80, "spd": 55, "spe": 98}, "stats": {"hp": 261, "atk": 207, "def": 161, "spa": 187, "spd": 144, "spe": 218}, "types": ["Water"]}}, {"Meowstic": {"name": "Meowstic", "species": "Meowstic", "speciesId": "meowstic", "gender": "M", "shiny": false, "level": 89, "moves": ["reflect", "lightscreen", "psychicnoise", "alluringvoice"], "ability": "Prankster", "evs": {"hp": 85, "atk": 0, "def": 85, "spa": 85, "spd": 85, "spe": 85}, "ivs": {"hp": 31, "atk": 0, "def": 31, "spa": 31, "spd": 31, "spe": 31}, "item": "Light Clay", "teraType": "Fairy", "role": "Bulky Support", "bvs": {"hp": 74, "atk": 48, "def": 76, "spa": 83, "spd": 81, "spe": 104}, "stats": {"hp": 277, "atk": 90, "def": 186, "spa": 199, "spd": 195, "spe": 236}, "types": ["Psychic"]}, "Drifblim": {"name": "Drifblim", "species": "Drifblim", "speciesId": "drifblim", "gender": "F", "shiny": false, "level": 86, "moves": ["strengthsap", "airslash", "defog", "shadowball"], "ability": "Aftermath", "evs": {"hp": 85, "atk": 0, "def": 85, "spa": 85, "spd": 85, "spe": 85}, "ivs": {"hp": 31, "atk": 0, "def": 31, "spa": 31, "spd": 31, "spe": 31}, "item": "Heavy-Duty Boots", "teraType": "Steel", "role": "Bulky Attacker", "bvs": {"hp": 150, "atk": 80, "def": 44, "spa": 90, "spd": 54, "spe": 80}, "stats": {"hp": 398, "atk": 142, "def": 125, "spa": 204, "spd": 142, "spe": 187}, "types": ["Ghost", "Flying"]}, "Diancie": {"name": "Diancie", "species": "Diancie", "speciesId": "diancie", "gender": "N", "shiny": false, "level": 82, "moves": ["diamondstorm", "moonblast", "bodypress", "stealthrock"], "ability": "Clear Body", "evs": {"hp": 85, "atk": 85, "def": 85, "spa": 85, "spd": 85, "spe": 85}, "ivs": {"hp": 31, "atk": 31, "def": 31, "spa": 31, "spd": 31, "spe": 31}, "item": "Leftovers", "teraType": "Fighting", "role": "Bulky Attacker", "bvs": {"hp": 50, "atk": 100, "def": 150, "spa": 100, "spd": 150, "spe": 50}, "stats": {"hp": 216, "atk": 211, "def": 293, "spa": 211, "spd": 293, "spe": 129}, "types": ["Rock", "Fairy"]}, "Probopass": {"name": "Probopass", "species": "Probopass", "speciesId": "probopass", "gender": "F", "shiny": false, "level": 91, "moves": ["powergem", "rest", "bodypress", "irondefense"], "ability": "Magnet Pull", "evs": {"hp": 85, "atk": 0, "def": 85, "spa": 85, "spd": 85, "spe": 85}, "ivs": {"hp": 31, "atk": 0, "def": 31, "spa": 31, "spd": 31, "spe": 31}, "item": "Chesto Berry", "teraType": "Fighting", "role": "Bulky Setup", "bvs": {"hp": 60, "atk": 55, "def": 145, "spa": 75, "spd": 150, "spe": 40}, "stats": {"hp": 257, "atk": 105, "def": 316, "spa": 188, "spd": 325, "spe": 125}, "types": ["Rock", "Steel"]}, "Phione": {"name": "Phione", "species": "Phione", "speciesId": "phione", "gender": "N", "shiny": false, "level": 91, "moves": ["grassknot", "scald", "takeheart", "icebeam"], "ability": "Hydration", "evs": {"hp": 85, "atk": 0, "def": 85, "spa": 85, "spd": 85, "spe": 85}, "ivs": {"hp": 31, "atk": 0, "def": 31, "spa": 31, "spd": 31, "spe": 31}, "item": "Leftovers", "teraType": "Grass", "role": "Bulky Attacker", "bvs": {"hp": 80, "atk": 80, "def": 80, "spa": 80, "spd": 80, "spe": 80}, "stats": {"hp": 293, "atk": 150, "def": 197, "spa": 197, "spd": 197, "spe": 197}, "types": ["Water"]}, "Magearna": {"name": "Magearna", "species": "Magearna", "speciesId": "magearna", "gender": "N", "shiny": false, "level": 77, "moves": ["fleurcannon", "painsplit", "flashcannon", "spikes"], "ability": "Soul-Heart", "evs": {"hp": 85, "atk": 0, "def": 85, "spa": 85, "spd": 85, "spe": 85}, "ivs": {"hp": 31, "atk": 0, "def": 31, "spa": 31, "spd": 31, "spe": 31}, "item": "Leftovers", "teraType": "Water", "role": "Bulky Attacker", "bvs": {"hp": 80, "atk": 95, "def": 115, "spa": 130, "spd": 115, "spe": 65}, "stats": {"hp": 250, "atk": 151, "def": 222, "spa": 245, "spd": 222, "spe": 145}, "types": ["Steel", "Fairy"]}}]}