{"id": "gen9randombattle-2641444683", "format": "[Gen 9] Random Battle", "players": ["kumao", "testbotcif"], "log": "|j|\u2606kumao\n|j|\u2606testbotcif\n|t:|1782785765\n|gametype|singles\n|player|p1|kumao|riley|1199\n|player|p2|testbotcif|266|1184\n|gen|9\n|tier|[Gen 9] Random Battle\n|rated|\n|rule|Species Clause: Limit one of each Pok\u00e9mon\n|rule|HP Percentage Mod: HP is shown in percentages\n|rule|Sleep Clause Mod: Limit one foe put to sleep\n|rule|Illusion Level Mod: Illusion disguises the Pok\u00e9mon's true level\n|\n|t:|1782785765\n|teamsize|p1|6\n|teamsize|p2|6\n|start\n|switch|p1a: Golduck|Golduck, L90, F|290/290\n|switch|p2a: Vivillon|Vivillon-Modern, L83, F|268/268\n|-ability|p1a: Golduck|Cloud Nine\n|turn|1\n|c|\u2606testbotcif|rlhf\n|inactive|Battle timer is ON: inactive players will automatically lose when time's up. (requested by testbotcif)\n|\n|t:|1782785778\n|move|p1a: Golduck|Ice Beam|p2a: Vivillon\n|-supereffective|p2a: Vivillon\n|-damage|p2a: Vivillon|0 fnt\n|faint|p2a: Vivillon\n|-damage|p1a: Golduck|261/290|[from] item: Life Orb\n|\n|upkeep\n|\n|t:|1782785778\n|switch|p2a: Regidrago|Regidrago, L77|435/435\n|turn|2\n|\n|t:|1782785789\n|-terastallize|p2a: Regidrago|Dragon\n|move|p1a: Golduck|Ice Beam|p2a: Regidrago\n|-supereffective|p2a: Regidrago\n|-damage|p2a: Regidrago|131/435\n|-status|p2a: Regidrago|frz\n|-enditem|p2a: Regidrago|Lum Berry|[eat]\n|-curestatus|p2a: Regidrago|frz|[msg]\n|-damage|p1a: Golduck|232/290|[from] item: Life Orb\n|move|p2a: Regidrago|Dragon Dance|p2a: Regidrago\n|-boost|p2a: Regidrago|atk|1\n|-boost|p2a: Regidrago|spe|1\n|\n|upkeep\n|turn|3\n|\n|t:|1782785802\n|move|p2a: Regidrago|Outrage|p1a: Golduck\n|-damage|p1a: Golduck|0 fnt\n|faint|p1a: Golduck\n|\n|upkeep\n|\n|t:|1782785812\n|switch|p1a: Lycanroc|Lycanroc, L86, M|269/269\n|turn|4\n|\n|t:|1782785817\n|move|p2a: Regidrago|Outrage|p1a: Lycanroc|[from] lockedmove\n|-damage|p1a: Lycanroc|0 fnt\n|faint|p1a: Lycanroc\n|-start|p2a: Regidrago|confusion|[fatigue]\n|\n|upkeep\n|\n|t:|1782785826\n|switch|p1a: Houndoom|Houndoom, L87, F|272/272\n|turn|5\n|\n|t:|1782785831\n|-activate|p2a: Regidrago|confusion\n|-damage|p2a: Regidrago|68/435|[from] confusion\n|move|p1a: Houndoom|Sludge Bomb|p2a: Regidrago\n|-damage|p2a: Regidrago|0 fnt\n|faint|p2a: Regidrago\n|\n|upkeep\n|\n|t:|1782785831\n|switch|p2a: Landorus|Landorus-Therian, L76, M|260/260\n|-ability|p2a: Landorus|Intimidate|boost\n|-unboost|p1a: Houndoom|atk|1\n|turn|6\n|\n|t:|1782785853\n|move|p1a: Houndoom|Dark Pulse|p2a: Landorus\n|-damage|p2a: Landorus|142/260\n|move|p2a: Landorus|Earthquake|p1a: Houndoom\n|-supereffective|p1a: Houndoom\n|-damage|p1a: Houndoom|0 fnt\n|faint|p1a: Houndoom\n|\n|-heal|p2a: Landorus|158/260|[from] item: Leftovers\n|upkeep\n|\n|t:|1782785866\n|switch|p1a: Cloyster|Cloyster, L80, M|211/211\n|turn|7\n|\n|t:|1782785870\n|switch|p2a: Pecharunt|Pecharunt, L77|262/262\n|move|p1a: Cloyster|Icicle Spear|p2a: Pecharunt\n|-damage|p2a: Pecharunt|246/262\n|-damage|p2a: Pecharunt|227/262\n|-damage|p2a: Pecharunt|209/262\n|-damage|p2a: Pecharunt|191/262\n|-damage|p2a: Pecharunt|175/262\n|-hitcount|p2a: Pecharunt|5\n|\n|-heal|p2a: Pecharunt|191/262|[from] item: Leftovers\n|upkeep\n|turn|8\n|\n|t:|1782785888\n|move|p2a: Pecharunt|Malignant Chain|p1a: Cloyster\n|-damage|p1a: Cloyster|85/211\n|-status|p1a: Cloyster|tox\n|-start|p1a: Cloyster|confusion|[from] ability: Poison Puppeteer|[of] p2a: Pecharunt\n|-activate|p1a: Cloyster|confusion\n|move|p1a: Cloyster|Drill Run|p2a: Pecharunt\n|-supereffective|p2a: Pecharunt\n|-damage|p2a: Pecharunt|113/262\n|\n|-heal|p2a: Pecharunt|129/262|[from] item: Leftovers\n|-damage|p1a: Cloyster|72/211 tox|[from] psn\n|upkeep\n|turn|9\n|\n|t:|1782785903\n|move|p2a: Pecharunt|Recover|p2a: Pecharunt\n|-heal|p2a: Pecharunt|260/262\n|-end|p1a: Cloyster|confusion\n|move|p1a: Cloyster|Rock Blast|p2a: Pecharunt\n|-damage|p2a: Pecharunt|247/262\n|-damage|p2a: Pecharunt|235/262\n|-damage|p2a: Pecharunt|224/262\n|-damage|p2a: Pecharunt|212/262\n|-damage|p2a: Pecharunt|199/262\n|-hitcount|p2a: Pecharunt|5\n|\n|-heal|p2a: Pecharunt|215/262|[from] item: Leftovers\n|-damage|p1a: Cloyster|46/211 tox|[from] psn\n|upkeep\n|turn|10\n|inactive|kumao has 120 seconds left.\n|\n|t:|1782785921\n|move|p2a: Pecharunt|Malignant Chain|p1a: Cloyster\n|-damage|p1a: Cloyster|0 fnt\n|faint|p1a: Cloyster\n|\n|-heal|p2a: Pecharunt|231/262|[from] item: Leftovers\n|upkeep\n|inactive|kumao has 120 seconds left.\n|\n|t:|1782785930\n|switch|p1a: Masquerain|Masquerain, L87, F|264/264\n|-ability|p1a: Masquerain|Intimidate|boost\n|-unboost|p2a: Pecharunt|atk|1\n|turn|11\n|inactive|kumao has 120 seconds left.\n|\n|t:|1782785941\n|-terastallize|p1a: Masquerain|Ground\n|move|p1a: Masquerain|Hurricane|p2a: Pecharunt\n|-crit|p2a: Pecharunt\n|-damage|p2a: Pecharunt|36/262\n|move|p2a: Pecharunt|Malignant Chain|p1a: Masquerain\n|-resisted|p1a: Masquerain\n|-damage|p1a: Masquerain|222/264\n|-status|p1a: Masquerain|tox\n|-start|p1a: Masquerain|confusion|[from] ability: Poison Puppeteer|[of] p2a: Pecharunt\n|\n|-heal|p2a: Pecharunt|52/262|[from] item: Leftovers\n|-damage|p1a: Masquerain|206/264 tox|[from] psn\n|upkeep\n|turn|12\n|inactive|kumao has 120 seconds left.\n|\n|t:|1782785958\n|-activate|p1a: Masquerain|confusion\n|move|p1a: Masquerain|Bug Buzz|p2a: Pecharunt\n|-resisted|p2a: Pecharunt\n|-damage|p2a: Pecharunt|25/262\n|move|p2a: Pecharunt|Recover|p2a: Pecharunt\n|-heal|p2a: Pecharunt|156/262\n|\n|-heal|p2a: Pecharunt|172/262|[from] item: Leftovers\n|-damage|p1a: Masquerain|174/264 tox|[from] psn\n|upkeep\n|turn|13\n|inactive|kumao has 120 seconds left.\n|\n|t:|1782785968\n|-activate|p1a: Masquerain|confusion\n|move|p1a: Masquerain|Hurricane|p2a: Pecharunt|[miss]\n|-miss|p1a: Masquerain|p2a: Pecharunt\n|move|p2a: Pecharunt|Malignant Chain|p1a: Masquerain\n|-resisted|p1a: Masquerain\n|-damage|p1a: Masquerain|132/264 tox\n|\n|-heal|p2a: Pecharunt|188/262|[from] item: Leftovers\n|-damage|p1a: Masquerain|84/264 tox|[from] psn\n|upkeep\n|turn|14\n|inactive|kumao has 120 seconds left.\n|\n|t:|1782785980\n|-activate|p1a: Masquerain|confusion\n|move|p1a: Masquerain|Hurricane|p2a: Pecharunt\n|-damage|p2a: Pecharunt|40/262\n|move|p2a: Pecharunt|Shadow Ball|p1a: Masquerain\n|-damage|p1a: Masquerain|18/264 tox\n|\n|-heal|p2a: Pecharunt|56/262|[from] item: Leftovers\n|-damage|p1a: Masquerain|0 fnt|[from] psn\n|faint|p1a: Masquerain\n|upkeep\n|\n|t:|1782785991\n|switch|p1a: Wigglytuff|Wigglytuff, L96, M|424/424\n|turn|15\n|\n|t:|1782785998\n|move|p2a: Pecharunt|Malignant Chain|p1a: Wigglytuff\n|-supereffective|p1a: Wigglytuff\n|-damage|p1a: Wigglytuff|214/424\n|-status|p1a: Wigglytuff|tox\n|-start|p1a: Wigglytuff|confusion|[from] ability: Poison Puppeteer|[of] p2a: Pecharunt\n|-activate|p1a: Wigglytuff|confusion\n|move|p1a: Wigglytuff|Knock Off|p2a: Pecharunt\n|-supereffective|p2a: Pecharunt\n|-damage|p2a: Pecharunt|0 fnt\n|-enditem|p2a: Pecharunt|Leftovers|[from] move: Knock Off|[of] p1a: Wigglytuff\n|faint|p2a: Pecharunt\n|\n|-heal|p1a: Wigglytuff|240/424 tox|[from] item: Leftovers\n|-damage|p1a: Wigglytuff|214/424 tox|[from] psn\n|upkeep\n|\n|t:|1782785998\n|switch|p2a: Empoleon|Empoleon, L84, F|278/278\n|turn|16\n|inactive|kumao has 120 seconds left.\n|\n|t:|1782786018\n|move|p2a: Empoleon|Surf|p1a: Wigglytuff\n|-damage|p1a: Wigglytuff|75/424 tox\n|-activate|p1a: Wigglytuff|confusion\n|move|p1a: Wigglytuff|Wish|p1a: Wigglytuff\n|\n|-heal|p1a: Wigglytuff|101/424 tox|[from] item: Leftovers\n|-damage|p1a: Wigglytuff|49/424 tox|[from] psn\n|upkeep\n|turn|17\n|\n|t:|1782786026\n|-activate|p1a: Wigglytuff|confusion\n|-damage|p1a: Wigglytuff|7/424 tox|[from] confusion\n|move|p2a: Empoleon|Surf|p1a: Wigglytuff\n|-damage|p1a: Wigglytuff|0 fnt\n|faint|p1a: Wigglytuff\n|\n|win|testbotcif\n|raw|kumao's rating: 1199 &rarr; <strong>1173</strong><br />(-26 for losing)\n|raw|testbotcif's rating: 1184 &rarr; <strong>1210</strong><br />(+26 for winning)\n", "inputlog": ">version f8ac14003a5f27e1bdc8d8c59608a773c1cb96e5\n>start {\"formatid\":\"gen9randombattle\",\"seed\":\"sodium,040313928bd4dc791bb8a136baa4064f\",\"rated\":\"Rated battle\"}\n>player p1 {\"name\":\"kumao\",\"avatar\":\"riley\",\"rating\":1199,\"seed\":\"sodium,c29ab22f88f99211b96f65fc800d8f26\"}\n>player p2 {\"name\":\"testbotcif\",\"avatar\":\"266\",\"rating\":1184,\"seed\":\"sodium,2b14772f4e623fd985823574ca1d0b29\"}\n>chat \u2606testbotcif|rlhf\n>p1 move icebeam\n>p2 move quiverdance\n>p2 switch 6\n>p1 move icebeam\n>p2 move dragondance terastallize\n>p1 move icebeam\n>p2 move outrage\n>p1 switch 5\n>p1 move closecombat\n>p2 move outrage\n>p1 switch 4\n>p1 move sludgebomb\n>p2 move earthquake\n>p2 switch 5\n>p1 move darkpulse\n>p2 move earthquake\n>p1 switch 2\n>p1 move iciclespear\n>p2 switch 4\n>p1 move drillrun\n>p2 move malignantchain\n>p1 move rockblast\n>p2 move recover\n>p1 move drillrun\n>p2 move malignantchain\n>p1 switch 6\n>p1 move hurricane terastallize\n>p2 move malignantchain\n>p1 move bugbuzz\n>p2 move recover\n>p1 move hurricane\n>p2 move malignantchain\n>p1 move hurricane\n>p2 move shadowball\n>p1 switch 3\n>p1 move knockoff\n>p2 move malignantchain\n>p2 switch 2\n>p1 move wish\n>p2 move surf\n>p1 move protect\n>p2 move surf", "uploadtime": 1782786026, "views": 4, "formatid": "gen9randombattle", "rating": 1173, "private": 0, "password": null, "player_dets": [{"name": "kumao", "avatar": "riley", "rating": 1199, "seed": "sodium,c29ab22f88f99211b96f65fc800d8f26"}, {"name": "testbotcif", "avatar": "266", "rating": 1184, "seed": "sodium,2b14772f4e623fd985823574ca1d0b29"}], "teams_full": [{"Golduck": {"name": "Golduck", "species": "Golduck", "speciesId": "golduck", "gender": "F", "shiny": false, "level": 90, "moves": ["hydropump", "icebeam", "nastyplot", "grassknot"], "ability": "Cloud Nine", "evs": {"hp": 85, "atk": 0, "def": 85, "spa": 85, "spd": 85, "spe": 85}, "ivs": {"hp": 31, "atk": 0, "def": 31, "spa": 31, "spd": 31, "spe": 31}, "item": "Life Orb", "teraType": "Water", "role": "Fast Attacker", "bvs": {"hp": 80, "atk": 82, "def": 78, "spa": 95, "spd": 80, "spe": 85}, "stats": {"hp": 290, "atk": 152, "def": 192, "spa": 222, "spd": 195, "spe": 204}, "types": ["Water"]}, "Cloyster": {"name": "Cloyster", "species": "Cloyster", "speciesId": "cloyster", "gender": "M", "shiny": false, "level": 80, "moves": ["drillrun", "shellsmash", "iciclespear", "rockblast"], "ability": "Skill Link", "evs": {"hp": 85, "atk": 85, "def": 85, "spa": 85, "spd": 85, "spe": 85}, "ivs": {"hp": 31, "atk": 31, "def": 31, "spa": 31, "spd": 31, "spe": 31}, "item": "White Herb", "teraType": "Ground", "role": "Fast Attacker", "bvs": {"hp": 50, "atk": 95, "def": 180, "spa": 85, "spd": 45, "spe": 70}, "stats": {"hp": 211, "atk": 198, "def": 334, "spa": 182, "spd": 118, "spe": 158}, "types": ["Water", "Ice"]}, "Wigglytuff": {"name": "Wigglytuff", "species": "Wigglytuff", "speciesId": "wigglytuff", "gender": "M", "shiny": false, "level": 96, "moves": ["dazzlinggleam", "protect", "knockoff", "wish"], "ability": "Competitive", "evs": {"hp": 85, "atk": 85, "def": 85, "spa": 85, "spd": 85, "spe": 85}, "ivs": {"hp": 31, "atk": 31, "def": 31, "spa": 31, "spd": 31, "spe": 31}, "item": "Leftovers", "teraType": "Steel", "role": "Bulky Support", "bvs": {"hp": 140, "atk": 70, "def": 45, "spa": 85, "spd": 50, "spe": 45}, "stats": {"hp": 424, "atk": 189, "def": 141, "spa": 218, "spd": 150, "spe": 141}, "types": ["Normal", "Fairy"]}, "Houndoom": {"name": "Houndoom", "species": "Houndoom", "speciesId": "houndoom", "gender": "F", "shiny": false, "level": 87, "moves": ["fireblast", "nastyplot", "sludgebomb", "darkpulse"], "ability": "Flash Fire", "evs": {"hp": 85, "atk": 0, "def": 85, "spa": 85, "spd": 85, "spe": 85}, "ivs": {"hp": 31, "atk": 0, "def": 31, "spa": 31, "spd": 31, "spe": 31}, "item": "Heavy-Duty Boots", "teraType": "Poison", "role": "Fast Attacker", "bvs": {"hp": 75, "atk": 90, "def": 50, "spa": 110, "spd": 80, "spe": 95}, "stats": {"hp": 272, "atk": 161, "def": 137, "spa": 241, "spd": 189, "spe": 215}, "types": ["Dark", "Fire"]}, "Lycanroc": {"name": "Lycanroc", "species": "Lycanroc", "speciesId": "lycanroc", "gender": "M", "shiny": false, "level": 86, "moves": ["crunch", "stoneedge", "taunt", "closecombat"], "ability": "Sand Rush", "evs": {"hp": 85, "atk": 85, "def": 85, "spa": 85, "spd": 85, "spe": 85}, "ivs": {"hp": 31, "atk": 31, "def": 31, "spa": 31, "spd": 31, "spe": 31}, "item": "Life Orb", "teraType": "Fighting", "role": "Fast Attacker", "bvs": {"hp": 75, "atk": 115, "def": 65, "spa": 55, "spd": 65, "spe": 112}, "stats": {"hp": 269, "atk": 247, "def": 161, "spa": 144, "spd": 161, "spe": 242}, "types": ["Rock"]}, "Masquerain": {"name": "Masquerain", "species": "Masquerain", "speciesId": "masquerain", "gender": "F", "shiny": false, "level": 87, "moves": ["uturn", "stickyweb", "hurricane", "bugbuzz"], "ability": "Intimidate", "evs": {"hp": 85, "atk": 85, "def": 85, "spa": 85, "spd": 85, "spe": 85}, "ivs": {"hp": 31, "atk": 31, "def": 31, "spa": 31, "spd": 31, "spe": 31}, "item": "Heavy-Duty Boots", "teraType": "Ground", "role": "Fast Support", "bvs": {"hp": 70, "atk": 60, "def": 62, "spa": 100, "spd": 82, "spe": 80}, "stats": {"hp": 264, "atk": 154, "def": 158, "spa": 224, "spd": 192, "spe": 189}, "types": ["Bug", "Flying"]}}, {"Vivillon": {"name": "Vivillon", "species": "Vivillon-Modern", "speciesId": "vivillon", "gender": "F", "shiny": false, "level": 83, "moves": ["sleeppowder", "terablast", "quiverdance", "hurricane"], "ability": "Compound Eyes", "evs": {"hp": 85, "atk": 0, "def": 85, "spa": 85, "spd": 85, "spe": 85}, "ivs": {"hp": 31, "atk": 0, "def": 31, "spa": 31, "spd": 31, "spe": 31}, "item": "Heavy-Duty Boots", "teraType": "Ground", "role": "Tera Blast user", "bvs": {"hp": 80, "atk": 52, "def": 50, "spa": 90, "spd": 50, "spe": 89}, "stats": {"hp": 268, "atk": 91, "def": 131, "spa": 197, "spd": 131, "spe": 195}, "types": ["Bug", "Flying"]}, "Empoleon": {"name": "Empoleon", "species": "Empoleon", "speciesId": "empoleon", "gender": "F", "shiny": false, "level": 84, "moves": ["surf", "roost", "yawn", "flipturn"], "ability": "Competitive", "evs": {"hp": 85, "atk": 85, "def": 85, "spa": 85, "spd": 85, "spe": 85}, "ivs": {"hp": 31, "atk": 31, "def": 31, "spa": 31, "spd": 31, "spe": 31}, "item": "Leftovers", "teraType": "Grass", "role": "Bulky Support", "bvs": {"hp": 84, "atk": 86, "def": 88, "spa": 111, "spd": 101, "spe": 60}, "stats": {"hp": 278, "atk": 193, "def": 196, "spa": 235, "spd": 218, "spe": 149}, "types": ["Water", "Steel"]}, "Iron Moth": {"name": "Iron Moth", "species": "Iron Moth", "speciesId": "ironmoth", "gender": "N", "shiny": false, "level": 78, "moves": ["morningsun", "fierydance", "sludgewave", "energyball"], "ability": "Quark Drive", "evs": {"hp": 85, "atk": 0, "def": 85, "spa": 85, "spd": 85, "spe": 85}, "ivs": {"hp": 31, "atk": 0, "def": 31, "spa": 31, "spd": 31, "spe": 31}, "item": "Heavy-Duty Boots", "teraType": "Grass", "role": "Fast Attacker", "bvs": {"hp": 80, "atk": 70, "def": 60, "spa": 140, "spd": 110, "spe": 110}, "stats": {"hp": 253, "atk": 114, "def": 139, "spa": 263, "spd": 217, "spe": 217}, "types": ["Fire", "Poison"]}, "Pecharunt": {"name": "Pecharunt", "species": "Pecharunt", "speciesId": "pecharunt", "gender": "N", "shiny": false, "level": 77, "moves": ["nastyplot", "malignantchain", "recover", "shadowball"], "ability": "Poison Puppeteer", "evs": {"hp": 85, "atk": 0, "def": 85, "spa": 85, "spd": 85, "spe": 85}, "ivs": {"hp": 31, "atk": 0, "def": 31, "spa": 31, "spd": 31, "spe": 31}, "item": "Leftovers", "teraType": "Dark", "role": "Bulky Attacker", "bvs": {"hp": 88, "atk": 88, "def": 160, "spa": 88, "spd": 88, "spe": 88}, "stats": {"hp": 262, "atk": 140, "def": 291, "spa": 180, "spd": 180, "spe": 180}, "types": ["Poison", "Ghost"]}, "Landorus": {"name": "Landorus", "species": "Landorus-Therian", "speciesId": "landorustherian", "gender": "M", "shiny": false, "level": 76, "moves": ["earthquake", "uturn", "stealthrock", "taunt"], "ability": "Intimidate", "evs": {"hp": 85, "atk": 85, "def": 85, "spa": 85, "spd": 85, "spe": 85}, "ivs": {"hp": 31, "atk": 31, "def": 31, "spa": 31, "spd": 31, "spe": 31}, "item": "Leftovers", "teraType": "Ground", "role": "Bulky Support", "bvs": {"hp": 89, "atk": 145, "def": 90, "spa": 105, "spd": 80, "spe": 91}, "stats": {"hp": 260, "atk": 264, "def": 181, "spa": 204, "spd": 166, "spe": 182}, "types": ["Ground", "Flying"]}, "Regidrago": {"name": "Regidrago", "species": "Regidrago", "speciesId": "regidrago", "gender": "N", "shiny": false, "level": 77, "moves": ["dragondance", "outrage", "earthquake", "dracometeor"], "ability": "Dragon's Maw", "evs": {"hp": 85, "atk": 85, "def": 85, "spa": 85, "spd": 85, "spe": 85}, "ivs": {"hp": 31, "atk": 31, "def": 31, "spa": 31, "spd": 31, "spe": 31}, "item": "Lum Berry", "teraType": "Dragon", "role": "Setup Sweeper", "bvs": {"hp": 200, "atk": 100, "def": 50, "spa": 100, "spd": 50, "spe": 80}, "stats": {"hp": 435, "atk": 199, "def": 122, "spa": 199, "spd": 122, "spe": 168}, "types": ["Dragon"]}}]}