{"id": "gen9randombattle-2641080499", "format": "[Gen 9] Random Battle", "players": ["oddishlover4", "My Life is Dance \u2764"], "log": "|badge|p1|bronze|gen9nu|100-9\n|uhtml|medal-msg|<div class=\"broadcast-blue\">Curious what those medals under the avatar are? PS now has Ladder Seasons! For more information, check out the <a href=\"https://www.smogon.com/forums/threads/3740067/\">thread on Smogon.</a></div>\n|badge|p2|bronze|gen9randombattle|100-9\n|html|<div class=\"broadcast-red\"><strong>This battle is required to be public due to one or more player having a season medal.</strong><br />During the public phase, you can discuss the state of the ladder <a href=\"/seasondiscussion\">in a special chatroom.</a></div>\n|uhtml|medal-msg|<div class=\"broadcast-blue\">Curious what those medals under the avatar are? PS now has Ladder Seasons! For more information, check out the <a href=\"https://www.smogon.com/forums/threads/3740067/\">thread on Smogon.</a></div>\n|j|\u2606oddishlover4\n|j|\u2606My Life is Dance \u2764\n|t:|1782737573\n|gametype|singles\n|player|p1|oddishlover4|170|2310\n|player|p2|My Life is Dance \u2764|tierno|2307\n|gen|9\n|tier|[Gen 9] Random Battle\n|rated|\n|rule|Species Clause: Limit one of each Pok\u00e9mon\n|rule|HP Percentage Mod: HP is shown in percentages\n|rule|Sleep Clause Mod: Limit one foe put to sleep\n|rule|Illusion Level Mod: Illusion disguises the Pok\u00e9mon's true level\n|\n|t:|1782737573\n|teamsize|p1|6\n|teamsize|p2|6\n|start\n|switch|p1a: Hoopa|Hoopa, L85|275/275\n|switch|p2a: Arboliva|Arboliva, L91, F|288/288\n|turn|1\n|inactive|Battle timer is ON: inactive players will automatically lose when time's up. (requested by My Life is Dance \u2764)\n|c|\u2606oddishlover4|gl/hf!\n|inactive|oddishlover4 also wants the timer to be on.\n|\n|t:|1782737597\n|switch|p2a: Mismagius|Mismagius, L86, F|243/243\n|move|p1a: Hoopa|Psychic|p2a: Mismagius\n|-damage|p2a: Mismagius|120/243\n|\n|upkeep\n|turn|2\n|\n|t:|1782737616\n|switch|p2a: Arboliva|Arboliva, L91, F|288/288\n|move|p1a: Hoopa|Psychic|p2a: Arboliva\n|-damage|p2a: Arboliva|168/288\n|\n|upkeep\n|turn|3\n|\n|t:|1782737636\n|move|p1a: Hoopa|Psychic|p2a: Arboliva\n|-damage|p2a: Arboliva|51/288\n|-enditem|p2a: Arboliva|Sitrus Berry|[eat]\n|-heal|p2a: Arboliva|123/288|[from] item: Sitrus Berry\n|move|p2a: Arboliva|Leech Seed|p1a: Hoopa\n|-start|p1a: Hoopa|move: Leech Seed\n|\n|-damage|p1a: Hoopa|241/275|[from] Leech Seed|[of] p2a: Arboliva\n|-heal|p2a: Arboliva|157/288|[silent]\n|upkeep\n|turn|4\n|\n|t:|1782737655\n|move|p1a: Hoopa|Psychic|p2a: Arboliva\n|-damage|p2a: Arboliva|55/288\n|move|p2a: Arboliva|Substitute|p2a: Arboliva\n|-fail|p2a: Arboliva|move: Substitute|[weak]\n|\n|-damage|p1a: Hoopa|207/275|[from] Leech Seed|[of] p2a: Arboliva\n|-heal|p2a: Arboliva|89/288|[silent]\n|-item|p2a: Arboliva|Sitrus Berry|[from] ability: Harvest\n|upkeep\n|-enditem|p2a: Arboliva|Sitrus Berry|[eat]\n|-heal|p2a: Arboliva|161/288|[from] item: Sitrus Berry\n|turn|5\n|inactive|oddishlover4 has 120 seconds left.\n|\n|t:|1782737673\n|switch|p1a: Lurantis|Lurantis, L87, F|264/264\n|move|p2a: Arboliva|Protect||[still]\n|-fail|p2a: Arboliva\n|\n|-item|p2a: Arboliva|Sitrus Berry|[from] ability: Harvest\n|upkeep\n|turn|6\n|inactive|oddishlover4 has 120 seconds left.\n|\n|t:|1782737695\n|switch|p2a: Toxapex|Toxapex, L82, M|216/216\n|move|p1a: Lurantis|Knock Off|p2a: Toxapex\n|-damage|p2a: Toxapex|164/216\n|-damage|p1a: Lurantis|220/264|[from] item: Rocky Helmet|[of] p2a: Toxapex\n|-enditem|p2a: Toxapex|Rocky Helmet|[from] move: Knock Off|[of] p1a: Lurantis\n|\n|upkeep\n|turn|7\n|inactive|oddishlover4 has 120 seconds left.\n|\n|t:|1782737714\n|move|p1a: Lurantis|Leaf Storm|p2a: Toxapex\n|-damage|p2a: Toxapex|71/216\n|-boost|p1a: Lurantis|spa|2\n|move|p2a: Toxapex|Toxic Spikes|p1a: Lurantis\n|-sidestart|p1: oddishlover4|move: Toxic Spikes\n|\n|upkeep\n|turn|8\n|\n|t:|1782737732\n|move|p1a: Lurantis|Leaf Storm|p2a: Toxapex\n|-damage|p2a: Toxapex|0 fnt\n|-boost|p1a: Lurantis|spa|2\n|faint|p2a: Toxapex\n|\n|upkeep\n|\n|t:|1782737736\n|switch|p2a: Maushold|Maushold-Four, L76|238/238\n|turn|9\n|\n|t:|1782737754\n|-terastallize|p2a: Maushold|Normal\n|move|p2a: Maushold|Population Bomb|p1a: Lurantis\n|-damage|p1a: Lurantis|192/264\n|-damage|p1a: Lurantis|164/264\n|-damage|p1a: Lurantis|138/264\n|-damage|p1a: Lurantis|112/264\n|-damage|p1a: Lurantis|82/264\n|-damage|p1a: Lurantis|52/264\n|-damage|p1a: Lurantis|20/264\n|-damage|p1a: Lurantis|0 fnt\n|faint|p1a: Lurantis\n|-hitcount|p1: Lurantis|8\n|\n|upkeep\n|\n|t:|1782737772\n|switch|p1a: Haxorus|Haxorus, L77, F|244/244\n|-status|p1a: Haxorus|psn\n|-enditem|p1a: Haxorus|Lum Berry|[eat]\n|-curestatus|p1a: Haxorus|psn|[msg]\n|-ability|p1a: Haxorus|Mold Breaker\n|turn|10\n|inactive|oddishlover4 has 90 seconds left.\n|\n|t:|1782737790\n|-terastallize|p1a: Haxorus|Steel\n|move|p2a: Maushold|Population Bomb|p1a: Haxorus\n|-resisted|p1a: Haxorus\n|-damage|p1a: Haxorus|228/244\n|-resisted|p1a: Haxorus\n|-crit|p1a: Haxorus\n|-damage|p1a: Haxorus|203/244\n|-resisted|p1a: Haxorus\n|-damage|p1a: Haxorus|188/244\n|-resisted|p1a: Haxorus\n|-damage|p1a: Haxorus|172/244\n|-resisted|p1a: Haxorus\n|-damage|p1a: Haxorus|156/244\n|-resisted|p1a: Haxorus\n|-damage|p1a: Haxorus|140/244\n|-resisted|p1a: Haxorus\n|-damage|p1a: Haxorus|124/244\n|-resisted|p1a: Haxorus\n|-damage|p1a: Haxorus|107/244\n|-resisted|p1a: Haxorus\n|-damage|p1a: Haxorus|90/244\n|-resisted|p1a: Haxorus\n|-damage|p1a: Haxorus|73/244\n|-hitcount|p1a: Haxorus|10\n|move|p1a: Haxorus|Dragon Dance|p1a: Haxorus\n|-boost|p1a: Haxorus|atk|1\n|-boost|p1a: Haxorus|spe|1\n|\n|upkeep\n|turn|11\n|inactive|oddishlover4 has 90 seconds left.\n|\n|t:|1782737808\n|switch|p2a: Mismagius|Mismagius, L86, F|120/243\n|move|p1a: Haxorus|Close Combat|p2a: Mismagius\n|-immune|p2a: Mismagius\n|\n|upkeep\n|turn|12\n|inactive|oddishlover4 has 90 seconds left.\n|\n|t:|1782737825\n|move|p1a: Haxorus|Iron Head|p2a: Mismagius\n|-damage|p2a: Mismagius|0 fnt\n|faint|p2a: Mismagius\n|\n|upkeep\n|\n|t:|1782737828\n|switch|p2a: Iron Hands|Iron Hands, L79|373/373\n|turn|13\n|inactive|oddishlover4 has 90 seconds left.\n|\n|t:|1782737846\n|move|p1a: Haxorus|Outrage|p2a: Iron Hands\n|-damage|p2a: Iron Hands|163/373\n|move|p2a: Iron Hands|Drain Punch|p1a: Haxorus\n|-supereffective|p1a: Haxorus\n|-damage|p1a: Haxorus|0 fnt\n|-heal|p2a: Iron Hands|200/373|[from] drain|[of] p1a: Haxorus\n|faint|p1a: Haxorus\n|\n|-heal|p2a: Iron Hands|223/373|[from] item: Leftovers\n|upkeep\n|\n|t:|1782737863\n|switch|p1a: Hoopa|Hoopa, L85|207/275\n|-status|p1a: Hoopa|psn\n|turn|14\n|\n|t:|1782737881\n|move|p1a: Hoopa|Psychic|p2a: Iron Hands\n|-supereffective|p2a: Iron Hands\n|-damage|p2a: Iron Hands|0 fnt\n|faint|p2a: Iron Hands\n|-end|p2a: Iron Hands|Quark Drive|[silent]\n|\n|-damage|p1a: Hoopa|173/275 psn|[from] psn\n|upkeep\n|\n|t:|1782737887\n|switch|p2a: Arboliva|Arboliva, L91, F|161/288\n|turn|15\n|\n|t:|1782737905\n|move|p1a: Hoopa|Psychic|p2a: Arboliva\n|-damage|p2a: Arboliva|59/288\n|-unboost|p2a: Arboliva|spd|1\n|-enditem|p2a: Arboliva|Sitrus Berry|[eat]\n|-heal|p2a: Arboliva|131/288|[from] item: Sitrus Berry\n|move|p2a: Arboliva|Substitute|p2a: Arboliva\n|-start|p2a: Arboliva|Substitute\n|-damage|p2a: Arboliva|59/288\n|\n|-damage|p1a: Hoopa|139/275 psn|[from] psn\n|upkeep\n|turn|16\n|inactive|oddishlover4 has 60 seconds left.\n|\n|t:|1782737922\n|move|p2a: Arboliva|Protect|p2a: Arboliva\n|-singleturn|p2a: Arboliva|Protect\n|move|p1a: Hoopa|Psychic|p2a: Arboliva\n|-activate|p2a: Arboliva|move: Protect\n|\n|-damage|p1a: Hoopa|105/275 psn|[from] psn\n|upkeep\n|turn|17\n|inactive|oddishlover4 has 60 seconds left.\n|\n|t:|1782737940\n|move|p1a: Hoopa|Psychic|p2a: Arboliva\n|-end|p2a: Arboliva|Substitute\n|move|p2a: Arboliva|Leech Seed|p1a: Hoopa\n|-start|p1a: Hoopa|move: Leech Seed\n|\n|-damage|p1a: Hoopa|71/275 psn|[from] Leech Seed|[of] p2a: Arboliva\n|-heal|p2a: Arboliva|93/288|[silent]\n|-damage|p1a: Hoopa|37/275 psn|[from] psn\n|upkeep\n|turn|18\n|inactive|oddishlover4 has 60 seconds left.\n|\n|t:|1782737958\n|move|p2a: Arboliva|Protect|p2a: Arboliva\n|-singleturn|p2a: Arboliva|Protect\n|move|p1a: Hoopa|Psychic|p2a: Arboliva\n|-activate|p2a: Arboliva|move: Protect\n|\n|-damage|p1a: Hoopa|3/275 psn|[from] Leech Seed|[of] p2a: Arboliva\n|-heal|p2a: Arboliva|127/288|[silent]\n|-damage|p1a: Hoopa|0 fnt|[from] psn\n|faint|p1a: Hoopa\n|-item|p2a: Arboliva|Sitrus Berry|[from] ability: Harvest\n|upkeep\n|-enditem|p2a: Arboliva|Sitrus Berry|[eat]\n|-heal|p2a: Arboliva|199/288|[from] item: Sitrus Berry\n|\n|t:|1782737975\n|switch|p1a: Glaceon|Glaceon, L94, F|275/275\n|turn|19\n|\n|t:|1782737993\n|switch|p2a: Enamorus|Enamorus, L79, F|247/247\n|move|p1a: Glaceon|Freeze-Dry|p2a: Enamorus\n|-supereffective|p2a: Enamorus\n|-damage|p2a: Enamorus|0 fnt\n|faint|p2a: Enamorus\n|\n|upkeep\n|\n|t:|1782738000\n|switch|p2a: Maushold|Maushold-Four, L76, tera:Normal|238/238\n|turn|20\n|\n|t:|1782738010\n|move|p2a: Maushold|Tidy Up|p2a: Maushold\n|-sideend|p1: oddishlover4|Toxic Spikes\n|-activate|p2a: Maushold|move: Tidy Up\n|-boost|p2a: Maushold|atk|1\n|-boost|p2a: Maushold|spe|1\n|move|p1a: Glaceon|Freeze-Dry|p2a: Maushold\n|-damage|p2a: Maushold|90/238\n|\n|upkeep\n|turn|21\n|inactive|oddishlover4 has 60 seconds left.\n|\n|t:|1782738018\n|move|p2a: Maushold|Population Bomb|p1a: Glaceon\n|-damage|p1a: Glaceon|241/275\n|-damage|p1a: Glaceon|207/275\n|-damage|p1a: Glaceon|171/275\n|-damage|p1a: Glaceon|137/275\n|-damage|p1a: Glaceon|101/275\n|-damage|p1a: Glaceon|67/275\n|-damage|p1a: Glaceon|35/275\n|-damage|p1a: Glaceon|1/275\n|-damage|p1a: Glaceon|0 fnt\n|faint|p1a: Glaceon\n|-hitcount|p1: Glaceon|9\n|\n|upkeep\n|inactive|oddishlover4 has 60 seconds left.\n|\n|t:|1782738033\n|switch|p1a: Scrafty|Scrafty, L83, F|244/244\n|-ability|p1a: Scrafty|Intimidate|boost\n|-unboost|p2a: Maushold|atk|1\n|turn|22\n|inactive|oddishlover4 has 60 seconds left.\n|\n|t:|1782738047\n|move|p2a: Maushold|Population Bomb|p1a: Scrafty\n|-damage|p1a: Scrafty|220/244\n|-damage|p1a: Scrafty|196/244\n|-damage|p1a: Scrafty|172/244\n|-damage|p1a: Scrafty|148/244\n|-damage|p1a: Scrafty|124/244\n|-damage|p1a: Scrafty|100/244\n|-damage|p1a: Scrafty|74/244\n|-damage|p1a: Scrafty|50/244\n|-damage|p1a: Scrafty|24/244\n|-damage|p1a: Scrafty|0 fnt\n|faint|p1a: Scrafty\n|-hitcount|p1: Scrafty|10\n|\n|upkeep\n|\n|t:|1782738061\n|switch|p1a: Dondozo|Dondozo, L78, M|362/362\n|turn|23\n|\n|t:|1782738070\n|move|p2a: Maushold|Population Bomb|p1a: Dondozo\n|-damage|p1a: Dondozo|336/362\n|-damage|p1a: Dondozo|308/362\n|-damage|p1a: Dondozo|280/362\n|-damage|p1a: Dondozo|252/362\n|-damage|p1a: Dondozo|226/362\n|-damage|p1a: Dondozo|200/362\n|-damage|p1a: Dondozo|172/362\n|-damage|p1a: Dondozo|146/362\n|-damage|p1a: Dondozo|118/362\n|-damage|p1a: Dondozo|92/362\n|-hitcount|p1a: Dondozo|10\n|move|p1a: Dondozo|Curse|p1a: Dondozo\n|-unboost|p1a: Dondozo|spe|1\n|-boost|p1a: Dondozo|atk|1\n|-boost|p1a: Dondozo|def|1\n|\n|-heal|p1a: Dondozo|114/362|[from] item: Leftovers\n|upkeep\n|turn|24\n|\n|t:|1782738076\n|move|p2a: Maushold|Encore|p1a: Dondozo\n|-start|p1a: Dondozo|Encore\n|move|p1a: Dondozo|Curse|p1a: Dondozo\n|-unboost|p1a: Dondozo|spe|1\n|-boost|p1a: Dondozo|atk|1\n|-boost|p1a: Dondozo|def|1\n|\n|-heal|p1a: Dondozo|136/362|[from] item: Leftovers\n|upkeep\n|turn|25\n|\n|t:|1782738087\n|move|p2a: Maushold|Population Bomb|p1a: Dondozo\n|-damage|p1a: Dondozo|124/362\n|-damage|p1a: Dondozo|110/362\n|-damage|p1a: Dondozo|96/362\n|-damage|p1a: Dondozo|82/362\n|-damage|p1a: Dondozo|66/362\n|-damage|p1a: Dondozo|52/362\n|-damage|p1a: Dondozo|38/362\n|-damage|p1a: Dondozo|26/362\n|-damage|p1a: Dondozo|12/362\n|-damage|p1a: Dondozo|0 fnt\n|faint|p1a: Dondozo\n|-hitcount|p1: Dondozo|10\n|\n|win|My Life is Dance \u2764\n", "inputlog": ">version 3f8ef8cf60cebd2b18892af2794d10415e14a302\n>start {\"formatid\":\"gen9randombattle\",\"seed\":\"sodium,dfbb3eb1e3784c9fc788bc0760ad05c2\",\"rated\":\"Rated battle\"}\n>player p1 {\"name\":\"oddishlover4\",\"avatar\":\"170\",\"rating\":2310,\"seed\":\"sodium,a73157084643d26c960a6200cf7a3c10\"}\n>player p2 {\"name\":\"My Life is Dance \u2764\",\"avatar\":\"tierno\",\"rating\":2307,\"seed\":\"sodium,42a11678e685984a5b92a1ded7921b0d\"}\n>chat \u2606oddishlover4|gl/hf!\n>p1 move psychic\n>p2 switch 3\n>p1 move psychic\n>p2 switch 3\n>p1 move psychic\n>p2 move leechseed\n>p1 move psychic\n>p2 move substitute\n>p1 switch 2\n>p2 move protect\n>p1 move knockoff\n>p2 switch 6\n>p1 move leafstorm\n>p2 move toxicspikes\n>p1 move leafstorm\n>p2 move liquidation\n>p2 switch 5\n>p1 move leafstorm\n>p2 move populationbomb terastallize\n>p1 switch 6\n>p1 move dragondance terastallize\n>p2 move populationbomb\n>p1 move closecombat\n>p2 switch 3\n>p1 move ironhead\n>p2 move shadowball\n>p2 switch 4\n>p1 move outrage\n>p2 move drainpunch\n>p1 switch 2\n>p1 move psychic\n>p2 move thunderpunch\n>p2 switch 6\n>p1 move psychic\n>p2 move substitute\n>p1 move psychic\n>p2 move protect\n>p1 move psychic\n>p2 move leechseed\n>p1 move psychic\n>p2 move protect\n>p1 switch 4\n>p1 move freezedry\n>p2 switch 2\n>p2 switch 3\n>p1 move freezedry\n>p2 move tidyup\n>p1 move freezedry\n>p2 move populationbomb\n>p1 switch 3\n>p1 move drainpunch\n>p2 move populationbomb\n>p1 switch 5\n>p1 move curse\n>p2 move populationbomb\n>p1 move rest\n>p2 move encore\n>p1 move curse\n>p2 move populationbomb", "uploadtime": 1782737576, "views": 4, "formatid": "gen9randombattle", "rating": null, "private": 0, "password": null, "player_dets": [{"name": "oddishlover4", "avatar": "170", "rating": 2310, "seed": "sodium,a73157084643d26c960a6200cf7a3c10"}, {"name": "My Life is Dance \u2764", "avatar": "tierno", "rating": 2307, "seed": "sodium,42a11678e685984a5b92a1ded7921b0d"}], "teams_full": [{"Hoopa": {"name": "Hoopa", "species": "Hoopa", "speciesId": "hoopa", "gender": "N", "shiny": false, "level": 85, "moves": ["shadowball", "trick", "psychic", "focusblast"], "ability": "Magician", "evs": {"hp": 85, "atk": 0, "def": 85, "spa": 85, "spd": 85, "spe": 85}, "ivs": {"hp": 31, "atk": 0, "def": 31, "spa": 31, "spd": 31, "spe": 31}, "item": "Choice Scarf", "teraType": "Fighting", "role": "Fast Attacker", "bvs": {"hp": 80, "atk": 110, "def": 60, "spa": 150, "spd": 130, "spe": 70}, "stats": {"hp": 275, "atk": 192, "def": 151, "spa": 304, "spd": 270, "spe": 168}, "types": ["Psychic", "Ghost"]}, "Lurantis": {"name": "Lurantis", "species": "Lurantis", "speciesId": "lurantis", "gender": "F", "shiny": false, "level": 87, "moves": ["leechlife", "superpower", "leafstorm", "knockoff"], "ability": "Contrary", "evs": {"hp": 85, "atk": 85, "def": 85, "spa": 85, "spd": 85, "spe": 85}, "ivs": {"hp": 31, "atk": 31, "def": 31, "spa": 31, "spd": 31, "spe": 31}, "item": "Assault Vest", "teraType": "Water", "role": "AV Pivot", "bvs": {"hp": 70, "atk": 105, "def": 90, "spa": 80, "spd": 90, "spe": 45}, "stats": {"hp": 264, "atk": 232, "def": 206, "spa": 189, "spd": 206, "spe": 128}, "types": ["Grass"]}, "Scrafty": {"name": "Scrafty", "species": "Scrafty", "speciesId": "scrafty", "gender": "F", "shiny": false, "level": 83, "moves": ["drainpunch", "poisonjab", "knockoff", "dragondance"], "ability": "Intimidate", "evs": {"hp": 85, "atk": 85, "def": 85, "spa": 85, "spd": 85, "spe": 85}, "ivs": {"hp": 31, "atk": 31, "def": 31, "spa": 31, "spd": 31, "spe": 31}, "item": "Leftovers", "teraType": "Poison", "role": "Bulky Attacker", "bvs": {"hp": 65, "atk": 90, "def": 115, "spa": 45, "spd": 115, "spe": 58}, "stats": {"hp": 244, "atk": 197, "def": 239, "spa": 122, "spd": 239, "spe": 144}, "types": ["Dark", "Fighting"]}, "Glaceon": {"name": "Glaceon", "species": "Glaceon", "speciesId": "glaceon", "gender": "F", "shiny": false, "level": 94, "moves": ["protect", "wish", "freezedry", "calmmind"], "ability": "Ice Body", "evs": {"hp": 85, "atk": 0, "def": 85, "spa": 85, "spd": 85, "spe": 85}, "ivs": {"hp": 31, "atk": 0, "def": 31, "spa": 31, "spd": 31, "spe": 31}, "item": "Heavy-Duty Boots", "teraType": "Water", "role": "Bulky Setup", "bvs": {"hp": 65, "atk": 60, "def": 110, "spa": 130, "spd": 95, "spe": 65}, "stats": {"hp": 275, "atk": 117, "def": 260, "spa": 298, "spd": 232, "spe": 176}, "types": ["Ice"]}, "Dondozo": {"name": "Dondozo", "species": "Dondozo", "speciesId": "dondozo", "gender": "M", "shiny": false, "level": 78, "moves": ["rest", "sleeptalk", "curse", "wavecrash"], "ability": "Unaware", "evs": {"hp": 85, "atk": 85, "def": 85, "spa": 85, "spd": 85, "spe": 85}, "ivs": {"hp": 31, "atk": 31, "def": 31, "spa": 31, "spd": 31, "spe": 31}, "item": "Leftovers", "teraType": "Fairy", "role": "Bulky Setup", "bvs": {"hp": 150, "atk": 100, "def": 115, "spa": 65, "spd": 65, "spe": 35}, "stats": {"hp": 362, "atk": 201, "def": 224, "spa": 146, "spd": 146, "spe": 100}, "types": ["Water"]}, "Haxorus": {"name": "Haxorus", "species": "Haxorus", "speciesId": "haxorus", "gender": "F", "shiny": false, "level": 77, "moves": ["outrage", "dragondance", "ironhead", "closecombat"], "ability": "Mold Breaker", "evs": {"hp": 85, "atk": 85, "def": 85, "spa": 85, "spd": 85, "spe": 85}, "ivs": {"hp": 31, "atk": 31, "def": 31, "spa": 31, "spd": 31, "spe": 31}, "item": "Lum Berry", "teraType": "Steel", "role": "Setup Sweeper", "bvs": {"hp": 76, "atk": 147, "def": 90, "spa": 60, "spd": 70, "spe": 97}, "stats": {"hp": 244, "atk": 271, "def": 183, "spa": 137, "spd": 152, "spe": 194}, "types": ["Dragon"]}}, {"Arboliva": {"name": "Arboliva", "species": "Arboliva", "speciesId": "arboliva", "gender": "F", "shiny": false, "level": 91, "moves": ["protect", "substitute", "hypervoice", "leechseed"], "ability": "Harvest", "evs": {"hp": 77, "atk": 0, "def": 85, "spa": 85, "spd": 85, "spe": 85}, "ivs": {"hp": 31, "atk": 0, "def": 31, "spa": 31, "spd": 31, "spe": 31}, "item": "Sitrus Berry", "teraType": "Water", "role": "Bulky Support", "bvs": {"hp": 78, "atk": 69, "def": 90, "spa": 125, "spd": 109, "spe": 39}, "stats": {"hp": 288, "atk": 130, "def": 216, "spa": 279, "spd": 250, "spe": 123}, "types": ["Grass", "Normal"]}, "Enamorus": {"name": "Enamorus", "species": "Enamorus", "speciesId": "enamorus", "gender": "F", "shiny": false, "level": 79, "moves": ["superpower", "substitute", "playrough", "taunt"], "ability": "Contrary", "evs": {"hp": 85, "atk": 85, "def": 85, "spa": 85, "spd": 85, "spe": 85}, "ivs": {"hp": 31, "atk": 31, "def": 31, "spa": 31, "spd": 31, "spe": 31}, "item": "Leftovers", "teraType": "Fighting", "role": "Setup Sweeper", "bvs": {"hp": 74, "atk": 115, "def": 70, "spa": 135, "spd": 80, "spe": 106}, "stats": {"hp": 247, "atk": 227, "def": 156, "spa": 259, "spd": 172, "spe": 213}, "types": ["Fairy", "Flying"]}, "Mismagius": {"name": "Mismagius", "species": "Mismagius", "speciesId": "mismagius", "gender": "F", "shiny": false, "level": 86, "moves": ["energyball", "mysticalfire", "shadowball", "thunderbolt"], "ability": "Levitate", "evs": {"hp": 85, "atk": 0, "def": 85, "spa": 85, "spd": 85, "spe": 85}, "ivs": {"hp": 31, "atk": 0, "def": 31, "spa": 31, "spd": 31, "spe": 31}, "item": "Choice Specs", "teraType": "Fire", "role": "Wallbreaker", "bvs": {"hp": 60, "atk": 60, "def": 60, "spa": 105, "spd": 105, "spe": 105}, "stats": {"hp": 243, "atk": 108, "def": 152, "spa": 230, "spd": 230, "spe": 230}, "types": ["Ghost"]}, "Iron Hands": {"name": "Iron Hands", "species": "Iron Hands", "speciesId": "ironhands", "gender": "N", "shiny": false, "level": 79, "moves": ["icepunch", "drainpunch", "thunderpunch", "swordsdance"], "ability": "Quark Drive", "evs": {"hp": 85, "atk": 85, "def": 85, "spa": 85, "spd": 85, "spe": 85}, "ivs": {"hp": 31, "atk": 31, "def": 31, "spa": 31, "spd": 31, "spe": 31}, "item": "Leftovers", "teraType": "Fighting", "role": "Bulky Attacker", "bvs": {"hp": 154, "atk": 140, "def": 108, "spa": 50, "spd": 68, "spe": 50}, "stats": {"hp": 373, "atk": 267, "def": 216, "spa": 125, "spd": 153, "spe": 125}, "types": ["Fighting", "Electric"]}, "Maushold": {"name": "Maushold", "species": "Maushold-Four", "speciesId": "maushold", "gender": "N", "shiny": false, "level": 76, "moves": ["encore", "tidyup", "bite", "populationbomb"], "ability": "Technician", "evs": {"hp": 85, "atk": 85, "def": 85, "spa": 85, "spd": 85, "spe": 85}, "ivs": {"hp": 31, "atk": 31, "def": 31, "spa": 31, "spd": 31, "spe": 31}, "item": "Wide Lens", "teraType": "Normal", "role": "Setup Sweeper", "bvs": {"hp": 74, "atk": 75, "def": 70, "spa": 65, "spd": 75, "spe": 111}, "stats": {"hp": 238, "atk": 158, "def": 150, "spa": 143, "spd": 158, "spe": 213}, "types": ["Normal"]}, "Toxapex": {"name": "Toxapex", "species": "Toxapex", "speciesId": "toxapex", "gender": "M", "shiny": false, "level": 82, "moves": ["liquidation", "toxicspikes", "recover", "haze"], "ability": "Regenerator", "evs": {"hp": 85, "atk": 85, "def": 85, "spa": 85, "spd": 85, "spe": 85}, "ivs": {"hp": 31, "atk": 31, "def": 31, "spa": 31, "spd": 31, "spe": 31}, "item": "Rocky Helmet", "teraType": "Steel", "role": "Bulky Support", "bvs": {"hp": 50, "atk": 63, "def": 152, "spa": 53, "spd": 142, "spe": 35}, "stats": {"hp": 216, "atk": 150, "def": 296, "spa": 134, "spd": 280, "spe": 105}, "types": ["Poison", "Water"]}}]}