{"id": "gen9randombattle-2641702731", "format": "[Gen 9] Random Battle", "players": ["eaglecarson214", "jihadi jynx"], "log": "|j|\u2606eaglecarson214\n|j|\u2606jihadi jynx\n|t:|1782831744\n|gametype|singles\n|player|p1|eaglecarson214|clown|2251\n|player|p2|jihadi jynx|2|2235\n|gen|9\n|tier|[Gen 9] Random Battle\n|rated|\n|rule|Species Clause: Limit one of each Pok\u00e9mon\n|rule|HP Percentage Mod: HP is shown in percentages\n|rule|Sleep Clause Mod: Limit one foe put to sleep\n|rule|Illusion Level Mod: Illusion disguises the Pok\u00e9mon's true level\n|\n|t:|1782831744\n|teamsize|p1|6\n|teamsize|p2|6\n|start\n|switch|p1a: Calyrex|Calyrex, L93|337/337\n|switch|p2a: Mamoswine|Mamoswine, L81, M|311/311\n|-ability|p1a: Calyrex|Unnerve\n|turn|1\n|inactive|Battle timer is ON: inactive players will automatically lose when time's up. (requested by eaglecarson214)\n|\n|t:|1782831773\n|switch|p1a: Magcargo|Magcargo, L95, F|268/268\n|-terastallize|p2a: Mamoswine|Ice\n|move|p2a: Mamoswine|Icicle Crash|p1a: Magcargo\n|-resisted|p1a: Magcargo\n|-damage|p1a: Magcargo|198/268\n|-ability|p1a: Magcargo|Weak Armor|boost\n|-unboost|p1a: Magcargo|def|1\n|-boost|p1a: Magcargo|spe|2\n|-damage|p2a: Mamoswine|280/311|[from] item: Life Orb\n|\n|upkeep\n|turn|2\n|\n|t:|1782831794\n|switch|p2a: Politoed|Politoed, L88, F|302/302\n|-weather|RainDance|[from] ability: Drizzle|[of] p2a: Politoed\n|move|p1a: Magcargo|Power Gem|p2a: Politoed\n|-damage|p2a: Politoed|220/302\n|\n|-weather|RainDance|[upkeep]\n|upkeep\n|turn|3\n|\n|t:|1782831799\n|switch|p1a: Calyrex|Calyrex, L93|337/337\n|-ability|p1a: Calyrex|Unnerve\n|move|p2a: Politoed|Weather Ball|p1a: Calyrex\n|-resisted|p1a: Calyrex\n|-damage|p1a: Calyrex|227/337\n|\n|-weather|RainDance|[upkeep]\n|-heal|p1a: Calyrex|248/337|[from] item: Leftovers\n|upkeep\n|turn|4\n|\n|t:|1782831805\n|switch|p2a: Dudunsparce|Dudunsparce-Three-Segment, L83, M|343/343\n|move|p1a: Calyrex|Leech Seed|p2a: Dudunsparce\n|-start|p2a: Dudunsparce|move: Leech Seed\n|\n|-weather|RainDance|[upkeep]\n|-heal|p1a: Calyrex|269/337|[from] item: Leftovers\n|-damage|p2a: Dudunsparce|301/343|[from] Leech Seed|[of] p1a: Calyrex\n|-heal|p1a: Calyrex|311/337|[silent]\n|upkeep\n|turn|5\n|\n|t:|1782831820\n|move|p1a: Calyrex|Psychic|p2a: Dudunsparce\n|-damage|p2a: Dudunsparce|177/343\n|move|p2a: Dudunsparce|Calm Mind|p2a: Dudunsparce\n|-boost|p2a: Dudunsparce|spa|1\n|-boost|p2a: Dudunsparce|spd|1\n|\n|-weather|RainDance|[upkeep]\n|-heal|p1a: Calyrex|332/337|[from] item: Leftovers\n|-heal|p2a: Dudunsparce|198/343|[from] item: Leftovers\n|-damage|p2a: Dudunsparce|156/343|[from] Leech Seed|[of] p1a: Calyrex\n|-heal|p1a: Calyrex|337/337|[silent]\n|upkeep\n|turn|6\n|\n|t:|1782831823\n|move|p1a: Calyrex|Calm Mind|p1a: Calyrex\n|-boost|p1a: Calyrex|spa|1\n|-boost|p1a: Calyrex|spd|1\n|move|p2a: Dudunsparce|Roost|p2a: Dudunsparce\n|-heal|p2a: Dudunsparce|328/343\n|-singleturn|p2a: Dudunsparce|move: Roost\n|\n|-weather|none\n|-heal|p2a: Dudunsparce|343/343|[from] item: Leftovers\n|-damage|p2a: Dudunsparce|301/343|[from] Leech Seed|[of] p1a: Calyrex\n|upkeep\n|turn|7\n|\n|t:|1782831827\n|switch|p2a: Mamoswine|Mamoswine, L81, M, tera:Ice|280/311\n|move|p1a: Calyrex|Calm Mind|p1a: Calyrex\n|-boost|p1a: Calyrex|spa|1\n|-boost|p1a: Calyrex|spd|1\n|\n|upkeep\n|turn|8\n|\n|t:|1782831834\n|-terastallize|p1a: Calyrex|Steel\n|move|p1a: Calyrex|Psychic|p2a: Mamoswine\n|-damage|p2a: Mamoswine|1/311\n|-unboost|p2a: Mamoswine|spd|1\n|move|p2a: Mamoswine|Icicle Crash|p1a: Calyrex\n|-resisted|p1a: Calyrex\n|-damage|p1a: Calyrex|247/337\n|-damage|p2a: Mamoswine|0 fnt|[from] item: Life Orb\n|faint|p2a: Mamoswine\n|\n|-heal|p1a: Calyrex|268/337|[from] item: Leftovers\n|upkeep\n|\n|t:|1782831861\n|switch|p2a: Zamazenta|Zamazenta, L71|248/248\n|-ability|p2a: Zamazenta|Dauntless Shield|boost\n|-boost|p2a: Zamazenta|def|1\n|turn|9\n|\n|t:|1782831872\n|switch|p1a: Metagross|Metagross, L79|256/256\n|move|p2a: Zamazenta|Body Press|p1a: Metagross\n|-damage|p1a: Metagross|180/256\n|\n|upkeep\n|turn|10\n|\n|t:|1782831877\n|move|p2a: Zamazenta|Iron Defense|p2a: Zamazenta\n|-boost|p2a: Zamazenta|def|2\n|move|p1a: Metagross|Psychic Fangs|p2a: Zamazenta\n|-supereffective|p2a: Zamazenta\n|-damage|p2a: Zamazenta|122/248\n|\n|-heal|p2a: Zamazenta|137/248|[from] item: Leftovers\n|upkeep\n|turn|11\n|\n|t:|1782831883\n|move|p2a: Zamazenta|Iron Defense|p2a: Zamazenta\n|-boost|p2a: Zamazenta|def|2\n|move|p1a: Metagross|Psychic Fangs|p2a: Zamazenta\n|-supereffective|p2a: Zamazenta\n|-damage|p2a: Zamazenta|47/248\n|\n|-heal|p2a: Zamazenta|62/248|[from] item: Leftovers\n|upkeep\n|turn|12\n|\n|t:|1782831889\n|move|p2a: Zamazenta|Body Press|p1a: Metagross\n|-damage|p1a: Metagross|0 fnt\n|faint|p1a: Metagross\n|\n|-heal|p2a: Zamazenta|77/248|[from] item: Leftovers\n|upkeep\n|\n|t:|1782831892\n|switch|p1a: Oricorio|Oricorio, L84, M|263/263\n|turn|13\n|\n|t:|1782831900\n|move|p2a: Zamazenta|Stone Edge|p1a: Oricorio\n|-supereffective|p1a: Oricorio\n|-damage|p1a: Oricorio|0 fnt\n|faint|p1a: Oricorio\n|\n|-heal|p2a: Zamazenta|92/248|[from] item: Leftovers\n|upkeep\n|-message|eaglecarson214 forfeited.\n|\n|win|jihadi jynx\n", "inputlog": ">version f8ac14003a5f27e1bdc8d8c59608a773c1cb96e5\n>start {\"formatid\":\"gen9randombattle\",\"seed\":\"sodium,059719d8d2f4997072843136e3bd3a2c\",\"rated\":\"Rated battle\"}\n>player p1 {\"name\":\"eaglecarson214\",\"avatar\":\"clown\",\"rating\":2251,\"seed\":\"sodium,ed36cc7f3bb2587dd27da8fe2db765fe\"}\n>player p2 {\"name\":\"jihadi jynx\",\"avatar\":\"2\",\"rating\":2235,\"seed\":\"sodium,7c24aa764f8a12e146cd2e64adb6366c\"}\n>p1 switch 2\n>p2 move iciclecrash terastallize\n>p1 move powergem\n>p2 switch 3\n>p1 switch 2\n>p2 move weatherball\n>p1 move leechseed\n>p2 switch 4\n>p1 move psychic\n>p2 move calmmind\n>p1 move calmmind\n>p2 move roost\n>p1 move calmmind\n>p2 switch 3\n>p1 move psychic terastallize\n>p2 move iciclecrash\n>p2 switch 5\n>p1 switch 6\n>p2 move bodypress\n>p1 move psychicfangs\n>p2 move irondefense\n>p1 move psychicfangs\n>p2 move irondefense\n>p1 move psychicfangs\n>p2 move bodypress\n>p1 switch 4\n>p1 move quiverdance\n>p2 move stoneedge\n>forcelose p1", "uploadtime": 1782831747, "views": 4, "formatid": "gen9randombattle", "rating": null, "private": 0, "password": null, "player_dets": [{"name": "eaglecarson214", "avatar": "clown", "rating": 2251, "seed": "sodium,ed36cc7f3bb2587dd27da8fe2db765fe"}, {"name": "jihadi jynx", "avatar": "2", "rating": 2235, "seed": "sodium,7c24aa764f8a12e146cd2e64adb6366c"}], "teams_full": [{"Calyrex": {"name": "Calyrex", "species": "Calyrex", "speciesId": "calyrex", "gender": "N", "shiny": false, "level": 93, "moves": ["calmmind", "gigadrain", "leechseed", "psychic"], "ability": "Unnerve", "evs": {"hp": 85, "atk": 0, "def": 85, "spa": 85, "spd": 85, "spe": 85}, "ivs": {"hp": 31, "atk": 0, "def": 31, "spa": 31, "spd": 31, "spe": 31}, "item": "Leftovers", "teraType": "Steel", "role": "Bulky Setup", "bvs": {"hp": 100, "atk": 80, "def": 80, "spa": 80, "spd": 80, "spe": 80}, "stats": {"hp": 337, "atk": 153, "def": 202, "spa": 202, "spd": 202, "spe": 202}, "types": ["Psychic", "Grass"]}, "Magcargo": {"name": "Magcargo", "species": "Magcargo", "speciesId": "magcargo", "gender": "F", "shiny": false, "level": 95, "moves": ["earthpower", "shellsmash", "fireblast", "powergem"], "ability": "Weak Armor", "evs": {"hp": 85, "atk": 0, "def": 85, "spa": 85, "spd": 85, "spe": 85}, "ivs": {"hp": 31, "atk": 0, "def": 31, "spa": 31, "spd": 31, "spe": 31}, "item": "Heavy-Duty Boots", "teraType": "Dragon", "role": "Setup Sweeper", "bvs": {"hp": 60, "atk": 50, "def": 120, "spa": 90, "spd": 80, "spe": 30}, "stats": {"hp": 268, "atk": 100, "def": 282, "spa": 225, "spd": 206, "spe": 111}, "types": ["Fire", "Rock"]}, "Maushold": {"name": "Maushold", "species": "Maushold", "speciesId": "maushold", "gender": "N", "shiny": false, "level": 76, "moves": ["tidyup", "bite", "encore", "populationbomb"], "ability": "Technician", "evs": {"hp": 85, "atk": 85, "def": 85, "spa": 85, "spd": 85, "spe": 85}, "ivs": {"hp": 31, "atk": 31, "def": 31, "spa": 31, "spd": 31, "spe": 31}, "item": "Wide Lens", "teraType": "Ghost", "role": "Setup Sweeper", "bvs": {"hp": 74, "atk": 75, "def": 70, "spa": 65, "spd": 75, "spe": 111}, "stats": {"hp": 238, "atk": 158, "def": 150, "spa": 143, "spd": 158, "spe": 213}, "types": ["Normal"]}, "Oricorio": {"name": "Oricorio", "species": "Oricorio", "speciesId": "oricorio", "gender": "M", "shiny": false, "level": 84, "moves": ["revelationdance", "roost", "quiverdance", "hurricane"], "ability": "Dancer", "evs": {"hp": 85, "atk": 0, "def": 85, "spa": 85, "spd": 85, "spe": 85}, "ivs": {"hp": 31, "atk": 0, "def": 31, "spa": 31, "spd": 31, "spe": 31}, "item": "Heavy-Duty Boots", "teraType": "Ground", "role": "Setup Sweeper", "bvs": {"hp": 75, "atk": 70, "def": 70, "spa": 98, "spd": 70, "spe": 93}, "stats": {"hp": 263, "atk": 122, "def": 166, "spa": 213, "spd": 166, "spe": 204}, "types": ["Fire", "Flying"]}, "Glalie": {"name": "Glalie", "species": "Glalie", "speciesId": "glalie", "gender": "M", "shiny": false, "level": 96, "moves": ["earthquake", "spikes", "freezedry", "taunt"], "ability": "Inner Focus", "evs": {"hp": 85, "atk": 85, "def": 85, "spa": 85, "spd": 85, "spe": 85}, "ivs": {"hp": 31, "atk": 31, "def": 31, "spa": 31, "spd": 31, "spe": 31}, "item": "Heavy-Duty Boots", "teraType": "Ghost", "role": "Fast Support", "bvs": {"hp": 80, "atk": 80, "def": 80, "spa": 80, "spd": 80, "spe": 80}, "stats": {"hp": 309, "atk": 208, "def": 208, "spa": 208, "spd": 208, "spe": 208}, "types": ["Ice"]}, "Metagross": {"name": "Metagross", "species": "Metagross", "speciesId": "metagross", "gender": "N", "shiny": false, "level": 79, "moves": ["heavyslam", "earthquake", "psychicfangs", "bulletpunch"], "ability": "Clear Body", "evs": {"hp": 85, "atk": 85, "def": 85, "spa": 85, "spd": 85, "spe": 85}, "ivs": {"hp": 31, "atk": 31, "def": 31, "spa": 31, "spd": 31, "spe": 31}, "item": "Choice Band", "teraType": "Water", "role": "Bulky Support", "bvs": {"hp": 80, "atk": 135, "def": 130, "spa": 95, "spd": 90, "spe": 70}, "stats": {"hp": 256, "atk": 259, "def": 251, "spa": 196, "spd": 188, "spe": 156}, "types": ["Steel", "Psychic"]}}, {"Mamoswine": {"name": "Mamoswine", "species": "Mamoswine", "speciesId": "mamoswine", "gender": "M", "shiny": false, "level": 81, "moves": ["earthquake", "iceshard", "iciclecrash", "stealthrock"], "ability": "Thick Fat", "evs": {"hp": 85, "atk": 85, "def": 85, "spa": 85, "spd": 85, "spe": 85}, "ivs": {"hp": 31, "atk": 31, "def": 31, "spa": 31, "spd": 31, "spe": 31}, "item": "Life Orb", "teraType": "Ice", "role": "Wallbreaker", "bvs": {"hp": 110, "atk": 130, "def": 80, "spa": 70, "spd": 60, "spe": 80}, "stats": {"hp": 311, "atk": 257, "def": 176, "spa": 160, "spd": 144, "spe": 176}, "types": ["Ice", "Ground"]}, "Arceus": {"name": "Arceus", "species": "Arceus-Rock", "speciesId": "arceusrock", "gender": "N", "shiny": false, "level": 74, "moves": ["earthpower", "judgment", "recover", "calmmind"], "ability": "Multitype", "evs": {"hp": 85, "atk": 0, "def": 85, "spa": 85, "spd": 85, "spe": 85}, "ivs": {"hp": 31, "atk": 0, "def": 31, "spa": 31, "spd": 31, "spe": 31}, "item": "Stone Plate", "teraType": "Ground", "role": "Bulky Setup", "bvs": {"hp": 120, "atk": 120, "def": 120, "spa": 120, "spd": 120, "spe": 120}, "stats": {"hp": 300, "atk": 182, "def": 221, "spa": 221, "spd": 221, "spe": 221}, "types": ["Rock"]}, "Politoed": {"name": "Politoed", "species": "Politoed", "speciesId": "politoed", "gender": "F", "shiny": false, "level": 88, "moves": ["hydropump", "icebeam", "weatherball", "focusblast"], "ability": "Drizzle", "evs": {"hp": 85, "atk": 0, "def": 85, "spa": 85, "spd": 85, "spe": 85}, "ivs": {"hp": 31, "atk": 0, "def": 31, "spa": 31, "spd": 31, "spe": 31}, "item": "Choice Specs", "teraType": "Water", "role": "Fast Attacker", "bvs": {"hp": 90, "atk": 75, "def": 75, "spa": 90, "spd": 100, "spe": 70}, "stats": {"hp": 302, "atk": 137, "def": 182, "spa": 209, "spd": 226, "spe": 173}, "types": ["Water"]}, "Dudunsparce": {"name": "Dudunsparce", "species": "Dudunsparce-Three-Segment", "speciesId": "dudunsparce", "gender": "M", "shiny": false, "level": 83, "moves": ["boomburst", "roost", "shadowball", "calmmind"], "ability": "Rattled", "evs": {"hp": 85, "atk": 0, "def": 85, "spa": 85, "spd": 85, "spe": 85}, "ivs": {"hp": 31, "atk": 0, "def": 31, "spa": 31, "spd": 31, "spe": 31}, "item": "Leftovers", "teraType": "Ghost", "role": "Bulky Setup", "bvs": {"hp": 125, "atk": 100, "def": 80, "spa": 85, "spd": 75, "spe": 55}, "stats": {"hp": 343, "atk": 171, "def": 180, "spa": 189, "spd": 172, "spe": 139}, "types": ["Normal"]}, "Zamazenta": {"name": "Zamazenta", "species": "Zamazenta", "speciesId": "zamazenta", "gender": "N", "shiny": false, "level": 71, "moves": ["ironhead", "stoneedge", "irondefense", "bodypress"], "ability": "Dauntless Shield", "evs": {"hp": 85, "atk": 85, "def": 85, "spa": 85, "spd": 85, "spe": 85}, "ivs": {"hp": 31, "atk": 31, "def": 31, "spa": 31, "spd": 31, "spe": 31}, "item": "Leftovers", "teraType": "Steel", "role": "Bulky Setup", "bvs": {"hp": 92, "atk": 120, "def": 115, "spa": 80, "spd": 115, "spe": 138}, "stats": {"hp": 248, "atk": 212, "def": 205, "spa": 155, "spd": 205, "spe": 237}, "types": ["Fighting"]}, "Toxicroak": {"name": "Toxicroak", "species": "Toxicroak", "speciesId": "toxicroak", "gender": "M", "shiny": false, "level": 84, "moves": ["earthquake", "closecombat", "gunkshot", "swordsdance"], "ability": "Dry Skin", "evs": {"hp": 85, "atk": 85, "def": 85, "spa": 85, "spd": 85, "spe": 85}, "ivs": {"hp": 31, "atk": 31, "def": 31, "spa": 31, "spd": 31, "spe": 31}, "item": "Life Orb", "teraType": "Fighting", "role": "Setup Sweeper", "bvs": {"hp": 83, "atk": 106, "def": 65, "spa": 86, "spd": 65, "spe": 85}, "stats": {"hp": 277, "atk": 226, "def": 157, "spa": 193, "spd": 157, "spe": 191}, "types": ["Poison", "Fighting"]}}]}