{"id": "gen9randombattle-2641700782", "format": "[Gen 9] Random Battle", "players": ["justblue4ever", "Apple_Airpod5"], "log": "|j|\u2606justblue4ever\n|j|\u2606Apple_Airpod5\n|t:|1782831503\n|gametype|singles\n|player|p1|justblue4ever|169|1914\n|player|p2|Apple_Airpod5|ingo|1958\n|gen|9\n|tier|[Gen 9] Random Battle\n|rated|\n|rule|Species Clause: Limit one of each Pok\u00e9mon\n|rule|HP Percentage Mod: HP is shown in percentages\n|rule|Sleep Clause Mod: Limit one foe put to sleep\n|rule|Illusion Level Mod: Illusion disguises the Pok\u00e9mon's true level\n|\n|t:|1782831503\n|teamsize|p1|6\n|teamsize|p2|6\n|start\n|switch|p1a: Gouging Fire|Gouging Fire, L74|277/277\n|switch|p2a: Illumise|Illumise, L91, F|266/266\n|turn|1\n|inactive|Battle timer is ON: inactive players will automatically lose when time's up. (requested by Apple_Airpod5)\n|\n|t:|1782831513\n|move|p2a: Illumise|Thunder Wave|p1a: Gouging Fire\n|-status|p1a: Gouging Fire|par\n|move|p1a: Gouging Fire|Heat Crash|p2a: Illumise\n|-supereffective|p2a: Illumise\n|-damage|p2a: Illumise|24/266\n|\n|upkeep\n|turn|2\n|inactive|Apple_Airpod5 has 120 seconds left.\n|\n|t:|1782831543\n|switch|p2a: Golduck|Golduck, L90, F|290/290\n|-ability|p2a: Golduck|Cloud Nine\n|move|p1a: Gouging Fire|Heat Crash|p2a: Golduck\n|-resisted|p2a: Golduck\n|-damage|p2a: Golduck|230/290\n|\n|-heal|p2a: Golduck|248/290|[from] item: Leftovers\n|upkeep\n|turn|3\n|\n|t:|1782831551\n|-end|p1a: Gouging Fire|Protosynthesis|[silent]\n|switch|p1a: Serperior|Serperior, L79, M|248/248\n|move|p2a: Golduck|Nasty Plot|p2a: Golduck\n|-boost|p2a: Golduck|spa|2\n|\n|-heal|p2a: Golduck|266/290|[from] item: Leftovers\n|upkeep\n|turn|4\n|\n|t:|1782831564\n|move|p1a: Serperior|Substitute|p1a: Serperior\n|-start|p1a: Serperior|Substitute\n|-damage|p1a: Serperior|186/248\n|move|p2a: Golduck|Ice Beam|p1a: Serperior\n|-supereffective|p1a: Serperior\n|-end|p1a: Serperior|Substitute\n|\n|-heal|p1a: Serperior|201/248|[from] item: Leftovers\n|-heal|p2a: Golduck|284/290|[from] item: Leftovers\n|upkeep\n|turn|5\n|\n|t:|1782831575\n|move|p1a: Serperior|Leaf Storm|p2a: Golduck\n|-supereffective|p2a: Golduck\n|-damage|p2a: Golduck|98/290\n|-boost|p1a: Serperior|spa|2\n|move|p2a: Golduck|Ice Beam|p1a: Serperior\n|-supereffective|p1a: Serperior\n|-damage|p1a: Serperior|0 fnt\n|faint|p1a: Serperior\n|\n|-heal|p2a: Golduck|116/290|[from] item: Leftovers\n|upkeep\n|\n|t:|1782831585\n|switch|p1a: Keldeo|Keldeo-Resolute, L79|273/273\n|turn|6\n|\n|t:|1782831590\n|move|p1a: Keldeo|Secret Sword|p2a: Golduck\n|-damage|p2a: Golduck|0 fnt\n|faint|p2a: Golduck\n|\n|upkeep\n|\n|t:|1782831597\n|switch|p2a: Toxicroak|Toxicroak, L84, M|277/277\n|turn|7\n|\n|t:|1782831602\n|switch|p1a: Azelf|Azelf, L82|257/257\n|move|p2a: Toxicroak|Swords Dance|p2a: Toxicroak\n|-boost|p2a: Toxicroak|atk|2\n|\n|upkeep\n|turn|8\n|\n|t:|1782831615\n|-terastallize|p1a: Azelf|Fire\n|move|p2a: Toxicroak|Sucker Punch|p1a: Azelf\n|-crit|p1a: Azelf\n|-damage|p1a: Azelf|0 fnt\n|faint|p1a: Azelf\n|-damage|p2a: Toxicroak|250/277|[from] item: Life Orb\n|\n|upkeep\n|\n|t:|1782831622\n|switch|p1a: Keldeo|Keldeo-Resolute, L79|273/273\n|turn|9\n|\n|t:|1782831627\n|move|p1a: Keldeo|Air Slash|p2a: Toxicroak\n|-supereffective|p2a: Toxicroak\n|-damage|p2a: Toxicroak|18/277\n|move|p2a: Toxicroak|Close Combat|p1a: Keldeo\n|-damage|p1a: Keldeo|0 fnt\n|-unboost|p2a: Toxicroak|def|1\n|-unboost|p2a: Toxicroak|spd|1\n|faint|p1a: Keldeo\n|-damage|p2a: Toxicroak|0 fnt|[from] item: Life Orb\n|faint|p2a: Toxicroak\n|\n|upkeep\n|\n|t:|1782831639\n|switch|p1a: Oricorio|Oricorio-Sensu, L85, F|266/266\n|switch|p2a: Toxapex|Toxapex, L82, M|216/216\n|turn|10\n|\n|t:|1782831645\n|move|p1a: Oricorio|Revelation Dance|p2a: Toxapex\n|-damage|p2a: Toxapex|152/216\n|move|p2a: Toxapex|Toxic|p1a: Oricorio\n|-status|p1a: Oricorio|tox\n|\n|-heal|p2a: Toxapex|165/216|[from] item: Leftovers\n|-damage|p1a: Oricorio|250/266 tox|[from] psn\n|upkeep\n|turn|11\n|\n|t:|1782831652\n|move|p1a: Oricorio|Quiver Dance|p1a: Oricorio\n|-boost|p1a: Oricorio|spa|1\n|-boost|p1a: Oricorio|spd|1\n|-boost|p1a: Oricorio|spe|1\n|move|p2a: Toxapex|Recover|p2a: Toxapex\n|-heal|p2a: Toxapex|216/216\n|\n|-damage|p1a: Oricorio|218/266 tox|[from] psn\n|upkeep\n|turn|12\n|\n|t:|1782831655\n|move|p1a: Oricorio|Hurricane|p2a: Toxapex|[miss]\n|-miss|p1a: Oricorio|p2a: Toxapex\n|move|p2a: Toxapex|Haze|p2a: Toxapex\n|-clearallboost\n|\n|-damage|p1a: Oricorio|170/266 tox|[from] psn\n|upkeep\n|turn|13\n|\n|t:|1782831659\n|move|p1a: Oricorio|Hurricane|p2a: Toxapex\n|-damage|p2a: Toxapex|137/216\n|move|p2a: Toxapex|Liquidation|p1a: Oricorio\n|-damage|p1a: Oricorio|91/266 tox\n|\n|-heal|p2a: Toxapex|150/216|[from] item: Leftovers\n|-damage|p1a: Oricorio|27/266 tox|[from] psn\n|upkeep\n|turn|14\n|\n|t:|1782831664\n|move|p1a: Oricorio|Hurricane|p2a: Toxapex\n|-damage|p2a: Toxapex|66/216\n|move|p2a: Toxapex|Recover|p2a: Toxapex\n|-heal|p2a: Toxapex|174/216\n|\n|-heal|p2a: Toxapex|187/216|[from] item: Leftovers\n|-damage|p1a: Oricorio|0 fnt|[from] psn\n|faint|p1a: Oricorio\n|upkeep\n|\n|t:|1782831667\n|switch|p1a: Drednaw|Drednaw, L81, F|278/278\n|turn|15\n|\n|t:|1782831676\n|move|p1a: Drednaw|Shell Smash|p1a: Drednaw\n|-unboost|p1a: Drednaw|def|1\n|-unboost|p1a: Drednaw|spd|1\n|-boost|p1a: Drednaw|atk|2\n|-boost|p1a: Drednaw|spa|2\n|-boost|p1a: Drednaw|spe|2\n|-enditem|p1a: Drednaw|White Herb\n|-clearnegativeboost|p1a: Drednaw|[silent]\n|move|p2a: Toxapex|Toxic|p1a: Drednaw\n|-status|p1a: Drednaw|tox\n|\n|-heal|p2a: Toxapex|200/216|[from] item: Leftovers\n|-damage|p1a: Drednaw|261/278 tox|[from] psn\n|upkeep\n|turn|16\n|\n|t:|1782831685\n|-terastallize|p2a: Toxapex|Flying\n|move|p1a: Drednaw|Stone Edge|p2a: Toxapex\n|-supereffective|p2a: Toxapex\n|-damage|p2a: Toxapex|0 fnt\n|faint|p2a: Toxapex\n|\n|-damage|p1a: Drednaw|227/278 tox|[from] psn\n|upkeep\n|\n|t:|1782831703\n|switch|p2a: Girafarig|Girafarig, L89, M|269/269\n|turn|17\n|\n|t:|1782831713\n|move|p1a: Drednaw|Crunch|p2a: Girafarig\n|-supereffective|p2a: Girafarig\n|-damage|p2a: Girafarig|3/269\n|move|p2a: Girafarig|Psychic|p1a: Drednaw\n|-damage|p1a: Drednaw|107/278 tox\n|\n|-damage|p1a: Drednaw|56/278 tox|[from] psn\n|upkeep\n|turn|18\n|\n|t:|1782831722\n|move|p1a: Drednaw|Liquidation|p2a: Girafarig\n|-damage|p2a: Girafarig|0 fnt\n|faint|p2a: Girafarig\n|\n|-damage|p1a: Drednaw|0 fnt|[from] psn\n|faint|p1a: Drednaw\n|upkeep\n|\n|t:|1782831730\n|switch|p2a: Lugia|Lugia, L73|275/275\n|switch|p1a: Gouging Fire|Gouging Fire, L74|277/277 par\n|turn|19\n|\n|t:|1782831736\n|move|p2a: Lugia|Aeroblast|p1a: Gouging Fire\n|-damage|p1a: Gouging Fire|189/277 par\n|cant|p1a: Gouging Fire|par\n|\n|upkeep\n|turn|20\n|\n|t:|1782831741\n|move|p2a: Lugia|Aeroblast|p1a: Gouging Fire\n|-damage|p1a: Gouging Fire|111/277 par\n|move|p1a: Gouging Fire|Morning Sun|p1a: Gouging Fire\n|-heal|p1a: Gouging Fire|249/277 par\n|\n|upkeep\n|turn|21\n|\n|t:|1782831748\n|move|p2a: Lugia|Aeroblast|p1a: Gouging Fire\n|-damage|p1a: Gouging Fire|159/277 par\n|cant|p1a: Gouging Fire|par\n|\n|upkeep\n|turn|22\n|\n|t:|1782831752\n|move|p2a: Lugia|Psychic Noise|p1a: Gouging Fire\n|-damage|p1a: Gouging Fire|99/277 par\n|-start|p1a: Gouging Fire|move: Heal Block\n|cant|p1a: Gouging Fire|move: Heal Block|Morning Sun\n|\n|upkeep\n|turn|23\n|\n|t:|1782831756\n|move|p2a: Lugia|Aeroblast|p1a: Gouging Fire\n|-damage|p1a: Gouging Fire|18/277 par\n|cant|p1a: Gouging Fire|par\n|\n|-end|p1a: Gouging Fire|move: Heal Block\n|upkeep\n|turn|24\n|-message|justblue4ever forfeited.\n|\n|win|Apple_Airpod5\n", "inputlog": ">version f8ac14003a5f27e1bdc8d8c59608a773c1cb96e5\n>start {\"formatid\":\"gen9randombattle\",\"seed\":\"sodium,5ed9bab2fcbc614c26763e1a0cc49692\",\"rated\":\"Rated battle\"}\n>player p1 {\"name\":\"justblue4ever\",\"avatar\":\"169\",\"rating\":1914,\"seed\":\"sodium,4e011e6bc3610bcb725763a49a30496b\"}\n>player p2 {\"name\":\"Apple_Airpod5\",\"avatar\":\"ingo\",\"rating\":1958,\"seed\":\"sodium,d40c91ac25a627eb4b48176f222ee1b0\"}\n>p1 move heatcrash\n>p2 move thunderwave\n>p1 move heatcrash\n>p2 switch 5\n>p1 switch 5\n>p2 move nastyplot\n>p1 move substitute\n>p2 move icebeam\n>p1 move leafstorm\n>p2 move icebeam\n>p1 switch 3\n>p1 move secretsword\n>p2 move grassknot\n>p2 switch 3\n>p1 switch 6\n>p2 move swordsdance\n>p1 move psychic terastallize\n>p2 move suckerpunch\n>p1 switch 6\n>p1 move airslash\n>p2 move closecombat\n>p1 switch 2\n>p2 switch 6\n>p1 move revelationdance\n>p2 move toxic\n>p1 move quiverdance\n>p2 move recover\n>p1 move hurricane\n>p2 move haze\n>p1 move hurricane\n>p2 move liquidation\n>p1 move hurricane\n>p2 move recover\n>p1 switch 4\n>p1 move shellsmash\n>p2 move toxic\n>p1 move stoneedge\n>p2 move haze terastallize\n>p2 switch 4\n>p1 move crunch\n>p2 move psychic\n>p1 move liquidation\n>p2 move psychic\n>p1 switch 5\n>p2 switch 2\n>p1 move dragondance\n>p2 move aeroblast\n>p1 move morningsun\n>p2 move aeroblast\n>p1 move heatcrash\n>p2 move aeroblast\n>p1 move morningsun\n>p2 move psychicnoise\n>p1 move dragondance\n>p2 move aeroblast\n>forcelose p1", "uploadtime": 1782831506, "views": 3, "formatid": "gen9randombattle", "rating": null, "private": 0, "password": null, "player_dets": [{"name": "justblue4ever", "avatar": "169", "rating": 1914, "seed": "sodium,4e011e6bc3610bcb725763a49a30496b"}, {"name": "Apple_Airpod5", "avatar": "ingo", "rating": 1958, "seed": "sodium,d40c91ac25a627eb4b48176f222ee1b0"}], "teams_full": [{"Gouging Fire": {"name": "Gouging Fire", "species": "Gouging Fire", "speciesId": "gougingfire", "gender": "N", "shiny": false, "level": 74, "moves": ["dragondance", "heatcrash", "morningsun", "outrage"], "ability": "Protosynthesis", "evs": {"hp": 85, "atk": 85, "def": 85, "spa": 85, "spd": 85, "spe": 85}, "ivs": {"hp": 31, "atk": 31, "def": 31, "spa": 31, "spd": 31, "spe": 31}, "item": "Heavy-Duty Boots", "teraType": "Fairy", "role": "Bulky Setup", "bvs": {"hp": 105, "atk": 115, "def": 121, "spa": 65, "spd": 93, "spe": 91}, "stats": {"hp": 277, "atk": 213, "def": 222, "spa": 139, "spd": 181, "spe": 178}, "types": ["Fire", "Dragon"]}, "Oricorio": {"name": "Oricorio", "species": "Oricorio-Sensu", "speciesId": "oricoriosensu", "gender": "F", "shiny": false, "level": 85, "moves": ["revelationdance", "roost", "hurricane", "quiverdance"], "ability": "Dancer", "evs": {"hp": 85, "atk": 0, "def": 85, "spa": 85, "spd": 85, "spe": 85}, "ivs": {"hp": 31, "atk": 0, "def": 31, "spa": 31, "spd": 31, "spe": 31}, "item": "Heavy-Duty Boots", "teraType": "Fighting", "role": "Setup Sweeper", "bvs": {"hp": 75, "atk": 70, "def": 70, "spa": 98, "spd": 70, "spe": 93}, "stats": {"hp": 266, "atk": 124, "def": 168, "spa": 215, "spd": 168, "spe": 207}, "types": ["Ghost", "Flying"]}, "Keldeo": {"name": "Keldeo", "species": "Keldeo-Resolute", "speciesId": "keldeoresolute", "gender": "N", "shiny": false, "level": 79, "moves": ["hydropump", "airslash", "flipturn", "secretsword"], "ability": "Justified", "evs": {"hp": 85, "atk": 85, "def": 85, "spa": 85, "spd": 85, "spe": 85}, "ivs": {"hp": 31, "atk": 31, "def": 31, "spa": 31, "spd": 31, "spe": 31}, "item": "Choice Specs", "teraType": "Fighting", "role": "Fast Attacker", "bvs": {"hp": 91, "atk": 72, "def": 90, "spa": 129, "spd": 90, "spe": 108}, "stats": {"hp": 273, "atk": 159, "def": 188, "spa": 249, "spd": 188, "spe": 216}, "types": ["Water", "Fighting"]}, "Drednaw": {"name": "Drednaw", "species": "Drednaw", "speciesId": "drednaw", "gender": "F", "shiny": false, "level": 81, "moves": ["crunch", "shellsmash", "liquidation", "stoneedge"], "ability": "Strong Jaw", "evs": {"hp": 85, "atk": 85, "def": 85, "spa": 85, "spd": 85, "spe": 85}, "ivs": {"hp": 31, "atk": 31, "def": 31, "spa": 31, "spd": 31, "spe": 31}, "item": "White Herb", "teraType": "Dark", "role": "Setup Sweeper", "bvs": {"hp": 90, "atk": 115, "def": 90, "spa": 48, "spd": 68, "spe": 74}, "stats": {"hp": 278, "atk": 233, "def": 192, "spa": 124, "spd": 157, "spe": 167}, "types": ["Water", "Rock"]}, "Serperior": {"name": "Serperior", "species": "Serperior", "speciesId": "serperior", "gender": "M", "shiny": false, "level": 79, "moves": ["leafstorm", "leechseed", "substitute", "terablast"], "ability": "Contrary", "evs": {"hp": 85, "atk": 85, "def": 85, "spa": 85, "spd": 85, "spe": 85}, "ivs": {"hp": 31, "atk": 31, "def": 31, "spa": 31, "spd": 31, "spe": 31}, "item": "Leftovers", "teraType": "Fire", "role": "Tera Blast user", "bvs": {"hp": 75, "atk": 75, "def": 95, "spa": 75, "spd": 95, "spe": 113}, "stats": {"hp": 248, "atk": 164, "def": 196, "spa": 164, "spd": 196, "spe": 224}, "types": ["Grass"]}, "Azelf": {"name": "Azelf", "species": "Azelf", "speciesId": "azelf", "gender": "N", "shiny": false, "level": 82, "moves": ["dazzlinggleam", "psychic", "nastyplot", "fireblast"], "ability": "Levitate", "evs": {"hp": 85, "atk": 0, "def": 85, "spa": 85, "spd": 85, "spe": 85}, "ivs": {"hp": 31, "atk": 0, "def": 31, "spa": 31, "spd": 31, "spe": 31}, "item": "Life Orb", "teraType": "Fire", "role": "Fast Attacker", "bvs": {"hp": 75, "atk": 125, "def": 70, "spa": 125, "spd": 70, "spe": 115}, "stats": {"hp": 257, "atk": 210, "def": 162, "spa": 252, "spd": 162, "spe": 236}, "types": ["Psychic"]}}, {"Illumise": {"name": "Illumise", "species": "Illumise", "speciesId": "illumise", "gender": "F", "shiny": false, "level": 91, "moves": ["roost", "bugbuzz", "encore", "thunderwave"], "ability": "Prankster", "evs": {"hp": 85, "atk": 0, "def": 85, "spa": 85, "spd": 85, "spe": 85}, "ivs": {"hp": 31, "atk": 0, "def": 31, "spa": 31, "spd": 31, "spe": 31}, "item": "Heavy-Duty Boots", "teraType": "Steel", "role": "Bulky Support", "bvs": {"hp": 65, "atk": 47, "def": 75, "spa": 73, "spd": 85, "spe": 85}, "stats": {"hp": 266, "atk": 90, "def": 188, "spa": 185, "spd": 207, "spe": 207}, "types": ["Bug"]}, "Lugia": {"name": "Lugia", "species": "Lugia", "speciesId": "lugia", "gender": "N", "shiny": false, "level": 73, "moves": ["recover", "calmmind", "psychicnoise", "aeroblast"], "ability": "Multiscale", "evs": {"hp": 85, "atk": 0, "def": 85, "spa": 85, "spd": 85, "spe": 85}, "ivs": {"hp": 31, "atk": 0, "def": 31, "spa": 31, "spd": 31, "spe": 31}, "item": "Heavy-Duty Boots", "teraType": "Steel", "role": "Setup Sweeper", "bvs": {"hp": 106, "atk": 90, "def": 130, "spa": 90, "spd": 154, "spe": 110}, "stats": {"hp": 275, "atk": 136, "def": 232, "spa": 174, "spd": 267, "spe": 203}, "types": ["Psychic", "Flying"]}, "Toxicroak": {"name": "Toxicroak", "species": "Toxicroak", "speciesId": "toxicroak", "gender": "M", "shiny": false, "level": 84, "moves": ["closecombat", "gunkshot", "suckerpunch", "swordsdance"], "ability": "Dry Skin", "evs": {"hp": 85, "atk": 85, "def": 85, "spa": 85, "spd": 85, "spe": 85}, "ivs": {"hp": 31, "atk": 31, "def": 31, "spa": 31, "spd": 31, "spe": 31}, "item": "Life Orb", "teraType": "Fighting", "role": "Setup Sweeper", "bvs": {"hp": 83, "atk": 106, "def": 65, "spa": 86, "spd": 65, "spe": 85}, "stats": {"hp": 277, "atk": 226, "def": 157, "spa": 193, "spd": 157, "spe": 191}, "types": ["Poison", "Fighting"]}, "Girafarig": {"name": "Girafarig", "species": "Girafarig", "speciesId": "girafarig", "gender": "M", "shiny": false, "level": 89, "moves": ["nastyplot", "shadowball", "psychic", "dazzlinggleam"], "ability": "Sap Sipper", "evs": {"hp": 85, "atk": 0, "def": 85, "spa": 85, "spd": 85, "spe": 85}, "ivs": {"hp": 31, "atk": 0, "def": 31, "spa": 31, "spd": 31, "spe": 31}, "item": "Eviolite", "teraType": "Psychic", "role": "Bulky Setup", "bvs": {"hp": 70, "atk": 80, "def": 65, "spa": 90, "spd": 65, "spe": 85}, "stats": {"hp": 269, "atk": 147, "def": 166, "spa": 211, "spd": 166, "spe": 202}, "types": ["Normal", "Psychic"]}, "Golduck": {"name": "Golduck", "species": "Golduck", "speciesId": "golduck", "gender": "F", "shiny": false, "level": 90, "moves": ["grassknot", "icebeam", "hydropump", "nastyplot"], "ability": "Cloud Nine", "evs": {"hp": 85, "atk": 0, "def": 85, "spa": 85, "spd": 85, "spe": 85}, "ivs": {"hp": 31, "atk": 0, "def": 31, "spa": 31, "spd": 31, "spe": 31}, "item": "Leftovers", "teraType": "Water", "role": "Bulky Setup", "bvs": {"hp": 80, "atk": 82, "def": 78, "spa": 95, "spd": 80, "spe": 85}, "stats": {"hp": 290, "atk": 152, "def": 192, "spa": 222, "spd": 195, "spe": 204}, "types": ["Water"]}, "Toxapex": {"name": "Toxapex", "species": "Toxapex", "speciesId": "toxapex", "gender": "M", "shiny": false, "level": 82, "moves": ["recover", "toxic", "liquidation", "haze"], "ability": "Regenerator", "evs": {"hp": 85, "atk": 85, "def": 85, "spa": 85, "spd": 85, "spe": 85}, "ivs": {"hp": 31, "atk": 31, "def": 31, "spa": 31, "spd": 31, "spe": 31}, "item": "Leftovers", "teraType": "Flying", "role": "Bulky Support", "bvs": {"hp": 50, "atk": 63, "def": 152, "spa": 53, "spd": 142, "spe": 35}, "stats": {"hp": 216, "atk": 150, "def": 296, "spa": 134, "spd": 280, "spe": 105}, "types": ["Poison", "Water"]}}]}