{"id": "gen9randombattle-2641168791", "format": "[Gen 9] Random Battle", "players": ["testbotcif", "ianxero"], "log": "|j|\u2606testbotcif\n|j|\u2606ianxero\n|t:|1782748970\n|gametype|singles\n|player|p1|testbotcif|266|1138\n|player|p2|ianxero|n|1191\n|gen|9\n|tier|[Gen 9] Random Battle\n|rated|\n|rule|Species Clause: Limit one of each Pok\u00e9mon\n|rule|HP Percentage Mod: HP is shown in percentages\n|rule|Sleep Clause Mod: Limit one foe put to sleep\n|rule|Illusion Level Mod: Illusion disguises the Pok\u00e9mon's true level\n|\n|t:|1782748970\n|teamsize|p1|6\n|teamsize|p2|6\n|start\n|switch|p1a: Regice|Regice, L88|284/284\n|switch|p2a: Sunflora|Sunflora, F|312/312\n|turn|1\n|inactive|Battle timer is ON: inactive players will automatically lose when time's up. (requested by testbotcif)\n|c|\u2606testbotcif|rlhf\n|inactive|ianxero has 120 seconds left.\n|\n|t:|1782749001\n|switch|p2a: Lycanroc|Lycanroc-Midnight, L89, M|296/296\n|move|p1a: Regice|Thunder Wave|p2a: Lycanroc\n|-status|p2a: Lycanroc|par\n|\n|upkeep\n|turn|2\n|\n|t:|1782749011\n|-terastallize|p1a: Regice|Electric\n|cant|p2a: Lycanroc|par\n|move|p1a: Regice|Body Press|p2a: Lycanroc\n|-supereffective|p2a: Lycanroc\n|-damage|p2a: Lycanroc|158/296 par\n|\n|upkeep\n|turn|3\n|\n|t:|1782749019\n|move|p1a: Regice|Body Press|p2a: Lycanroc\n|-supereffective|p2a: Lycanroc\n|-damage|p2a: Lycanroc|28/296 par\n|move|p2a: Lycanroc|Close Combat|p1a: Regice\n|-damage|p1a: Regice|155/284\n|-unboost|p2a: Lycanroc|def|1\n|-unboost|p2a: Lycanroc|spd|1\n|\n|upkeep\n|turn|4\n|\n|t:|1782749029\n|switch|p2a: Espathra|Espathra, L80, F|283/283\n|move|p1a: Regice|Body Press|p2a: Espathra\n|-resisted|p2a: Espathra\n|-damage|p2a: Espathra|237/283\n|\n|upkeep\n|turn|5\n|\n|t:|1782749036\n|move|p2a: Espathra|U-turn|p1a: Regice\n|-damage|p1a: Regice|125/284\n|\n|t:|1782749040\n|switch|p2a: Alcremie|Alcremie-Rainbow-Swirl, L90, F|263/263|[from] U-turn\n|move|p1a: Regice|Thunderbolt|p2a: Alcremie\n|-damage|p2a: Alcremie|181/263\n|\n|-heal|p2a: Alcremie|197/263|[from] item: Leftovers\n|upkeep\n|turn|6\n|\n|t:|1782749055\n|move|p2a: Alcremie|Calm Mind|p2a: Alcremie\n|-boost|p2a: Alcremie|spa|1\n|-boost|p2a: Alcremie|spd|1\n|move|p1a: Regice|Thunderbolt|p2a: Alcremie\n|-damage|p2a: Alcremie|143/263\n|\n|-heal|p2a: Alcremie|159/263|[from] item: Leftovers\n|upkeep\n|turn|7\n|\n|t:|1782749063\n|move|p2a: Alcremie|Recover|p2a: Alcremie\n|-heal|p2a: Alcremie|263/263\n|move|p1a: Regice|Thunderbolt|p2a: Alcremie\n|-damage|p2a: Alcremie|205/263\n|-status|p2a: Alcremie|par\n|\n|-heal|p2a: Alcremie|221/263 par|[from] item: Leftovers\n|upkeep\n|turn|8\n|\n|t:|1782749071\n|move|p1a: Regice|Thunderbolt|p2a: Alcremie\n|-damage|p2a: Alcremie|163/263 par\n|cant|p2a: Alcremie|par\n|\n|-heal|p2a: Alcremie|179/263 par|[from] item: Leftovers\n|upkeep\n|turn|9\n|\n|t:|1782749077\n|move|p1a: Regice|Thunderbolt|p2a: Alcremie\n|-damage|p2a: Alcremie|127/263 par\n|cant|p2a: Alcremie|par\n|\n|-heal|p2a: Alcremie|143/263 par|[from] item: Leftovers\n|upkeep\n|turn|10\n|\n|t:|1782749083\n|move|p1a: Regice|Thunderbolt|p2a: Alcremie\n|-damage|p2a: Alcremie|88/263 par\n|cant|p2a: Alcremie|par\n|\n|-heal|p2a: Alcremie|104/263 par|[from] item: Leftovers\n|upkeep\n|turn|11\n|\n|t:|1782749088\n|move|p1a: Regice|Thunderbolt|p2a: Alcremie\n|-damage|p2a: Alcremie|49/263 par\n|move|p2a: Alcremie|Recover|p2a: Alcremie\n|-heal|p2a: Alcremie|181/263 par\n|\n|-heal|p2a: Alcremie|197/263 par|[from] item: Leftovers\n|upkeep\n|turn|12\n|\n|t:|1782749099\n|move|p1a: Regice|Thunderbolt|p2a: Alcremie\n|-damage|p2a: Alcremie|148/263 par\n|move|p2a: Alcremie|Alluring Voice|p1a: Regice\n|-damage|p1a: Regice|46/284\n|\n|-heal|p2a: Alcremie|164/263 par|[from] item: Leftovers\n|upkeep\n|turn|13\n|\n|t:|1782749109\n|move|p1a: Regice|Thunderbolt|p2a: Alcremie\n|-damage|p2a: Alcremie|109/263 par\n|move|p2a: Alcremie|Psyshock|p1a: Regice\n|-damage|p1a: Regice|0 fnt\n|faint|p1a: Regice\n|\n|-heal|p2a: Alcremie|125/263 par|[from] item: Leftovers\n|upkeep\n|\n|t:|1782749109\n|switch|p1a: Skeledirge|Skeledirge, L79, M|294/294\n|turn|14\n|\n|t:|1782749122\n|move|p1a: Skeledirge|Will-O-Wisp|p2a: Alcremie|[miss]\n|-miss|p1a: Skeledirge|p2a: Alcremie\n|cant|p2a: Alcremie|par\n|\n|-heal|p2a: Alcremie|141/263 par|[from] item: Leftovers\n|upkeep\n|turn|15\n|\n|t:|1782749128\n|move|p1a: Skeledirge|Torch Song|p2a: Alcremie\n|-damage|p2a: Alcremie|78/263 par\n|-boost|p1a: Skeledirge|spa|1\n|move|p2a: Alcremie|Recover|p2a: Alcremie\n|-heal|p2a: Alcremie|210/263 par\n|\n|-heal|p2a: Alcremie|226/263 par|[from] item: Leftovers\n|upkeep\n|turn|16\n|\n|t:|1782749142\n|switch|p2a: Ludicolo|Ludicolo, L90, M|290/290\n|move|p1a: Skeledirge|Torch Song|p2a: Ludicolo\n|-damage|p2a: Ludicolo|188/290\n|-boost|p1a: Skeledirge|spa|1\n|\n|upkeep\n|turn|17\n|\n|t:|1782749151\n|switch|p1a: Hydrapple|Hydrapple, L83, M|312/312\n|move|p2a: Ludicolo|Hydro Pump|p1a: Hydrapple\n|-resisted|p1a: Hydrapple\n|-damage|p1a: Hydrapple|261/312\n|\n|-heal|p1a: Hydrapple|280/312|[from] item: Leftovers\n|upkeep\n|turn|18\n|\n|t:|1782749172\n|switch|p2a: Sunflora|Sunflora, F|312/312\n|move|p1a: Hydrapple|Nasty Plot|p1a: Hydrapple\n|-boost|p1a: Hydrapple|spa|2\n|\n|-heal|p1a: Hydrapple|299/312|[from] item: Leftovers\n|upkeep\n|turn|19\n|\n|t:|1782749179\n|move|p1a: Hydrapple|Fickle Beam|p2a: Sunflora\n|-damage|p2a: Sunflora|141/312\n|move|p2a: Sunflora|Sludge Bomb|p1a: Hydrapple\n|-supereffective|p1a: Hydrapple\n|-damage|p1a: Hydrapple|0 fnt\n|faint|p1a: Hydrapple\n|\n|upkeep\n|\n|t:|1782749179\n|switch|p1a: Gallade|Gallade, L80, M|240/240\n|turn|20\n|\n|t:|1782749192\n|switch|p2a: Alcremie|Alcremie-Rainbow-Swirl, L90, F|226/263 par\n|move|p1a: Gallade|Sacred Sword|p2a: Alcremie\n|-resisted|p2a: Alcremie\n|-damage|p2a: Alcremie|118/263 par\n|-damage|p1a: Gallade|216/240|[from] item: Life Orb\n|\n|-heal|p2a: Alcremie|134/263 par|[from] item: Leftovers\n|upkeep\n|turn|21\n|\n|t:|1782749200\n|move|p1a: Gallade|Psycho Cut|p2a: Alcremie\n|-damage|p2a: Alcremie|0 fnt\n|faint|p2a: Alcremie\n|-damage|p1a: Gallade|192/240|[from] item: Life Orb\n|\n|upkeep\n|\n|t:|1782749211\n|switch|p2a: Lycanroc|Lycanroc-Midnight, L89, M|28/296 par\n|turn|22\n|\n|t:|1782749214\n|move|p2a: Lycanroc|Sucker Punch|p1a: Gallade\n|-damage|p1a: Gallade|69/240\n|move|p1a: Gallade|Sacred Sword|p2a: Lycanroc\n|-supereffective|p2a: Lycanroc\n|-damage|p2a: Lycanroc|0 fnt\n|faint|p2a: Lycanroc\n|-damage|p1a: Gallade|45/240|[from] item: Life Orb\n|\n|upkeep\n|\n|t:|1782749238\n|switch|p2a: Sunflora|Sunflora, F|141/312\n|turn|23\n|\n|t:|1782749256\n|move|p1a: Gallade|Sacred Sword|p2a: Sunflora\n|-damage|p2a: Sunflora|0 fnt\n|faint|p2a: Sunflora\n|-damage|p1a: Gallade|21/240|[from] item: Life Orb\n|\n|upkeep\n|\n|t:|1782749269\n|switch|p2a: Espathra|Espathra, L80, F|237/283\n|turn|24\n|\n|t:|1782749274\n|move|p2a: Espathra|U-turn|p1a: Gallade\n|-damage|p1a: Gallade|0 fnt\n|faint|p1a: Gallade\n|\n|t:|1782749279\n|switch|p2a: Ludicolo|Ludicolo, L90, M|188/290|[from] U-turn\n|\n|upkeep\n|\n|t:|1782749279\n|switch|p1a: Slowking|Slowking, L88, F|310/310\n|turn|25\n|\n|t:|1782749289\n|move|p2a: Ludicolo|Leaf Storm|p1a: Slowking\n|-supereffective|p1a: Slowking\n|-damage|p1a: Slowking|0 fnt\n|-unboost|p2a: Ludicolo|spa|2\n|faint|p1a: Slowking\n|\n|upkeep\n|\n|t:|1782749289\n|switch|p1a: Skeledirge|Skeledirge, L79, M|294/294\n|turn|26\n|\n|t:|1782749299\n|switch|p2a: Espathra|Espathra, L80, F|237/283\n|move|p1a: Skeledirge|Torch Song|p2a: Espathra\n|-crit|p2a: Espathra\n|-damage|p2a: Espathra|77/283\n|-boost|p1a: Skeledirge|spa|1\n|\n|upkeep\n|turn|27\n|\n|t:|1782749309\n|move|p2a: Espathra|Shadow Ball|p1a: Skeledirge\n|-supereffective|p1a: Skeledirge\n|-damage|p1a: Skeledirge|116/294\n|move|p1a: Skeledirge|Hex|p2a: Espathra\n|-supereffective|p2a: Espathra\n|-damage|p2a: Espathra|0 fnt\n|faint|p2a: Espathra\n|\n|upkeep\n|\n|t:|1782749323\n|switch|p2a: Ludicolo|Ludicolo, L90, M|188/290\n|turn|28\n|\n|t:|1782749327\n|move|p2a: Ludicolo|Hydro Pump|p1a: Skeledirge\n|-supereffective|p1a: Skeledirge\n|-damage|p1a: Skeledirge|0 fnt\n|faint|p1a: Skeledirge\n|\n|upkeep\n|\n|t:|1782749328\n|switch|p1a: Camerupt|Camerupt, L91, M|275/275\n|turn|29\n|\n|t:|1782749335\n|move|p2a: Ludicolo|Hydro Pump|p1a: Camerupt\n|-supereffective|p1a: Camerupt\n|-damage|p1a: Camerupt|0 fnt\n|faint|p1a: Camerupt\n|\n|win|ianxero\n|raw|testbotcif's rating: 1138 &rarr; <strong>1117</strong><br />(-21 for losing)\n|raw|ianxero's rating: 1191 &rarr; <strong>1212</strong><br />(+21 for winning)\n", "inputlog": ">version f8ac14003a5f27e1bdc8d8c59608a773c1cb96e5\n>start {\"formatid\":\"gen9randombattle\",\"seed\":\"sodium,ea4654a4714b5e26b4193a8e59f87b0f\",\"rated\":\"Rated battle\"}\n>player p1 {\"name\":\"testbotcif\",\"avatar\":\"266\",\"rating\":1138,\"seed\":\"sodium,2761af4cf45d73e30352eb4fd40fe197\"}\n>player p2 {\"name\":\"ianxero\",\"avatar\":\"n\",\"rating\":1191,\"seed\":\"sodium,327e439daa4559fe204fea54c018e845\"}\n>chat \u2606testbotcif|rlhf\n>p1 move thunderwave\n>p2 switch 2\n>p1 move bodypress terastallize\n>p2 move suckerpunch\n>p1 move bodypress\n>p2 move closecombat\n>p1 move bodypress\n>p2 switch 3\n>p1 move thunderbolt\n>p2 move uturn\n>p2 switch 5\n>p1 move thunderbolt\n>p2 move calmmind\n>p1 move thunderbolt\n>p2 move recover\n>p1 move thunderbolt\n>p2 move calmmind\n>p1 move thunderbolt\n>p2 move calmmind\n>p1 move thunderbolt\n>p2 move recover\n>p1 move thunderbolt\n>p2 move recover\n>p1 move thunderbolt\n>p2 move alluringvoice\n>p1 move thunderbolt\n>p2 move psyshock\n>p1 switch 5\n>p1 move willowisp\n>p2 move recover\n>p1 move torchsong\n>p2 move recover\n>p1 move torchsong\n>p2 switch 4\n>p1 switch 3\n>p2 move hydropump\n>p1 move nastyplot\n>p2 switch 2\n>p1 move ficklebeam\n>p2 move sludgebomb\n>p1 switch 2\n>p1 move sacredsword\n>p2 switch 4\n>p1 move psychocut\n>p2 move recover\n>p2 switch 3\n>p1 move sacredsword\n>p2 move suckerpunch\n>p2 switch 4\n>p1 move sacredsword\n>p2 move dazzlinggleam\n>p2 switch 5\n>p1 move nightslash\n>p2 move uturn\n>p2 switch 2\n>p1 switch 4\n>p1 move futuresight\n>p2 move leafstorm\n>p1 switch 3\n>p1 move torchsong\n>p2 switch 2\n>p1 move hex\n>p2 move shadowball\n>p2 switch 2\n>p1 move slackoff\n>p2 move hydropump\n>p1 switch 6\n>p1 move overheat\n>p2 move hydropump", "uploadtime": 1782749335, "views": 6, "formatid": "gen9randombattle", "rating": 1117, "private": 0, "password": null, "player_dets": [{"name": "testbotcif", "avatar": "266", "rating": 1138, "seed": "sodium,2761af4cf45d73e30352eb4fd40fe197"}, {"name": "ianxero", "avatar": "n", "rating": 1191, "seed": "sodium,327e439daa4559fe204fea54c018e845"}], "teams_full": [{"Regice": {"name": "Regice", "species": "Regice", "speciesId": "regice", "gender": "N", "shiny": false, "level": 88, "moves": ["thunderwave", "icebeam", "bodypress", "thunderbolt"], "ability": "Clear Body", "evs": {"hp": 85, "atk": 0, "def": 85, "spa": 85, "spd": 85, "spe": 85}, "ivs": {"hp": 31, "atk": 0, "def": 31, "spa": 31, "spd": 31, "spe": 31}, "item": "Heavy-Duty Boots", "teraType": "Electric", "role": "Bulky Attacker", "bvs": {"hp": 80, "atk": 50, "def": 100, "spa": 100, "spd": 200, "spe": 50}, "stats": {"hp": 284, "atk": 93, "def": 226, "spa": 226, "spd": 402, "spe": 138}, "types": ["Ice"]}, "Gallade": {"name": "Gallade", "species": "Gallade", "speciesId": "gallade", "gender": "M", "shiny": false, "level": 80, "moves": ["nightslash", "sacredsword", "agility", "psychocut"], "ability": "Sharpness", "evs": {"hp": 85, "atk": 85, "def": 85, "spa": 85, "spd": 85, "spe": 85}, "ivs": {"hp": 31, "atk": 31, "def": 31, "spa": 31, "spd": 31, "spe": 31}, "item": "Life Orb", "teraType": "Dark", "role": "Setup Sweeper", "bvs": {"hp": 68, "atk": 125, "def": 65, "spa": 65, "spd": 115, "spe": 80}, "stats": {"hp": 240, "atk": 246, "def": 150, "spa": 150, "spd": 230, "spe": 174}, "types": ["Psychic", "Fighting"]}, "Hydrapple": {"name": "Hydrapple", "species": "Hydrapple", "speciesId": "hydrapple", "gender": "M", "shiny": false, "level": 83, "moves": ["gigadrain", "recover", "nastyplot", "ficklebeam"], "ability": "Regenerator", "evs": {"hp": 85, "atk": 0, "def": 85, "spa": 85, "spd": 85, "spe": 85}, "ivs": {"hp": 31, "atk": 0, "def": 31, "spa": 31, "spd": 31, "spe": 31}, "item": "Leftovers", "teraType": "Steel", "role": "Fast Bulky Setup", "bvs": {"hp": 106, "atk": 80, "def": 110, "spa": 120, "spd": 80, "spe": 44}, "stats": {"hp": 312, "atk": 137, "def": 230, "spa": 247, "spd": 180, "spe": 121}, "types": ["Grass", "Dragon"]}, "Slowking": {"name": "Slowking", "species": "Slowking", "speciesId": "slowking", "gender": "F", "shiny": false, "level": 88, "moves": ["futuresight", "scald", "chillyreception", "slackoff"], "ability": "Regenerator", "evs": {"hp": 85, "atk": 0, "def": 85, "spa": 85, "spd": 85, "spe": 85}, "ivs": {"hp": 31, "atk": 0, "def": 31, "spa": 31, "spd": 31, "spe": 31}, "item": "Heavy-Duty Boots", "teraType": "Dragon", "role": "Fast Support", "bvs": {"hp": 95, "atk": 75, "def": 80, "spa": 100, "spd": 110, "spe": 30}, "stats": {"hp": 310, "atk": 137, "def": 191, "spa": 226, "spd": 244, "spe": 103}, "types": ["Water", "Psychic"]}, "Skeledirge": {"name": "Skeledirge", "species": "Skeledirge", "speciesId": "skeledirge", "gender": "M", "shiny": false, "level": 79, "moves": ["slackoff", "hex", "torchsong", "willowisp"], "ability": "Unaware", "evs": {"hp": 85, "atk": 0, "def": 85, "spa": 85, "spd": 85, "spe": 85}, "ivs": {"hp": 31, "atk": 0, "def": 31, "spa": 31, "spd": 31, "spe": 31}, "item": "Heavy-Duty Boots", "teraType": "Water", "role": "Bulky Support", "bvs": {"hp": 104, "atk": 75, "def": 100, "spa": 110, "spd": 75, "spe": 66}, "stats": {"hp": 294, "atk": 123, "def": 204, "spa": 219, "spd": 164, "spe": 150}, "types": ["Fire", "Ghost"]}, "Camerupt": {"name": "Camerupt", "species": "Camerupt", "speciesId": "camerupt", "gender": "M", "shiny": false, "level": 91, "moves": ["earthquake", "overheat", "stealthrock", "willowisp"], "ability": "Solid Rock", "evs": {"hp": 85, "atk": 85, "def": 85, "spa": 85, "spd": 85, "spe": 85}, "ivs": {"hp": 31, "atk": 31, "def": 31, "spa": 31, "spd": 31, "spe": 31}, "item": "Leftovers", "teraType": "Water", "role": "Bulky Support", "bvs": {"hp": 70, "atk": 100, "def": 70, "spa": 105, "spd": 75, "spe": 40}, "stats": {"hp": 275, "atk": 234, "def": 179, "spa": 243, "spd": 188, "spe": 125}, "types": ["Fire", "Ground"]}}, {"Sunflora": {"name": "Sunflora", "species": "Sunflora", "speciesId": "sunflora", "gender": "F", "shiny": false, "level": 100, "moves": ["sludgebomb", "earthpower", "leafstorm", "dazzlinggleam"], "ability": "Chlorophyll", "evs": {"hp": 85, "atk": 0, "def": 85, "spa": 85, "spd": 85, "spe": 85}, "ivs": {"hp": 31, "atk": 0, "def": 31, "spa": 31, "spd": 31, "spe": 31}, "item": "Choice Specs", "teraType": "Fairy", "role": "Wallbreaker", "bvs": {"hp": 75, "atk": 75, "def": 55, "spa": 105, "spd": 85, "spe": 30}, "stats": {"hp": 312, "atk": 155, "def": 167, "spa": 267, "spd": 227, "spe": 117}, "types": ["Grass"]}, "Lycanroc": {"name": "Lycanroc", "species": "Lycanroc-Midnight", "speciesId": "lycanrocmidnight", "gender": "M", "shiny": false, "level": 89, "moves": ["closecombat", "playrough", "suckerpunch", "stoneedge"], "ability": "No Guard", "evs": {"hp": 85, "atk": 85, "def": 85, "spa": 85, "spd": 85, "spe": 85}, "ivs": {"hp": 31, "atk": 31, "def": 31, "spa": 31, "spd": 31, "spe": 31}, "item": "Choice Band", "teraType": "Fighting", "role": "Fast Attacker", "bvs": {"hp": 85, "atk": 115, "def": 75, "spa": 55, "spd": 75, "spe": 82}, "stats": {"hp": 296, "atk": 255, "def": 184, "spa": 149, "spd": 184, "spe": 197}, "types": ["Rock"]}, "Espathra": {"name": "Espathra", "species": "Espathra", "speciesId": "espathra", "gender": "F", "shiny": false, "level": 80, "moves": ["dazzlinggleam", "luminacrash", "shadowball", "uturn"], "ability": "Speed Boost", "evs": {"hp": 85, "atk": 85, "def": 85, "spa": 85, "spd": 85, "spe": 85}, "ivs": {"hp": 31, "atk": 31, "def": 31, "spa": 31, "spd": 31, "spe": 31}, "item": "Choice Specs", "teraType": "Psychic", "role": "Wallbreaker", "bvs": {"hp": 95, "atk": 60, "def": 60, "spa": 101, "spd": 60, "spe": 105}, "stats": {"hp": 283, "atk": 142, "def": 142, "spa": 208, "spd": 142, "spe": 214}, "types": ["Psychic"]}, "Ludicolo": {"name": "Ludicolo", "species": "Ludicolo", "speciesId": "ludicolo", "gender": "M", "shiny": false, "level": 90, "moves": ["gigadrain", "hydropump", "icebeam", "leafstorm"], "ability": "Swift Swim", "evs": {"hp": 85, "atk": 0, "def": 85, "spa": 85, "spd": 85, "spe": 85}, "ivs": {"hp": 31, "atk": 0, "def": 31, "spa": 31, "spd": 31, "spe": 31}, "item": "Choice Specs", "teraType": "Grass", "role": "Fast Attacker", "bvs": {"hp": 80, "atk": 70, "def": 70, "spa": 90, "spd": 100, "spe": 70}, "stats": {"hp": 290, "atk": 131, "def": 177, "spa": 213, "spd": 231, "spe": 177}, "types": ["Water", "Grass"]}, "Alcremie": {"name": "Alcremie", "species": "Alcremie-Rainbow-Swirl", "speciesId": "alcremie", "gender": "F", "shiny": false, "level": 90, "moves": ["alluringvoice", "calmmind", "psyshock", "recover"], "ability": "Aroma Veil", "evs": {"hp": 85, "atk": 0, "def": 85, "spa": 85, "spd": 85, "spe": 85}, "ivs": {"hp": 31, "atk": 0, "def": 31, "spa": 31, "spd": 31, "spe": 31}, "item": "Leftovers", "teraType": "Poison", "role": "Bulky Setup", "bvs": {"hp": 65, "atk": 60, "def": 75, "spa": 110, "spd": 121, "spe": 64}, "stats": {"hp": 263, "atk": 113, "def": 186, "spa": 249, "spd": 269, "spe": 167}, "types": ["Fairy"]}, "Cloyster": {"name": "Cloyster", "species": "Cloyster", "speciesId": "cloyster", "gender": "M", "shiny": false, "level": 80, "moves": ["rockblast", "iciclespear", "drillrun", "shellsmash"], "ability": "Skill Link", "evs": {"hp": 85, "atk": 85, "def": 85, "spa": 85, "spd": 85, "spe": 85}, "ivs": {"hp": 31, "atk": 31, "def": 31, "spa": 31, "spd": 31, "spe": 31}, "item": "White Herb", "teraType": "Ground", "role": "Fast Attacker", "bvs": {"hp": 50, "atk": 95, "def": 180, "spa": 85, "spd": 45, "spe": 70}, "stats": {"hp": 211, "atk": 198, "def": 334, "spa": 182, "spd": 118, "spe": 158}, "types": ["Water", "Ice"]}}]}