{"id": "gen9randombattle-2641712602", "format": "[Gen 9] Random Battle", "players": ["zicafeliped", "10YearsOld4Life"], "log": "|badge|p2|bronze|gen9randombattle|100-9\n|html|<div class=\"broadcast-red\"><strong>This battle is required to be public due to one or more player having a season medal.</strong><br />During the public phase, you can discuss the state of the ladder <a href=\"/seasondiscussion\">in a special chatroom.</a></div>\n|uhtml|medal-msg|<div class=\"broadcast-blue\">Curious what those medals under the avatar are? PS now has Ladder Seasons! For more information, check out the <a href=\"https://www.smogon.com/forums/threads/3740067/\">thread on Smogon.</a></div>\n|raw|<div class=\"broadcast-blue\"><strong>This battle is required to be public due to a player having a name starting with 'medal'.</div>\n|j|\u2606zicafeliped\n|j|\u260610YearsOld4Life\n|t:|1782832954\n|gametype|singles\n|player|p1|zicafeliped|beauty-gen4dp|2200\n|player|p2|10YearsOld4Life|ash|2358\n|gen|9\n|tier|[Gen 9] Random Battle\n|rated|\n|rule|Species Clause: Limit one of each Pok\u00e9mon\n|rule|HP Percentage Mod: HP is shown in percentages\n|rule|Sleep Clause Mod: Limit one foe put to sleep\n|rule|Illusion Level Mod: Illusion disguises the Pok\u00e9mon's true level\n|\n|t:|1782832954\n|teamsize|p1|6\n|teamsize|p2|6\n|start\n|switch|p1a: Sylveon|Sylveon, L85, M|300/300\n|switch|p2a: Lilligant|Lilligant, L86, F|261/261\n|turn|1\n|inactive|Battle timer is ON: inactive players will automatically lose when time's up. (requested by zicafeliped)\n|\n|t:|1782832974\n|move|p2a: Lilligant|Sleep Powder|p1a: Sylveon|[miss]\n|-miss|p2a: Lilligant|p1a: Sylveon\n|move|p1a: Sylveon|Calm Mind|p1a: Sylveon\n|-boost|p1a: Sylveon|spa|1\n|-boost|p1a: Sylveon|spd|1\n|\n|upkeep\n|turn|2\n|\n|t:|1782832979\n|move|p2a: Lilligant|Sleep Powder|p1a: Sylveon\n|-status|p1a: Sylveon|slp|[from] move: Sleep Powder\n|cant|p1a: Sylveon|slp\n|\n|upkeep\n|turn|3\n|\n|t:|1782832983\n|switch|p2a: Spidops|Spidops, L96, M|271/271\n|-curestatus|p1a: Sylveon|slp|[msg]\n|move|p1a: Sylveon|Hyper Voice|p2a: Spidops\n|-damage|p2a: Spidops|84/271\n|\n|upkeep\n|turn|4\n|\n|t:|1782832994\n|switch|p2a: Lilligant|Lilligant, L86, F|261/261\n|move|p1a: Sylveon|Hyper Voice|p2a: Lilligant\n|-damage|p2a: Lilligant|51/261\n|\n|upkeep\n|turn|5\n|\n|t:|1782832998\n|move|p2a: Lilligant|Sleep Powder|p1a: Sylveon\n|-status|p1a: Sylveon|slp|[from] move: Sleep Powder\n|cant|p1a: Sylveon|slp\n|\n|upkeep\n|turn|6\n|\n|t:|1782833000\n|switch|p2a: Spidops|Spidops, L96, M|84/271\n|cant|p1a: Sylveon|slp\n|\n|upkeep\n|turn|7\n|\n|t:|1782833005\n|cant|p1a: Sylveon|slp\n|move|p2a: Spidops|Sticky Web|p1a: Sylveon\n|-sidestart|p1: zicafeliped|move: Sticky Web\n|\n|upkeep\n|turn|8\n|\n|t:|1782833011\n|-curestatus|p1a: Sylveon|slp|[msg]\n|move|p1a: Sylveon|Hyper Voice|p2a: Spidops\n|-damage|p2a: Spidops|0 fnt\n|faint|p2a: Spidops\n|\n|upkeep\n|inactive|10YearsOld4Life has 120 seconds left.\n|\n|t:|1782833044\n|switch|p2a: Toxtricity|Toxtricity, L82, F|257/257\n|turn|9\n|\n|t:|1782833056\n|switch|p1a: Archaludon|Archaludon, L78, F|268/268\n|-activate|p1a: Archaludon|move: Sticky Web\n|-unboost|p1a: Archaludon|spe|1\n|move|p2a: Toxtricity|Gunk Shot|p1a: Archaludon\n|-immune|p1a: Archaludon\n|\n|upkeep\n|turn|10\n|inactive|10YearsOld4Life has 120 seconds left.\n|\n|t:|1782833073\n|switch|p2a: Latios|Latios, L78, M|253/253\n|move|p1a: Archaludon|Dragon Tail|p2a: Latios\n|-supereffective|p2a: Latios\n|-damage|p2a: Latios|115/253\n|drag|p2a: Lilligant|Lilligant, L86, F|51/261\n|\n|upkeep\n|turn|11\n|\n|t:|1782833084\n|switch|p1a: Garganacl|Garganacl, L80, M|291/291\n|-activate|p1a: Garganacl|move: Sticky Web\n|-unboost|p1a: Garganacl|spe|1\n|move|p2a: Lilligant|Sleep Powder|p1a: Garganacl\n|-immune|p1a: Garganacl|[from] ability: Purifying Salt\n|\n|upkeep\n|turn|12\n|\n|t:|1782833090\n|switch|p1a: Archaludon|Archaludon, L78, F|268/268\n|-activate|p1a: Archaludon|move: Sticky Web\n|-unboost|p1a: Archaludon|spe|1\n|move|p2a: Lilligant|Petal Dance|p1a: Archaludon\n|-resisted|p1a: Archaludon\n|-damage|p1a: Archaludon|228/268\n|-ability|p1a: Archaludon|Stamina|boost\n|-boost|p1a: Archaludon|def|1\n|-damage|p2a: Lilligant|25/261|[from] item: Life Orb\n|\n|upkeep\n|turn|13\n|\n|t:|1782833099\n|move|p2a: Lilligant|Petal Dance|p1a: Archaludon|[from] lockedmove\n|-resisted|p1a: Archaludon\n|-damage|p1a: Archaludon|186/268\n|-ability|p1a: Archaludon|Stamina|boost\n|-boost|p1a: Archaludon|def|1\n|-damage|p2a: Lilligant|0 fnt|[from] item: Life Orb\n|faint|p2a: Lilligant\n|move|p1a: Archaludon|Dragon Tail|p2: Lilligant|[notarget]\n|-fail|p1a: Archaludon\n|\n|upkeep\n|\n|t:|1782833110\n|switch|p2a: Latios|Latios, L78, M|115/253\n|turn|14\n|\n|t:|1782833116\n|move|p2a: Latios|Draco Meteor|p1a: Archaludon\n|-damage|p1a: Archaludon|15/268\n|-unboost|p2a: Latios|spa|2\n|-ability|p1a: Archaludon|Stamina|boost\n|-boost|p1a: Archaludon|def|1\n|move|p1a: Archaludon|Dragon Tail|p2a: Latios\n|-supereffective|p2a: Latios\n|-crit|p2a: Latios\n|-damage|p2a: Latios|0 fnt\n|faint|p2a: Latios\n|\n|upkeep\n|\n|t:|1782833145\n|switch|p2a: Toxtricity|Toxtricity, L82, F|257/257\n|turn|15\n|\n|t:|1782833149\n|move|p2a: Toxtricity|Boomburst|p1a: Archaludon\n|-resisted|p1a: Archaludon\n|-damage|p1a: Archaludon|0 fnt\n|faint|p1a: Archaludon\n|-enditem|p2a: Toxtricity|Throat Spray\n|-boost|p2a: Toxtricity|spa|1|[from] item: Throat Spray\n|\n|upkeep\n|\n|t:|1782833155\n|switch|p1a: Garganacl|Garganacl, L80, M|291/291\n|-activate|p1a: Garganacl|move: Sticky Web\n|-unboost|p1a: Garganacl|spe|1\n|turn|16\n|\n|t:|1782833163\n|-terastallize|p2a: Toxtricity|Normal\n|move|p2a: Toxtricity|Overdrive|p1a: Garganacl\n|-damage|p1a: Garganacl|105/291\n|move|p1a: Garganacl|Salt Cure|p2a: Toxtricity\n|-damage|p2a: Toxtricity|209/257\n|-start|p2a: Toxtricity|Salt Cure\n|\n|-heal|p1a: Garganacl|123/291|[from] item: Leftovers\n|-damage|p2a: Toxtricity|177/257|[from] Salt Cure\n|upkeep\n|turn|17\n|\n|t:|1782833177\n|move|p2a: Toxtricity|Boomburst|p1a: Garganacl\n|-resisted|p1a: Garganacl\n|-damage|p1a: Garganacl|0 fnt\n|faint|p1a: Garganacl\n|\n|-damage|p2a: Toxtricity|145/257|[from] Salt Cure\n|upkeep\n|\n|t:|1782833181\n|switch|p1a: Sylveon|Sylveon, L85, M|300/300\n|-activate|p1a: Sylveon|move: Sticky Web\n|-unboost|p1a: Sylveon|spe|1\n|turn|18\n|\n|t:|1782833187\n|move|p1a: Sylveon|Protect|p1a: Sylveon\n|-singleturn|p1a: Sylveon|Protect\n|move|p2a: Toxtricity|Gunk Shot|p1a: Sylveon\n|-activate|p1a: Sylveon|move: Protect\n|\n|-damage|p2a: Toxtricity|113/257|[from] Salt Cure\n|upkeep\n|turn|19\n|\n|t:|1782833195\n|-terastallize|p1a: Sylveon|Steel\n|move|p2a: Toxtricity|Boomburst|p1a: Sylveon\n|-resisted|p1a: Sylveon\n|-damage|p1a: Sylveon|195/300\n|move|p1a: Sylveon|Calm Mind|p1a: Sylveon\n|-boost|p1a: Sylveon|spa|1\n|-boost|p1a: Sylveon|spd|1\n|\n|-heal|p1a: Sylveon|213/300|[from] item: Leftovers\n|-damage|p2a: Toxtricity|81/257|[from] Salt Cure\n|upkeep\n|turn|20\n|\n|t:|1782833201\n|move|p2a: Toxtricity|Overdrive|p1a: Sylveon\n|-damage|p1a: Sylveon|122/300\n|move|p1a: Sylveon|Wish|p1a: Sylveon\n|\n|-heal|p1a: Sylveon|140/300|[from] item: Leftovers\n|-damage|p2a: Toxtricity|49/257|[from] Salt Cure\n|upkeep\n|turn|21\n|\n|t:|1782833207\n|move|p1a: Sylveon|Protect|p1a: Sylveon\n|-singleturn|p1a: Sylveon|Protect\n|move|p2a: Toxtricity|Shift Gear|p2a: Toxtricity\n|-boost|p2a: Toxtricity|spe|2\n|-boost|p2a: Toxtricity|atk|1\n|\n|-heal|p1a: Sylveon|290/300|[from] move: Wish|[wisher] Sylveon\n|-heal|p1a: Sylveon|300/300|[from] item: Leftovers\n|-damage|p2a: Toxtricity|17/257|[from] Salt Cure\n|upkeep\n|turn|22\n|\n|t:|1782833214\n|move|p2a: Toxtricity|Overdrive|p1a: Sylveon\n|-damage|p1a: Sylveon|216/300\n|move|p1a: Sylveon|Calm Mind|p1a: Sylveon\n|-boost|p1a: Sylveon|spa|1\n|-boost|p1a: Sylveon|spd|1\n|\n|-heal|p1a: Sylveon|234/300|[from] item: Leftovers\n|-damage|p2a: Toxtricity|0 fnt|[from] Salt Cure\n|faint|p2a: Toxtricity\n|upkeep\n|\n|t:|1782833220\n|switch|p2a: Hoopa|Hoopa, L85|275/275\n|turn|23\n|\n|t:|1782833223\n|move|p2a: Hoopa|Trick|p1a: Sylveon\n|-activate|p2a: Hoopa|move: Trick|[of] p1a: Sylveon\n|-item|p1a: Sylveon|Choice Scarf|[from] move: Trick\n|-item|p2a: Hoopa|Leftovers|[from] move: Trick\n|move|p1a: Sylveon|Hyper Voice|p2a: Hoopa\n|-damage|p2a: Hoopa|95/275\n|\n|-heal|p2a: Hoopa|112/275|[from] item: Leftovers\n|upkeep\n|turn|24\n|\n|t:|1782833226\n|move|p2a: Hoopa|Focus Blast|p1a: Sylveon\n|-supereffective|p1a: Sylveon\n|-damage|p1a: Sylveon|146/300\n|move|p1a: Sylveon|Hyper Voice|p2a: Hoopa\n|-damage|p2a: Hoopa|0 fnt\n|faint|p2a: Hoopa\n|\n|upkeep\n|\n|t:|1782833228\n|switch|p2a: Bellossom|Bellossom, L84, F|263/263\n|turn|25\n|\n|t:|1782833232\n|move|p1a: Sylveon|Hyper Voice|p2a: Bellossom\n|-damage|p2a: Bellossom|31/263\n|move|p2a: Bellossom|Quiver Dance|p2a: Bellossom\n|-boost|p2a: Bellossom|spa|1\n|-boost|p2a: Bellossom|spd|1\n|-boost|p2a: Bellossom|spe|1\n|\n|-heal|p2a: Bellossom|47/263|[from] item: Leftovers\n|upkeep\n|turn|26\n|\n|t:|1782833236\n|move|p2a: Bellossom|Strength Sap|p1a: Sylveon\n|-unboost|p1a: Sylveon|atk|1\n|-heal|p2a: Bellossom|162/263\n|move|p1a: Sylveon|Hyper Voice|p2a: Bellossom\n|-damage|p2a: Bellossom|0 fnt\n|faint|p2a: Bellossom\n|\n|win|zicafeliped\n", "inputlog": ">version f8ac14003a5f27e1bdc8d8c59608a773c1cb96e5\n>start {\"formatid\":\"gen9randombattle\",\"seed\":\"sodium,46d51a49f353adc2750755776957d962\",\"rated\":\"Rated battle\"}\n>player p1 {\"name\":\"zicafeliped\",\"avatar\":\"beauty-gen4dp\",\"rating\":2200,\"seed\":\"sodium,04254f9452b0f02aa6a6eb95d3782e57\"}\n>player p2 {\"name\":\"10YearsOld4Life\",\"avatar\":\"ash\",\"rating\":2358,\"seed\":\"sodium,c1781237f4aff44edf13af87ad363713\"}\n>p1 move calmmind\n>p2 move sleeppowder\n>p1 move hypervoice\n>p2 move sleeppowder\n>p1 move hypervoice\n>p2 switch 2\n>p1 move hypervoice\n>p2 switch 2\n>p1 move hypervoice\n>p2 move sleeppowder\n>p1 move hypervoice\n>p2 switch 2\n>p1 move hypervoice\n>p2 move stickyweb\n>p1 move hypervoice\n>p2 move circlethrow\n>p2 switch 3\n>p1 switch 6\n>p2 move gunkshot\n>p1 move dragontail\n>p2 switch 4\n>p1 switch 4\n>p2 move sleeppowder\n>p1 switch 4\n>p2 move petaldance\n>p1 move dragontail\n>p2 move petaldance\n>p2 switch 2\n>p1 move dragontail\n>p2 move dracometeor\n>p2 switch 4\n>p1 move dracometeor\n>p2 move boomburst\n>p1 switch 4\n>p1 move saltcure\n>p2 move overdrive terastallize\n>p1 move recover\n>p2 move boomburst\n>p1 switch 6\n>p1 move protect\n>p2 move gunkshot\n>p1 move calmmind terastallize\n>p2 move boomburst\n>p1 move wish\n>p2 move overdrive\n>p1 move protect\n>p2 move shiftgear\n>p1 move calmmind\n>p2 move overdrive\n>p2 switch 6\n>p1 move hypervoice\n>p2 move trick\n>p1 move hypervoice\n>p2 move focusblast\n>p2 switch 5\n>p1 move hypervoice\n>p2 move quiverdance\n>p1 move hypervoice\n>p2 move strengthsap", "uploadtime": 1782832957, "views": 3, "formatid": "gen9randombattle", "rating": null, "private": 0, "password": null, "player_dets": [{"name": "zicafeliped", "avatar": "beauty-gen4dp", "rating": 2200, "seed": "sodium,04254f9452b0f02aa6a6eb95d3782e57"}, {"name": "10YearsOld4Life", "avatar": "ash", "rating": 2358, "seed": "sodium,c1781237f4aff44edf13af87ad363713"}], "teams_full": [{"Sylveon": {"name": "Sylveon", "species": "Sylveon", "speciesId": "sylveon", "gender": "M", "shiny": false, "level": 85, "moves": ["protect", "calmmind", "hypervoice", "wish"], "ability": "Pixilate", "evs": {"hp": 85, "atk": 0, "def": 85, "spa": 85, "spd": 85, "spe": 85}, "ivs": {"hp": 31, "atk": 0, "def": 31, "spa": 31, "spd": 31, "spe": 31}, "item": "Leftovers", "teraType": "Steel", "role": "Bulky Setup", "bvs": {"hp": 95, "atk": 65, "def": 65, "spa": 110, "spd": 130, "spe": 60}, "stats": {"hp": 300, "atk": 115, "def": 159, "spa": 236, "spd": 270, "spe": 151}, "types": ["Fairy"]}, "Iron Moth": {"name": "Iron Moth", "species": "Iron Moth", "speciesId": "ironmoth", "gender": "N", "shiny": false, "level": 78, "moves": ["energyball", "fireblast", "uturn", "sludgewave"], "ability": "Quark Drive", "evs": {"hp": 85, "atk": 85, "def": 85, "spa": 85, "spd": 85, "spe": 85}, "ivs": {"hp": 31, "atk": 31, "def": 31, "spa": 31, "spd": 31, "spe": 31}, "item": "Choice Specs", "teraType": "Grass", "role": "Fast Attacker", "bvs": {"hp": 80, "atk": 70, "def": 60, "spa": 140, "spd": 110, "spe": 110}, "stats": {"hp": 253, "atk": 154, "def": 139, "spa": 263, "spd": 217, "spe": 217}, "types": ["Fire", "Poison"]}, "Walking Wake": {"name": "Walking Wake", "species": "Walking Wake", "speciesId": "walkingwake", "gender": "N", "shiny": false, "level": 79, "moves": ["flamethrower", "hydropump", "flipturn", "dracometeor"], "ability": "Protosynthesis", "evs": {"hp": 85, "atk": 85, "def": 85, "spa": 85, "spd": 85, "spe": 85}, "ivs": {"hp": 31, "atk": 31, "def": 31, "spa": 31, "spd": 31, "spe": 31}, "item": "Choice Specs", "teraType": "Fire", "role": "Wallbreaker", "bvs": {"hp": 99, "atk": 83, "def": 91, "spa": 125, "spd": 83, "spe": 109}, "stats": {"hp": 286, "atk": 177, "def": 189, "spa": 243, "spd": 177, "spe": 218}, "types": ["Water", "Dragon"]}, "Garganacl": {"name": "Garganacl", "species": "Garganacl", "speciesId": "garganacl", "gender": "M", "shiny": false, "level": 80, "moves": ["irondefense", "saltcure", "bodypress", "recover"], "ability": "Purifying Salt", "evs": {"hp": 85, "atk": 85, "def": 85, "spa": 85, "spd": 85, "spe": 85}, "ivs": {"hp": 31, "atk": 31, "def": 31, "spa": 31, "spd": 31, "spe": 31}, "item": "Leftovers", "teraType": "Ghost", "role": "Bulky Setup", "bvs": {"hp": 100, "atk": 100, "def": 130, "spa": 45, "spd": 90, "spe": 35}, "stats": {"hp": 291, "atk": 206, "def": 254, "spa": 118, "spd": 190, "spe": 102}, "types": ["Rock"]}, "Deoxys": {"name": "Deoxys", "species": "Deoxys-Defense", "speciesId": "deoxysdefense", "gender": "N", "shiny": false, "level": 84, "moves": ["stealthrock", "psychicnoise", "recover", "spikes"], "ability": "Pressure", "evs": {"hp": 85, "atk": 0, "def": 85, "spa": 85, "spd": 85, "spe": 85}, "ivs": {"hp": 31, "atk": 0, "def": 31, "spa": 31, "spd": 31, "spe": 31}, "item": "Leftovers", "teraType": "Fairy", "role": "Bulky Support", "bvs": {"hp": 50, "atk": 70, "def": 160, "spa": 70, "spd": 160, "spe": 90}, "stats": {"hp": 221, "atk": 122, "def": 317, "spa": 166, "spd": 317, "spe": 199}, "types": ["Psychic"]}, "Archaludon": {"name": "Archaludon", "species": "Archaludon", "speciesId": "archaludon", "gender": "F", "shiny": false, "level": 78, "moves": ["bodypress", "flashcannon", "dracometeor", "dragontail"], "ability": "Stamina", "evs": {"hp": 85, "atk": 85, "def": 85, "spa": 85, "spd": 85, "spe": 85}, "ivs": {"hp": 31, "atk": 31, "def": 31, "spa": 31, "spd": 31, "spe": 31}, "item": "Assault Vest", "teraType": "Fighting", "role": "Bulky Attacker", "bvs": {"hp": 90, "atk": 105, "def": 130, "spa": 125, "spd": 65, "spe": 85}, "stats": {"hp": 268, "atk": 209, "def": 248, "spa": 240, "spd": 146, "spe": 178}, "types": ["Steel", "Dragon"]}}, {"Lilligant": {"name": "Lilligant", "species": "Lilligant", "speciesId": "lilligant", "gender": "F", "shiny": false, "level": 86, "moves": ["sleeppowder", "petaldance", "quiverdance", "alluringvoice"], "ability": "Own Tempo", "evs": {"hp": 85, "atk": 0, "def": 85, "spa": 85, "spd": 85, "spe": 85}, "ivs": {"hp": 31, "atk": 0, "def": 31, "spa": 31, "spd": 31, "spe": 31}, "item": "Life Orb", "teraType": "Grass", "role": "Setup Sweeper", "bvs": {"hp": 70, "atk": 60, "def": 75, "spa": 110, "spd": 75, "spe": 90}, "stats": {"hp": 261, "atk": 108, "def": 178, "spa": 238, "spd": 178, "spe": 204}, "types": ["Grass"]}, "Spidops": {"name": "Spidops", "species": "Spidops", "speciesId": "spidops", "gender": "M", "shiny": false, "level": 96, "moves": ["circlethrow", "knockoff", "stickyweb", "toxicspikes"], "ability": "Stakeout", "evs": {"hp": 85, "atk": 85, "def": 85, "spa": 85, "spd": 85, "spe": 85}, "ivs": {"hp": 31, "atk": 31, "def": 31, "spa": 31, "spd": 31, "spe": 31}, "item": "Heavy-Duty Boots", "teraType": "Ghost", "role": "Bulky Support", "bvs": {"hp": 60, "atk": 79, "def": 92, "spa": 52, "spd": 86, "spe": 35}, "stats": {"hp": 271, "atk": 206, "def": 231, "spa": 154, "spd": 220, "spe": 122}, "types": ["Bug"]}, "Toxtricity": {"name": "Toxtricity", "species": "Toxtricity", "speciesId": "toxtricity", "gender": "F", "shiny": false, "level": 82, "moves": ["gunkshot", "overdrive", "shiftgear", "boomburst"], "ability": "Punk Rock", "evs": {"hp": 85, "atk": 85, "def": 85, "spa": 85, "spd": 85, "spe": 85}, "ivs": {"hp": 31, "atk": 31, "def": 31, "spa": 31, "spd": 31, "spe": 31}, "item": "Throat Spray", "teraType": "Normal", "role": "Setup Sweeper", "bvs": {"hp": 75, "atk": 98, "def": 70, "spa": 114, "spd": 70, "spe": 75}, "stats": {"hp": 257, "atk": 208, "def": 162, "spa": 234, "spd": 162, "spe": 170}, "types": ["Electric", "Poison"]}, "Latios": {"name": "Latios", "species": "Latios", "speciesId": "latios", "gender": "M", "shiny": false, "level": 78, "moves": ["dracometeor", "aurasphere", "recover", "lusterpurge"], "ability": "Levitate", "evs": {"hp": 85, "atk": 0, "def": 85, "spa": 85, "spd": 85, "spe": 85}, "ivs": {"hp": 31, "atk": 0, "def": 31, "spa": 31, "spd": 31, "spe": 31}, "item": "Soul Dew", "teraType": "Steel", "role": "Bulky Attacker", "bvs": {"hp": 80, "atk": 90, "def": 80, "spa": 130, "spd": 110, "spe": 110}, "stats": {"hp": 253, "atk": 145, "def": 170, "spa": 248, "spd": 217, "spe": 217}, "types": ["Dragon", "Psychic"]}, "Bellossom": {"name": "Bellossom", "species": "Bellossom", "speciesId": "bellossom", "gender": "F", "shiny": false, "level": 84, "moves": ["quiverdance", "gigadrain", "terablast", "strengthsap"], "ability": "Chlorophyll", "evs": {"hp": 85, "atk": 0, "def": 85, "spa": 85, "spd": 85, "spe": 85}, "ivs": {"hp": 31, "atk": 0, "def": 31, "spa": 31, "spd": 31, "spe": 31}, "item": "Leftovers", "teraType": "Fire", "role": "Tera Blast user", "bvs": {"hp": 75, "atk": 80, "def": 95, "spa": 90, "spd": 100, "spe": 50}, "stats": {"hp": 263, "atk": 139, "def": 208, "spa": 199, "spd": 216, "spe": 132}, "types": ["Grass"]}, "Hoopa": {"name": "Hoopa", "species": "Hoopa", "speciesId": "hoopa", "gender": "N", "shiny": false, "level": 85, "moves": ["psyshock", "shadowball", "focusblast", "trick"], "ability": "Magician", "evs": {"hp": 85, "atk": 0, "def": 85, "spa": 85, "spd": 85, "spe": 85}, "ivs": {"hp": 31, "atk": 0, "def": 31, "spa": 31, "spd": 31, "spe": 31}, "item": "Choice Scarf", "teraType": "Ghost", "role": "Fast Attacker", "bvs": {"hp": 80, "atk": 110, "def": 60, "spa": 150, "spd": 130, "spe": 70}, "stats": {"hp": 275, "atk": 192, "def": 151, "spa": 304, "spd": 270, "spe": 168}, "types": ["Psychic", "Ghost"]}}]}