{"id": "gen9randombattle-2641231129", "format": "[Gen 9] Random Battle", "players": ["zzzboodj", "Khari"], "log": "|j|\u2606zzzboodj\n|j|\u2606Khari\n|t:|1782756667\n|gametype|singles\n|player|p1|zzzboodj|266|1966\n|player|p2|Khari|pokefanf|1935\n|gen|9\n|tier|[Gen 9] Random Battle\n|rated|\n|rule|Species Clause: Limit one of each Pok\u00e9mon\n|rule|HP Percentage Mod: HP is shown in percentages\n|rule|Sleep Clause Mod: Limit one foe put to sleep\n|rule|Illusion Level Mod: Illusion disguises the Pok\u00e9mon's true level\n|\n|t:|1782756667\n|teamsize|p1|6\n|teamsize|p2|6\n|start\n|switch|p1a: Spectrier|Spectrier, L75|274/274\n|switch|p2a: Calyrex|Calyrex-Ice, L72|263/263\n|-ability|p2a: Calyrex|As One\n|-ability|p2a: Calyrex|Unnerve\n|turn|1\n|inactive|Battle timer is ON: inactive players will automatically lose when time's up. (requested by Khari)\n|\n|t:|1782756695\n|move|p1a: Spectrier|Shadow Ball|p2a: Calyrex\n|-supereffective|p2a: Calyrex\n|-damage|p2a: Calyrex|65/263\n|-unboost|p2a: Calyrex|spd|1\n|-enditem|p2a: Calyrex|Weakness Policy\n|-boost|p2a: Calyrex|atk|2|[from] item: Weakness Policy\n|-boost|p2a: Calyrex|spa|2|[from] item: Weakness Policy\n|-damage|p1a: Spectrier|247/274|[from] item: Life Orb\n|move|p2a: Calyrex|Glacial Lance|p1a: Spectrier\n|-damage|p1a: Spectrier|0 fnt\n|faint|p1a: Spectrier\n|-ability|p2a: Calyrex|Chilling Neigh|boost\n|-boost|p2a: Calyrex|atk|1\n|\n|upkeep\n|\n|t:|1782756722\n|switch|p1a: Keldeo|Keldeo-Resolute, L79|273/273\n|turn|2\n|\n|t:|1782756735\n|move|p1a: Keldeo|Surf|p2a: Calyrex\n|-damage|p2a: Calyrex|0 fnt\n|faint|p2a: Calyrex\n|\n|upkeep\n|\n|t:|1782756738\n|switch|p2a: Shiftry|Shiftry, L89, M|305/305\n|turn|3\n|\n|t:|1782756751\n|move|p1a: Keldeo|Substitute|p1a: Keldeo\n|-start|p1a: Keldeo|Substitute\n|-damage|p1a: Keldeo|205/273\n|move|p2a: Shiftry|Leaf Storm|p1a: Keldeo|[miss]\n|-miss|p2a: Shiftry|p1a: Keldeo\n|\n|-heal|p1a: Keldeo|222/273|[from] item: Leftovers\n|upkeep\n|turn|4\n|\n|t:|1782756760\n|switch|p2a: Pachirisu|Pachirisu, L96, F|271/271\n|move|p1a: Keldeo|Secret Sword|p2a: Pachirisu\n|-damage|p2a: Pachirisu|172/271\n|\n|-heal|p1a: Keldeo|239/273|[from] item: Leftovers\n|upkeep\n|turn|5\n|\n|t:|1782756775\n|move|p2a: Pachirisu|Discharge|p1a: Keldeo\n|-supereffective|p1a: Keldeo\n|-end|p1a: Keldeo|Substitute\n|move|p1a: Keldeo|Secret Sword|p2a: Pachirisu\n|-damage|p2a: Pachirisu|75/271\n|\n|-heal|p1a: Keldeo|256/273|[from] item: Leftovers\n|upkeep\n|turn|6\n|\n|t:|1782756785\n|switch|p1a: Hydrapple|Hydrapple, L83, M|312/312\n|move|p2a: Pachirisu|Discharge|p1a: Hydrapple\n|-resisted|p1a: Hydrapple\n|-damage|p1a: Hydrapple|294/312\n|\n|upkeep\n|turn|7\n|\n|t:|1782756798\n|move|p2a: Pachirisu|U-turn|p1a: Hydrapple\n|-supereffective|p1a: Hydrapple\n|-damage|p1a: Hydrapple|224/312\n|\n|t:|1782756803\n|switch|p2a: Hitmontop|Hitmontop, L88, M|231/231|[from] U-turn\n|-ability|p2a: Hitmontop|Intimidate|boost\n|-unboost|p1a: Hydrapple|atk|1\n|move|p1a: Hydrapple|Fickle Beam|p2a: Hitmontop|[anim] Fickle Beam All Out\n|-activate|p1a: Hydrapple|move: Fickle Beam\n|-damage|p2a: Hitmontop|69/231\n|\n|upkeep\n|turn|8\n|\n|t:|1782756816\n|switch|p1a: Skarmory|Skarmory, L80, M|235/235\n|move|p2a: Hitmontop|Close Combat|p1a: Skarmory\n|-damage|p1a: Skarmory|139/235\n|-unboost|p2a: Hitmontop|def|1\n|-unboost|p2a: Hitmontop|spd|1\n|\n|-heal|p1a: Skarmory|153/235|[from] item: Leftovers\n|upkeep\n|turn|9\n|\n|t:|1782756826\n|move|p2a: Hitmontop|Close Combat|p1a: Skarmory\n|-damage|p1a: Skarmory|48/235\n|-unboost|p2a: Hitmontop|def|1\n|-unboost|p2a: Hitmontop|spd|1\n|move|p1a: Skarmory|Body Press|p2a: Hitmontop\n|-damage|p2a: Hitmontop|0 fnt\n|faint|p2a: Hitmontop\n|\n|-heal|p1a: Skarmory|62/235|[from] item: Leftovers\n|upkeep\n|\n|t:|1782756830\n|switch|p2a: Pachirisu|Pachirisu, L96, F|75/271\n|turn|10\n|\n|t:|1782756840\n|move|p2a: Pachirisu|Discharge|p1a: Skarmory\n|-supereffective|p1a: Skarmory\n|-damage|p1a: Skarmory|0 fnt\n|faint|p1a: Skarmory\n|\n|upkeep\n|\n|t:|1782756848\n|switch|p1a: Hydrapple|Hydrapple, L83, M|312/312\n|turn|11\n|\n|t:|1782756855\n|move|p2a: Pachirisu|U-turn|p1a: Hydrapple\n|-supereffective|p1a: Hydrapple\n|-damage|p1a: Hydrapple|244/312\n|\n|t:|1782756858\n|switch|p2a: Entei|Entei, L78|307/307|[from] U-turn\n|move|p1a: Hydrapple|Fickle Beam|p2a: Entei\n|-damage|p2a: Entei|142/307\n|\n|upkeep\n|turn|12\n|\n|t:|1782756867\n|move|p2a: Entei|Flare Blitz|p1a: Hydrapple\n|-damage|p1a: Hydrapple|73/312\n|-damage|p2a: Entei|86/307|[from] Recoil\n|move|p1a: Hydrapple|Fickle Beam|p2a: Entei\n|-damage|p2a: Entei|0 fnt\n|faint|p2a: Entei\n|\n|upkeep\n|\n|t:|1782756879\n|switch|p2a: Shiftry|Shiftry, L89, M|305/305\n|turn|13\n|\n|t:|1782756885\n|switch|p1a: Muk|Muk, L86, F|321/321\n|move|p2a: Shiftry|Knock Off|p1a: Muk\n|-damage|p1a: Muk|165/321\n|-enditem|p1a: Muk|Choice Band|[from] move: Knock Off|[of] p2a: Shiftry\n|-damage|p2a: Shiftry|275/305|[from] item: Life Orb\n|\n|upkeep\n|turn|14\n|\n|t:|1782756895\n|move|p2a: Shiftry|Will-O-Wisp|p1a: Muk\n|-status|p1a: Muk|brn\n|move|p1a: Muk|Poison Jab|p2a: Shiftry\n|-supereffective|p2a: Shiftry\n|-damage|p2a: Shiftry|163/305\n|-status|p2a: Shiftry|psn\n|\n|-damage|p2a: Shiftry|125/305 psn|[from] psn\n|-damage|p1a: Muk|145/321 brn|[from] brn\n|upkeep\n|turn|15\n|\n|t:|1782756906\n|move|p2a: Shiftry|Leaf Storm|p1a: Muk\n|-resisted|p1a: Muk\n|-crit|p1a: Muk\n|-damage|p1a: Muk|29/321 brn\n|-unboost|p2a: Shiftry|spa|2\n|-damage|p2a: Shiftry|95/305 psn|[from] item: Life Orb\n|move|p1a: Muk|Poison Jab|p2a: Shiftry\n|-supereffective|p2a: Shiftry\n|-damage|p2a: Shiftry|0 fnt\n|faint|p2a: Shiftry\n|\n|-damage|p1a: Muk|9/321 brn|[from] brn\n|upkeep\n|\n|t:|1782756909\n|switch|p2a: Pachirisu|Pachirisu, L96, F|75/271\n|turn|16\n|\n|t:|1782756927\n|move|p2a: Pachirisu|Discharge|p1a: Muk\n|-damage|p1a: Muk|0 fnt\n|faint|p1a: Muk\n|\n|upkeep\n|\n|t:|1782756935\n|switch|p1a: Glimmora|Glimmora, L75, F|248/248\n|-item|p1a: Glimmora|Air Balloon\n|turn|17\n|\n|t:|1782756940\n|move|p2a: Pachirisu|Discharge|p1a: Glimmora\n|-damage|p1a: Glimmora|176/248\n|-enditem|p1a: Glimmora|Air Balloon\n|move|p1a: Glimmora|Sludge Wave|p2a: Pachirisu\n|-damage|p2a: Pachirisu|0 fnt\n|faint|p2a: Pachirisu\n|\n|upkeep\n|\n|t:|1782756942\n|switch|p2a: Ogerpon|Ogerpon-Hearthflame, L74, F|239/239\n|-ability|p2a: Ogerpon|Mold Breaker\n|turn|18\n|\n|t:|1782756961\n|move|p2a: Ogerpon|Swords Dance|p2a: Ogerpon\n|-boost|p2a: Ogerpon|atk|2\n|move|p1a: Glimmora|Power Gem|p2a: Ogerpon\n|-supereffective|p2a: Ogerpon\n|-damage|p2a: Ogerpon|35/239\n|\n|upkeep\n|turn|19\n|\n|t:|1782756970\n|move|p2a: Ogerpon|Horn Leech|p1a: Glimmora\n|-damage|p1a: Glimmora|0 fnt\n|-heal|p2a: Ogerpon|123/239|[from] drain|[of] p1a: Glimmora\n|-activate|p1a: Glimmora|ability: Toxic Debris\n|-sidestart|p2: Khari|move: Toxic Spikes\n|faint|p1a: Glimmora\n|\n|upkeep\n|\n|t:|1782756980\n|switch|p1a: Keldeo|Keldeo-Resolute, L79|256/273\n|turn|20\n|\n|t:|1782756994\n|-terastallize|p1a: Keldeo|Steel\n|move|p1a: Keldeo|Secret Sword|p2a: Ogerpon\n|-damage|p2a: Ogerpon|5/239\n|move|p2a: Ogerpon|Ivy Cudgel|p1a: Keldeo|[anim] Ivy Cudgel Fire\n|-supereffective|p1a: Keldeo\n|-damage|p1a: Keldeo|0 fnt\n|faint|p1a: Keldeo\n|\n|upkeep\n|\n|t:|1782757004\n|switch|p1a: Hydrapple|Hydrapple, L83, M|177/312\n|turn|21\n|\n|t:|1782757009\n|-terastallize|p2a: Ogerpon|Fire\n|detailschange|p2a: Ogerpon|Ogerpon-Hearthflame-Tera, L74, F, tera:Fire\n|-ability|p2a: Ogerpon|Embody Aspect (Hearthflame)|boost\n|-boost|p2a: Ogerpon|atk|1\n|move|p2a: Ogerpon|Ivy Cudgel|p1a: Hydrapple|[anim] Ivy Cudgel Fire\n|-damage|p1a: Hydrapple|0 fnt\n|faint|p1a: Hydrapple\n|\n|win|Khari\n|raw|zzzboodj's rating: 1966 &rarr; <strong>1944</strong><br />(-22 for losing)\n|raw|Khari's rating: 1935 &rarr; <strong>1957</strong><br />(+22 for winning)\n|l|\u2606zzzboodj\n|player|p1|\n|c|\u2606Khari|Shinigami Eyes\n", "inputlog": ">version f8ac14003a5f27e1bdc8d8c59608a773c1cb96e5\n>start {\"formatid\":\"gen9randombattle\",\"seed\":\"sodium,26a5e41b0e81393cc113384a7ce44ed1\",\"rated\":\"Rated battle\"}\n>player p1 {\"name\":\"zzzboodj\",\"avatar\":\"266\",\"rating\":1966,\"seed\":\"sodium,dc1d0891fbede597332e60314824f226\"}\n>player p2 {\"name\":\"Khari\",\"avatar\":\"pokefanf\",\"rating\":1935,\"seed\":\"sodium,6918927081c64a7622632bab83e31710\"}\n>p1 move shadowball\n>p2 move glaciallance\n>p1 switch 6\n>p1 move surf\n>p2 move highhorsepower\n>p2 switch 5\n>p1 move substitute\n>p2 move leafstorm\n>p1 move secretsword\n>p2 switch 2\n>p1 move secretsword\n>p2 move discharge\n>p1 switch 5\n>p2 move discharge\n>p1 move ficklebeam\n>p2 move uturn\n>p2 switch 4\n>p1 switch 2\n>p2 move closecombat\n>p1 move bodypress\n>p2 move closecombat\n>p2 switch 4\n>p1 move bodypress\n>p2 move discharge\n>p1 switch 2\n>p1 move ficklebeam\n>p2 move uturn\n>p2 switch 6\n>p1 move ficklebeam\n>p2 move flareblitz\n>p2 switch 2\n>p1 switch 4\n>p2 move knockoff\n>p1 move poisonjab\n>p2 move willowisp\n>p1 move poisonjab\n>p2 move leafstorm\n>p2 switch 6\n>p1 move poisonjab\n>p2 move discharge\n>p1 switch 3\n>p1 move sludgewave\n>p2 move discharge\n>p2 switch 3\n>p1 move powergem\n>p2 move swordsdance\n>p1 move powergem\n>p2 move hornleech\n>p1 switch 5\n>p1 move secretsword terastallize\n>p2 move ivycudgel\n>p1 switch 4\n>p1 move earthpower\n>p2 move ivycudgel terastallize", "uploadtime": 1782757023, "views": 6, "formatid": "gen9randombattle", "rating": 1944, "private": 0, "password": null, "player_dets": [{"name": "zzzboodj", "avatar": "266", "rating": 1966, "seed": "sodium,dc1d0891fbede597332e60314824f226"}, {"name": "Khari", "avatar": "pokefanf", "rating": 1935, "seed": "sodium,6918927081c64a7622632bab83e31710"}], "teams_full": [{"Spectrier": {"name": "Spectrier", "species": "Spectrier", "speciesId": "spectrier", "gender": "N", "shiny": false, "level": 75, "moves": ["drainingkiss", "nastyplot", "darkpulse", "shadowball"], "ability": "Grim Neigh", "evs": {"hp": 85, "atk": 0, "def": 85, "spa": 85, "spd": 85, "spe": 85}, "ivs": {"hp": 31, "atk": 0, "def": 31, "spa": 31, "spd": 31, "spe": 31}, "item": "Life Orb", "teraType": "Dark", "role": "Setup Sweeper", "bvs": {"hp": 100, "atk": 65, "def": 60, "spa": 145, "spd": 80, "spe": 130}, "stats": {"hp": 274, "atk": 102, "def": 134, "spa": 261, "spd": 164, "spe": 239}, "types": ["Ghost"]}, "Skarmory": {"name": "Skarmory", "species": "Skarmory", "speciesId": "skarmory", "gender": "M", "shiny": false, "level": 80, "moves": ["irondefense", "bravebird", "roost", "bodypress"], "ability": "Sturdy", "evs": {"hp": 85, "atk": 85, "def": 85, "spa": 85, "spd": 85, "spe": 85}, "ivs": {"hp": 31, "atk": 31, "def": 31, "spa": 31, "spd": 31, "spe": 31}, "item": "Leftovers", "teraType": "Fighting", "role": "Bulky Setup", "bvs": {"hp": 65, "atk": 80, "def": 140, "spa": 40, "spd": 70, "spe": 70}, "stats": {"hp": 235, "atk": 174, "def": 270, "spa": 110, "spd": 158, "spe": 158}, "types": ["Steel", "Flying"]}, "Glimmora": {"name": "Glimmora", "species": "Glimmora", "speciesId": "glimmora", "gender": "F", "shiny": false, "level": 75, "moves": ["earthpower", "powergem", "spikes", "sludgewave"], "ability": "Toxic Debris", "evs": {"hp": 85, "atk": 0, "def": 85, "spa": 85, "spd": 85, "spe": 85}, "ivs": {"hp": 31, "atk": 0, "def": 31, "spa": 31, "spd": 31, "spe": 31}, "item": "Air Balloon", "teraType": "Ground", "role": "Fast Support", "bvs": {"hp": 83, "atk": 55, "def": 90, "spa": 130, "spd": 81, "spe": 86}, "stats": {"hp": 248, "atk": 87, "def": 179, "spa": 239, "spd": 165, "spe": 173}, "types": ["Rock", "Poison"]}, "Muk": {"name": "Muk", "species": "Muk", "speciesId": "muk", "gender": "F", "shiny": false, "level": 86, "moves": ["drainpunch", "icepunch", "poisonjab", "knockoff"], "ability": "Poison Touch", "evs": {"hp": 85, "atk": 85, "def": 85, "spa": 85, "spd": 85, "spe": 85}, "ivs": {"hp": 31, "atk": 31, "def": 31, "spa": 31, "spd": 31, "spe": 31}, "item": "Choice Band", "teraType": "Dark", "role": "Bulky Attacker", "bvs": {"hp": 105, "atk": 105, "def": 75, "spa": 65, "spd": 100, "spe": 50}, "stats": {"hp": 321, "atk": 230, "def": 178, "spa": 161, "spd": 221, "spe": 135}, "types": ["Poison"]}, "Hydrapple": {"name": "Hydrapple", "species": "Hydrapple", "speciesId": "hydrapple", "gender": "M", "shiny": false, "level": 83, "moves": ["ficklebeam", "earthpower", "dracometeor", "leafstorm"], "ability": "Regenerator", "evs": {"hp": 85, "atk": 0, "def": 85, "spa": 85, "spd": 85, "spe": 85}, "ivs": {"hp": 31, "atk": 0, "def": 31, "spa": 31, "spd": 31, "spe": 31}, "item": "Choice Specs", "teraType": "Steel", "role": "Wallbreaker", "bvs": {"hp": 106, "atk": 80, "def": 110, "spa": 120, "spd": 80, "spe": 44}, "stats": {"hp": 312, "atk": 137, "def": 230, "spa": 247, "spd": 180, "spe": 121}, "types": ["Grass", "Dragon"]}, "Keldeo": {"name": "Keldeo", "species": "Keldeo-Resolute", "speciesId": "keldeoresolute", "gender": "N", "shiny": false, "level": 79, "moves": ["surf", "secretsword", "calmmind", "substitute"], "ability": "Justified", "evs": {"hp": 85, "atk": 0, "def": 85, "spa": 85, "spd": 85, "spe": 85}, "ivs": {"hp": 31, "atk": 0, "def": 31, "spa": 31, "spd": 31, "spe": 31}, "item": "Leftovers", "teraType": "Steel", "role": "Bulky Setup", "bvs": {"hp": 91, "atk": 72, "def": 90, "spa": 129, "spd": 90, "spe": 108}, "stats": {"hp": 273, "atk": 118, "def": 188, "spa": 249, "spd": 188, "spe": 216}, "types": ["Water", "Fighting"]}}, {"Calyrex": {"name": "Calyrex", "species": "Calyrex-Ice", "speciesId": "calyrexice", "gender": "N", "shiny": false, "level": 72, "moves": ["agility", "glaciallance", "closecombat", "highhorsepower"], "ability": "As One (Glastrier)", "evs": {"hp": 85, "atk": 85, "def": 85, "spa": 85, "spd": 85, "spe": 85}, "ivs": {"hp": 31, "atk": 31, "def": 31, "spa": 31, "spd": 31, "spe": 31}, "item": "Weakness Policy", "teraType": "Ground", "role": "Bulky Setup", "bvs": {"hp": 100, "atk": 165, "def": 150, "spa": 85, "spd": 130, "spe": 50}, "stats": {"hp": 263, "atk": 280, "def": 258, "spa": 164, "spd": 229, "spe": 114}, "types": ["Psychic", "Ice"]}, "Pachirisu": {"name": "Pachirisu", "species": "Pachirisu", "speciesId": "pachirisu", "gender": "F", "shiny": false, "level": 96, "moves": ["uturn", "superfang", "encore", "discharge"], "ability": "Volt Absorb", "evs": {"hp": 85, "atk": 85, "def": 85, "spa": 85, "spd": 85, "spe": 85}, "ivs": {"hp": 31, "atk": 31, "def": 31, "spa": 31, "spd": 31, "spe": 31}, "item": "Heavy-Duty Boots", "teraType": "Flying", "role": "Fast Support", "bvs": {"hp": 60, "atk": 45, "def": 70, "spa": 45, "spd": 90, "spe": 95}, "stats": {"hp": 271, "atk": 141, "def": 189, "spa": 141, "spd": 227, "spe": 237}, "types": ["Electric"]}, "Ogerpon": {"name": "Ogerpon", "species": "Ogerpon-Hearthflame", "speciesId": "ogerponhearthflame", "gender": "F", "shiny": false, "level": 74, "moves": ["knockoff", "hornleech", "ivycudgel", "swordsdance"], "ability": "Mold Breaker", "evs": {"hp": 77, "atk": 85, "def": 85, "spa": 85, "spd": 85, "spe": 85}, "ivs": {"hp": 31, "atk": 31, "def": 31, "spa": 31, "spd": 31, "spe": 31}, "item": "Hearthflame Mask", "teraType": "Fire", "role": "Setup Sweeper", "bvs": {"hp": 80, "atk": 120, "def": 84, "spa": 60, "spd": 96, "spe": 110}, "stats": {"hp": 239, "atk": 221, "def": 167, "spa": 132, "spd": 185, "spe": 206}, "types": ["Grass", "Fire"]}, "Hitmontop": {"name": "Hitmontop", "species": "Hitmontop", "speciesId": "hitmontop", "gender": "M", "shiny": false, "level": 88, "moves": ["rapidspin", "stoneedge", "closecombat", "suckerpunch"], "ability": "Intimidate", "evs": {"hp": 85, "atk": 85, "def": 85, "spa": 85, "spd": 85, "spe": 85}, "ivs": {"hp": 31, "atk": 31, "def": 31, "spa": 31, "spd": 31, "spe": 31}, "item": "Assault Vest", "teraType": "Steel", "role": "Bulky Support", "bvs": {"hp": 50, "atk": 95, "def": 95, "spa": 35, "spd": 110, "spe": 70}, "stats": {"hp": 231, "atk": 217, "def": 217, "spa": 112, "spd": 244, "spe": 173}, "types": ["Fighting"]}, "Shiftry": {"name": "Shiftry", "species": "Shiftry", "speciesId": "shiftry", "gender": "M", "shiny": false, "level": 89, "moves": ["leafstorm", "willowisp", "knockoff", "suckerpunch"], "ability": "Wind Rider", "evs": {"hp": 85, "atk": 85, "def": 85, "spa": 85, "spd": 85, "spe": 85}, "ivs": {"hp": 31, "atk": 31, "def": 31, "spa": 31, "spd": 31, "spe": 31}, "item": "Life Orb", "teraType": "Dark", "role": "Fast Support", "bvs": {"hp": 90, "atk": 100, "def": 60, "spa": 90, "spd": 60, "spe": 80}, "stats": {"hp": 305, "atk": 229, "def": 158, "spa": 211, "spd": 158, "spe": 193}, "types": ["Grass", "Dark"]}, "Entei": {"name": "Entei", "species": "Entei", "speciesId": "entei", "gender": "N", "shiny": false, "level": 78, "moves": ["flareblitz", "sacredfire", "extremespeed", "stoneedge"], "ability": "Inner Focus", "evs": {"hp": 85, "atk": 85, "def": 85, "spa": 85, "spd": 85, "spe": 85}, "ivs": {"hp": 31, "atk": 31, "def": 31, "spa": 31, "spd": 31, "spe": 31}, "item": "Choice Band", "teraType": "Fire", "role": "Fast Attacker", "bvs": {"hp": 115, "atk": 115, "def": 85, "spa": 90, "spd": 75, "spe": 100}, "stats": {"hp": 307, "atk": 224, "def": 178, "spa": 185, "spd": 162, "spe": 201}, "types": ["Fire"]}}]}