{"id": "gen9randombattle-2641414372", "format": "[Gen 9] Random Battle", "players": ["majex", "aceguy123"], "log": "|j|\u2606majex\n|j|\u2606aceguy123\n|t:|1782781203\n|gametype|singles\n|player|p1|majex|265|2119\n|player|p2|aceguy123|firebreather|2093\n|gen|9\n|tier|[Gen 9] Random Battle\n|rated|\n|rule|Species Clause: Limit one of each Pok\u00e9mon\n|rule|HP Percentage Mod: HP is shown in percentages\n|rule|Sleep Clause Mod: Limit one foe put to sleep\n|rule|Illusion Level Mod: Illusion disguises the Pok\u00e9mon's true level\n|\n|t:|1782781203\n|teamsize|p1|6\n|teamsize|p2|6\n|start\n|switch|p1a: Zebstrika|Zebstrika, L87, M|272/272\n|switch|p2a: Gothitelle|Gothitelle, L90, F|272/272\n|turn|1\n|inactive|Battle timer is ON: inactive players will automatically lose when time's up. (requested by aceguy123)\n|\n|t:|1782781229\n|switch|p2a: Great Tusk|Great Tusk, L77|304/304\n|move|p1a: Zebstrika|Volt Switch|p2a: Great Tusk\n|-immune|p2a: Great Tusk\n|\n|upkeep\n|turn|2\n|\n|t:|1782781242\n|switch|p1a: Giratina|Giratina, L75|349/349\n|-ability|p1a: Giratina|Pressure\n|move|p2a: Great Tusk|Close Combat|p1a: Giratina\n|-immune|p1a: Giratina\n|\n|upkeep\n|turn|3\n|\n|t:|1782781250\n|-end|p2a: Great Tusk|Protosynthesis|[silent]\n|switch|p2a: Glastrier|Glastrier, L86|311/311\n|move|p1a: Giratina|Shadow Ball|p2a: Glastrier\n|-damage|p2a: Glastrier|257/311\n|\n|upkeep\n|turn|4\n|\n|t:|1782781258\n|switch|p1a: Vaporeon|Vaporeon, L86, F|364/364\n|move|p2a: Glastrier|Icicle Crash|p1a: Vaporeon\n|-resisted|p1a: Vaporeon\n|-damage|p1a: Vaporeon|231/364\n|\n|-heal|p1a: Vaporeon|253/364|[from] item: Leftovers\n|upkeep\n|turn|5\n|\n|t:|1782781271\n|switch|p2a: Gothitelle|Gothitelle, L90, F|272/272\n|move|p1a: Vaporeon|Scald|p2a: Gothitelle\n|-damage|p2a: Gothitelle|191/272\n|\n|-heal|p1a: Vaporeon|275/364|[from] item: Leftovers\n|upkeep\n|turn|6\n|\n|t:|1782781277\n|move|p2a: Gothitelle|Trick|p1a: Vaporeon\n|-activate|p2a: Gothitelle|move: Trick|[of] p1a: Vaporeon\n|-item|p1a: Vaporeon|Choice Scarf|[from] move: Trick\n|-item|p2a: Gothitelle|Leftovers|[from] move: Trick\n|move|p1a: Vaporeon|Scald|p2a: Gothitelle\n|-damage|p2a: Gothitelle|113/272\n|\n|-heal|p2a: Gothitelle|130/272|[from] item: Leftovers\n|upkeep\n|turn|7\n|\n|t:|1782781285\n|switch|p2a: Pelipper|Pelipper, L86, F|243/243\n|-weather|RainDance|[from] ability: Drizzle|[of] p2a: Pelipper\n|move|p1a: Vaporeon|Scald|p2a: Pelipper\n|-resisted|p2a: Pelipper\n|-damage|p2a: Pelipper|153/243\n|\n|-weather|RainDance|[upkeep]\n|upkeep\n|turn|8\n|\n|t:|1782781291\n|move|p1a: Vaporeon|Scald|p2a: Pelipper\n|-resisted|p2a: Pelipper\n|-damage|p2a: Pelipper|68/243\n|move|p2a: Pelipper|U-turn|p1a: Vaporeon\n|-damage|p1a: Vaporeon|230/364\n|\n|t:|1782781303\n|switch|p2a: Veluza|Veluza, L85, M|292/292|[from] U-turn\n|\n|-weather|RainDance|[upkeep]\n|upkeep\n|turn|9\n|\n|t:|1782781305\n|move|p1a: Vaporeon|Scald|p2a: Veluza\n|-resisted|p2a: Veluza\n|-damage|p2a: Veluza|208/292\n|move|p2a: Veluza|Fillet Away|p2a: Veluza\n|-boost|p2a: Veluza|atk|2\n|-boost|p2a: Veluza|spa|2\n|-boost|p2a: Veluza|spe|2\n|-damage|p2a: Veluza|62/292\n|-enditem|p2a: Veluza|Sitrus Berry|[eat]\n|-heal|p2a: Veluza|135/292|[from] item: Sitrus Berry\n|\n|-weather|RainDance|[upkeep]\n|upkeep\n|turn|10\n|\n|t:|1782781315\n|switch|p1a: Moltres|Moltres-Galar, L79|271/271\n|move|p2a: Veluza|Psycho Cut|p1a: Moltres\n|-immune|p1a: Moltres\n|\n|-weather|RainDance|[upkeep]\n|upkeep\n|turn|11\n|\n|t:|1782781321\n|switch|p1a: Vaporeon|Vaporeon, L86, F|230/364\n|move|p2a: Veluza|Aqua Cutter|p1a: Vaporeon\n|-heal|p1a: Vaporeon|321/364|[from] ability: Water Absorb|[of] p2a: Veluza\n|\n|-weather|none\n|upkeep\n|turn|12\n|\n|t:|1782781327\n|move|p2a: Veluza|Psycho Cut|p1a: Vaporeon\n|-crit|p1a: Vaporeon\n|-damage|p1a: Vaporeon|0 fnt\n|faint|p1a: Vaporeon\n|\n|upkeep\n|\n|t:|1782781334\n|switch|p1a: Moltres|Moltres-Galar, L79|271/271\n|turn|13\n|\n|t:|1782781341\n|move|p2a: Veluza|Aqua Cutter|p1a: Moltres\n|-damage|p1a: Moltres|34/271\n|-ability|p1a: Moltres|Berserk|boost\n|-boost|p1a: Moltres|spa|1\n|move|p1a: Moltres|Agility|p1a: Moltres\n|-boost|p1a: Moltres|spe|2\n|\n|upkeep\n|turn|14\n|\n|t:|1782781344\n|move|p1a: Moltres|Fiery Wrath|p2a: Veluza\n|-supereffective|p2a: Veluza\n|-damage|p2a: Veluza|0 fnt\n|faint|p2a: Veluza\n|\n|upkeep\n|\n|t:|1782781354\n|switch|p2a: Glastrier|Glastrier, L86|257/311\n|turn|15\n|\n|t:|1782781360\n|move|p1a: Moltres|Fiery Wrath|p2a: Glastrier\n|-damage|p2a: Glastrier|148/311\n|cant|p2a: Glastrier|flinch\n|\n|upkeep\n|turn|16\n|\n|t:|1782781365\n|move|p1a: Moltres|Fiery Wrath|p2a: Glastrier\n|-damage|p2a: Glastrier|37/311\n|move|p2a: Glastrier|Close Combat|p1a: Moltres\n|-damage|p1a: Moltres|0 fnt\n|-unboost|p2a: Glastrier|def|1\n|-unboost|p2a: Glastrier|spd|1\n|faint|p1a: Moltres\n|-ability|p2a: Glastrier|Chilling Neigh|boost\n|-boost|p2a: Glastrier|atk|1\n|\n|upkeep\n|\n|t:|1782781372\n|switch|p1a: Giratina|Giratina, L75|349/349\n|-ability|p1a: Giratina|Pressure\n|turn|17\n|\n|t:|1782781379\n|switch|p2a: Gouging Fire|Gouging Fire, L74|277/277\n|move|p1a: Giratina|Shadow Ball|p2a: Gouging Fire\n|-damage|p2a: Gouging Fire|199/277\n|-unboost|p2a: Gouging Fire|spd|1\n|\n|upkeep\n|turn|18\n|\n|t:|1782781393\n|-end|p2a: Gouging Fire|Protosynthesis|[silent]\n|switch|p2a: Glastrier|Glastrier, L86|37/311\n|move|p1a: Giratina|Dragon Tail|p2a: Glastrier\n|-damage|p2a: Glastrier|0 fnt\n|faint|p2a: Glastrier\n|\n|upkeep\n|\n|t:|1782781403\n|switch|p2a: Gouging Fire|Gouging Fire, L74|199/277\n|turn|19\n|\n|t:|1782781411\n|-terastallize|p1a: Giratina|Fairy\n|move|p2a: Gouging Fire|Outrage|p1a: Giratina\n|-immune|p1a: Giratina\n|move|p1a: Giratina|Dragon Tail|p2a: Gouging Fire\n|-supereffective|p2a: Gouging Fire\n|-damage|p2a: Gouging Fire|113/277\n|-end|p2a: Gouging Fire|Protosynthesis|[silent]\n|drag|p2a: Pelipper|Pelipper, L86, F|68/243\n|-weather|RainDance|[from] ability: Drizzle|[of] p2a: Pelipper\n|\n|-weather|RainDance|[upkeep]\n|upkeep\n|turn|20\n|\n|t:|1782781422\n|move|p1a: Giratina|Shadow Ball|p2a: Pelipper\n|-damage|p2a: Pelipper|0 fnt\n|faint|p2a: Pelipper\n|\n|-weather|RainDance|[upkeep]\n|upkeep\n|-message|aceguy123 forfeited.\n|\n|win|majex\n", "inputlog": ">version f8ac14003a5f27e1bdc8d8c59608a773c1cb96e5\n>start {\"formatid\":\"gen9randombattle\",\"seed\":\"sodium,0a0b8b07facd9ca339cdb4691911f382\",\"rated\":\"Rated battle\"}\n>player p1 {\"name\":\"majex\",\"avatar\":\"265\",\"rating\":2119,\"seed\":\"sodium,5cdf90f116e4dda26c475c057af06535\"}\n>player p2 {\"name\":\"aceguy123\",\"avatar\":\"firebreather\",\"rating\":2093,\"seed\":\"sodium,1d2aa5aae3034bc9e9ede2cb7c6dc473\"}\n>p1 move voltswitch\n>p2 switch 4\n>p1 switch 4\n>p2 move closecombat\n>p1 move shadowball\n>p2 switch 3\n>p1 switch 6\n>p2 move iciclecrash\n>p1 move scald\n>p2 switch 4\n>p1 move scald\n>p2 move trick\n>p1 move scald\n>p2 switch 5\n>p1 move scald\n>p2 move uturn\n>p2 switch 2\n>p1 move scald\n>p2 move filletaway\n>p1 switch 2\n>p2 move psychocut\n>p1 switch 2\n>p2 move aquacutter\n>p1 move scald\n>p2 move psychocut\n>p1 switch 2\n>p1 move agility\n>p2 move aquacutter\n>p1 move fierywrath\n>p2 move aquacutter\n>p2 switch 4\n>p1 move fierywrath\n>p2 move closecombat\n>p1 move fierywrath\n>p2 move closecombat\n>p1 switch 6\n>p1 move shadowball\n>p2 switch 6\n>p1 move dragontail\n>p2 switch 6\n>p2 switch 6\n>p1 move dragontail terastallize\n>p2 move outrage\n>p1 move shadowball\n>p2 move weatherball\n>forcelose p2", "uploadtime": 1782781205, "views": 8, "formatid": "gen9randombattle", "rating": null, "private": 0, "password": null, "player_dets": [{"name": "majex", "avatar": "265", "rating": 2119, "seed": "sodium,5cdf90f116e4dda26c475c057af06535"}, {"name": "aceguy123", "avatar": "firebreather", "rating": 2093, "seed": "sodium,1d2aa5aae3034bc9e9ede2cb7c6dc473"}], "teams_full": [{"Zebstrika": {"name": "Zebstrika", "species": "Zebstrika", "speciesId": "zebstrika", "gender": "M", "shiny": false, "level": 87, "moves": ["supercellslam", "overheat", "voltswitch", "highhorsepower"], "ability": "Sap Sipper", "evs": {"hp": 85, "atk": 85, "def": 85, "spa": 85, "spd": 85, "spe": 85}, "ivs": {"hp": 31, "atk": 31, "def": 31, "spa": 31, "spd": 31, "spe": 31}, "item": "Life Orb", "teraType": "Ground", "role": "Fast Attacker", "bvs": {"hp": 75, "atk": 100, "def": 63, "spa": 80, "spd": 63, "spe": 116}, "stats": {"hp": 272, "atk": 224, "def": 159, "spa": 189, "spd": 159, "spe": 252}, "types": ["Electric"]}, "Moltres": {"name": "Moltres", "species": "Moltres-Galar", "speciesId": "moltresgalar", "gender": "N", "shiny": false, "level": 79, "moves": ["hurricane", "nastyplot", "agility", "fierywrath"], "ability": "Berserk", "evs": {"hp": 81, "atk": 0, "def": 85, "spa": 85, "spd": 85, "spe": 85}, "ivs": {"hp": 31, "atk": 0, "def": 31, "spa": 31, "spd": 31, "spe": 31}, "item": "Weakness Policy", "teraType": "Dark", "role": "Bulky Setup", "bvs": {"hp": 90, "atk": 85, "def": 90, "spa": 100, "spd": 125, "spe": 90}, "stats": {"hp": 271, "atk": 139, "def": 188, "spa": 204, "spd": 243, "spe": 188}, "types": ["Dark", "Flying"]}, "Scovillain": {"name": "Scovillain", "species": "Scovillain", "speciesId": "scovillain", "gender": "F", "shiny": false, "level": 91, "moves": ["substitute", "leechseed", "protect", "flamethrower"], "ability": "Chlorophyll", "evs": {"hp": 85, "atk": 0, "def": 85, "spa": 85, "spd": 85, "spe": 85}, "ivs": {"hp": 31, "atk": 0, "def": 31, "spa": 31, "spd": 31, "spe": 31}, "item": "Leftovers", "teraType": "Steel", "role": "Bulky Attacker", "bvs": {"hp": 65, "atk": 108, "def": 65, "spa": 108, "spd": 65, "spe": 75}, "stats": {"hp": 266, "atk": 201, "def": 170, "spa": 248, "spd": 170, "spe": 188}, "types": ["Grass", "Fire"]}, "Giratina": {"name": "Giratina", "species": "Giratina", "speciesId": "giratina", "gender": "N", "shiny": false, "level": 75, "moves": ["rest", "shadowball", "defog", "dragontail"], "ability": "Pressure", "evs": {"hp": 85, "atk": 85, "def": 85, "spa": 85, "spd": 85, "spe": 85}, "ivs": {"hp": 31, "atk": 31, "def": 31, "spa": 31, "spd": 31, "spe": 31}, "item": "Leftovers", "teraType": "Fairy", "role": "Bulky Support", "bvs": {"hp": 150, "atk": 100, "def": 120, "spa": 100, "spd": 120, "spe": 90}, "stats": {"hp": 349, "atk": 194, "def": 224, "spa": 194, "spd": 224, "spe": 179}, "types": ["Ghost", "Dragon"]}, "Passimian": {"name": "Passimian", "species": "Passimian", "speciesId": "passimian", "gender": "M", "shiny": false, "level": 83, "moves": ["drainpunch", "gunkshot", "bulkup", "knockoff"], "ability": "Defiant", "evs": {"hp": 85, "atk": 85, "def": 85, "spa": 85, "spd": 85, "spe": 85}, "ivs": {"hp": 31, "atk": 31, "def": 31, "spa": 31, "spd": 31, "spe": 31}, "item": "Leftovers", "teraType": "Dark", "role": "Bulky Setup", "bvs": {"hp": 100, "atk": 120, "def": 90, "spa": 40, "spd": 60, "spe": 80}, "stats": {"hp": 302, "atk": 247, "def": 197, "spa": 114, "spd": 147, "spe": 180}, "types": ["Fighting"]}, "Vaporeon": {"name": "Vaporeon", "species": "Vaporeon", "speciesId": "vaporeon", "gender": "F", "shiny": false, "level": 86, "moves": ["wish", "scald", "icebeam", "protect"], "ability": "Water Absorb", "evs": {"hp": 85, "atk": 0, "def": 85, "spa": 85, "spd": 85, "spe": 85}, "ivs": {"hp": 31, "atk": 0, "def": 31, "spa": 31, "spd": 31, "spe": 31}, "item": "Leftovers", "teraType": "Ghost", "role": "Bulky Support", "bvs": {"hp": 130, "atk": 65, "def": 60, "spa": 110, "spd": 95, "spe": 65}, "stats": {"hp": 364, "atk": 116, "def": 152, "spa": 238, "spd": 213, "spe": 161}, "types": ["Water"]}}, {"Gothitelle": {"name": "Gothitelle", "species": "Gothitelle", "speciesId": "gothitelle", "gender": "F", "shiny": false, "level": 90, "moves": ["darkpulse", "focusblast", "trick", "psychic"], "ability": "Shadow Tag", "evs": {"hp": 85, "atk": 0, "def": 85, "spa": 85, "spd": 85, "spe": 85}, "ivs": {"hp": 31, "atk": 0, "def": 31, "spa": 31, "spd": 31, "spe": 31}, "item": "Choice Scarf", "teraType": "Psychic", "role": "Fast Attacker", "bvs": {"hp": 70, "atk": 55, "def": 95, "spa": 95, "spd": 110, "spe": 65}, "stats": {"hp": 272, "atk": 104, "def": 222, "spa": 222, "spd": 249, "spe": 168}, "types": ["Psychic"]}, "Veluza": {"name": "Veluza", "species": "Veluza", "speciesId": "veluza", "gender": "M", "shiny": false, "level": 85, "moves": ["nightslash", "aquacutter", "filletaway", "psychocut"], "ability": "Sharpness", "evs": {"hp": 85, "atk": 85, "def": 85, "spa": 85, "spd": 85, "spe": 85}, "ivs": {"hp": 31, "atk": 31, "def": 31, "spa": 31, "spd": 31, "spe": 31}, "item": "Sitrus Berry", "teraType": "Psychic", "role": "Setup Sweeper", "bvs": {"hp": 90, "atk": 102, "def": 73, "spa": 78, "spd": 65, "spe": 70}, "stats": {"hp": 292, "atk": 222, "def": 173, "spa": 181, "spd": 159, "spe": 168}, "types": ["Water", "Psychic"]}, "Glastrier": {"name": "Glastrier", "species": "Glastrier", "speciesId": "glastrier", "gender": "N", "shiny": false, "level": 86, "moves": ["heavyslam", "iciclecrash", "closecombat", "highhorsepower"], "ability": "Chilling Neigh", "evs": {"hp": 81, "atk": 85, "def": 85, "spa": 85, "spd": 85, "spe": 85}, "ivs": {"hp": 31, "atk": 31, "def": 31, "spa": 31, "spd": 31, "spe": 31}, "item": "Choice Band", "teraType": "Steel", "role": "Bulky Attacker", "bvs": {"hp": 100, "atk": 145, "def": 130, "spa": 65, "spd": 110, "spe": 30}, "stats": {"hp": 311, "atk": 299, "def": 273, "spa": 161, "spd": 238, "spe": 101}, "types": ["Ice"]}, "Great Tusk": {"name": "Great Tusk", "species": "Great Tusk", "speciesId": "greattusk", "gender": "N", "shiny": false, "level": 77, "moves": ["rapidspin", "closecombat", "stoneedge", "headlongrush"], "ability": "Protosynthesis", "evs": {"hp": 85, "atk": 85, "def": 85, "spa": 85, "spd": 85, "spe": 85}, "ivs": {"hp": 31, "atk": 31, "def": 31, "spa": 31, "spd": 31, "spe": 31}, "item": "Assault Vest", "teraType": "Ground", "role": "Bulky Support", "bvs": {"hp": 115, "atk": 131, "def": 131, "spa": 53, "spd": 53, "spe": 87}, "stats": {"hp": 304, "atk": 246, "def": 246, "spa": 126, "spd": 126, "spe": 179}, "types": ["Ground", "Fighting"]}, "Pelipper": {"name": "Pelipper", "species": "Pelipper", "speciesId": "pelipper", "gender": "F", "shiny": false, "level": 86, "moves": ["hydropump", "uturn", "hurricane", "weatherball"], "ability": "Drizzle", "evs": {"hp": 85, "atk": 85, "def": 85, "spa": 85, "spd": 85, "spe": 85}, "ivs": {"hp": 31, "atk": 31, "def": 31, "spa": 31, "spd": 31, "spe": 31}, "item": "Choice Specs", "teraType": "Flying", "role": "Wallbreaker", "bvs": {"hp": 60, "atk": 50, "def": 100, "spa": 95, "spd": 70, "spe": 65}, "stats": {"hp": 243, "atk": 135, "def": 221, "spa": 213, "spd": 170, "spe": 161}, "types": ["Water", "Flying"]}, "Gouging Fire": {"name": "Gouging Fire", "species": "Gouging Fire", "speciesId": "gougingfire", "gender": "N", "shiny": false, "level": 74, "moves": ["dragondance", "heatcrash", "outrage", "earthquake"], "ability": "Protosynthesis", "evs": {"hp": 85, "atk": 85, "def": 85, "spa": 85, "spd": 85, "spe": 85}, "ivs": {"hp": 31, "atk": 31, "def": 31, "spa": 31, "spd": 31, "spe": 31}, "item": "Heavy-Duty Boots", "teraType": "Ground", "role": "Setup Sweeper", "bvs": {"hp": 105, "atk": 115, "def": 121, "spa": 65, "spd": 93, "spe": 91}, "stats": {"hp": 277, "atk": 213, "def": 222, "spa": 139, "spd": 181, "spe": 178}, "types": ["Fire", "Dragon"]}}]}