{"id": "gen9randombattle-2641629542", "format": "[Gen 9] Random Battle", "players": ["DIRTYSPRITE07", "ftaochaphet"], "log": "|j|\u2606DIRTYSPRITE07\n|j|\u2606ftaochaphet\n|t:|1782821661\n|gametype|singles\n|player|p1|DIRTYSPRITE07|volkner|2155\n|player|p2|ftaochaphet|170|2226\n|gen|9\n|tier|[Gen 9] Random Battle\n|rated|\n|rule|Species Clause: Limit one of each Pok\u00e9mon\n|rule|HP Percentage Mod: HP is shown in percentages\n|rule|Sleep Clause Mod: Limit one foe put to sleep\n|rule|Illusion Level Mod: Illusion disguises the Pok\u00e9mon's true level\n|\n|t:|1782821661\n|teamsize|p1|6\n|teamsize|p2|6\n|start\n|switch|p1a: Illumise|Illumise, L91, F|266/266\n|switch|p2a: Mightyena|Mightyena, L96, F|290/290\n|-ability|p2a: Mightyena|Intimidate|boost\n|-unboost|p1a: Illumise|atk|1\n|turn|1\n|inactive|Battle timer is ON: inactive players will automatically lose when time's up. (requested by DIRTYSPRITE07)\n|inactive|ftaochaphet also wants the timer to be on.\n|\n|t:|1782821674\n|switch|p2a: Luxray|Luxray, L88, M|284/284\n|-ability|p2a: Luxray|Intimidate|boost\n|-unboost|p1a: Illumise|atk|1\n|move|p1a: Illumise|Bug Buzz|p2a: Luxray\n|-damage|p2a: Luxray|217/284\n|\n|upkeep\n|turn|2\n|\n|t:|1782821702\n|switch|p1a: Lurantis|Lurantis, L87, F|264/264\n|move|p2a: Luxray|Volt Switch|p1a: Lurantis\n|-resisted|p1a: Lurantis\n|-damage|p1a: Lurantis|225/264\n|\n|t:|1782821711\n|switch|p2a: Scyther|Scyther, L82, M|249/249|[from] Volt Switch\n|\n|-heal|p1a: Lurantis|241/264|[from] item: Leftovers\n|upkeep\n|turn|3\n|\n|t:|1782821720\n|switch|p1a: Noivern|Noivern, L82, F|274/274\n|move|p2a: Scyther|Swords Dance|p2a: Scyther\n|-boost|p2a: Scyther|atk|2\n|\n|upkeep\n|turn|4\n|\n|t:|1782821731\n|switch|p2a: Luxray|Luxray, L88, M|217/284\n|-ability|p2a: Luxray|Intimidate|boost\n|-unboost|p1a: Noivern|atk|1\n|move|p1a: Noivern|U-turn|p2a: Luxray\n|-damage|p2a: Luxray|191/284\n|\n|t:|1782821745\n|switch|p1a: Lurantis|Lurantis, L87, F|241/264|[from] U-turn\n|\n|-heal|p1a: Lurantis|257/264|[from] item: Leftovers\n|upkeep\n|turn|5\n|\n|t:|1782821753\n|move|p2a: Luxray|Volt Switch|p1a: Lurantis\n|-resisted|p1a: Lurantis\n|-damage|p1a: Lurantis|219/264\n|\n|t:|1782821756\n|switch|p2a: Scyther|Scyther, L82, M|249/249|[from] Volt Switch\n|move|p1a: Lurantis|Knock Off|p2a: Scyther\n|-damage|p2a: Scyther|167/249\n|-enditem|p2a: Scyther|Heavy-Duty Boots|[from] move: Knock Off|[of] p1a: Lurantis\n|\n|-heal|p1a: Lurantis|235/264|[from] item: Leftovers\n|upkeep\n|turn|6\n|\n|t:|1782821783\n|switch|p1a: Noivern|Noivern, L82, F|274/274\n|move|p2a: Scyther|Swords Dance|p2a: Scyther\n|-boost|p2a: Scyther|atk|2\n|\n|upkeep\n|turn|7\n|\n|t:|1782821793\n|switch|p2a: Luxray|Luxray, L88, M|191/284\n|-ability|p2a: Luxray|Intimidate|boost\n|-unboost|p1a: Noivern|atk|1\n|move|p1a: Noivern|Draco Meteor|p2a: Luxray\n|-damage|p2a: Luxray|64/284\n|-unboost|p1a: Noivern|spa|2\n|\n|upkeep\n|turn|8\n|\n|t:|1782821801\n|move|p1a: Noivern|Draco Meteor|p2a: Luxray\n|-damage|p2a: Luxray|0 fnt\n|-unboost|p1a: Noivern|spa|2\n|faint|p2a: Luxray\n|\n|upkeep\n|\n|t:|1782821817\n|switch|p2a: Darkrai|Darkrai, L77|234/234\n|turn|9\n|\n|t:|1782821847\n|switch|p1a: Politoed|Politoed, L88, F|302/302\n|-weather|RainDance|[from] ability: Drizzle|[of] p1a: Politoed\n|move|p2a: Darkrai|Nasty Plot|p2a: Darkrai\n|-boost|p2a: Darkrai|spa|2\n|\n|-weather|RainDance|[upkeep]\n|upkeep\n|turn|10\n|inactive|DIRTYSPRITE07 has 120 seconds left.\n|\n|t:|1782821868\n|move|p2a: Darkrai|Dark Pulse|p1a: Politoed\n|-damage|p1a: Politoed|148/302\n|move|p1a: Politoed|Encore|p2a: Darkrai\n|-start|p2a: Darkrai|Encore\n|\n|-weather|RainDance|[upkeep]\n|-heal|p1a: Politoed|166/302|[from] item: Leftovers\n|upkeep\n|turn|11\n|inactive|DIRTYSPRITE07 has 120 seconds left.\n|\n|t:|1782821894\n|move|p2a: Darkrai|Dark Pulse|p1a: Politoed\n|-damage|p1a: Politoed|3/302\n|move|p1a: Politoed|Surf|p2a: Darkrai\n|-damage|p2a: Darkrai|66/234\n|\n|-weather|RainDance|[upkeep]\n|-heal|p2a: Darkrai|80/234|[from] item: Leftovers\n|-heal|p1a: Politoed|21/302|[from] item: Leftovers\n|upkeep\n|turn|12\n|inactive|DIRTYSPRITE07 has 120 seconds left.\n|\n|t:|1782821899\n|move|p2a: Darkrai|Dark Pulse|p1a: Politoed\n|-crit|p1a: Politoed\n|-damage|p1a: Politoed|0 fnt\n|faint|p1a: Politoed\n|\n|-weather|RainDance|[upkeep]\n|-heal|p2a: Darkrai|94/234|[from] item: Leftovers\n|upkeep\n|\n|t:|1782821902\n|switch|p1a: Heracross|Heracross, L80, M|259/259\n|turn|13\n|\n|t:|1782821907\n|move|p2a: Darkrai|Dark Pulse|p1a: Heracross\n|-resisted|p1a: Heracross\n|-damage|p1a: Heracross|166/259\n|move|p1a: Heracross|Trailblaze|p2a: Darkrai\n|-damage|p2a: Darkrai|47/234\n|-boost|p1a: Heracross|spe|1\n|\n|-weather|none\n|-heal|p2a: Darkrai|61/234|[from] item: Leftovers\n|-end|p2a: Darkrai|Encore\n|-status|p1a: Heracross|brn|[from] item: Flame Orb\n|upkeep\n|turn|14\n|\n|t:|1782821925\n|switch|p2a: Armarouge|Armarouge, L80, F|267/267\n|move|p1a: Heracross|Facade|p2a: Armarouge\n|-damage|p2a: Armarouge|95/267\n|-ability|p2a: Armarouge|Weak Armor|boost\n|-unboost|p2a: Armarouge|def|1\n|-boost|p2a: Armarouge|spe|2\n|\n|-damage|p1a: Heracross|150/259 brn|[from] brn\n|upkeep\n|turn|15\n|inactive|DIRTYSPRITE07 has 120 seconds left.\n|\n|t:|1782821959\n|switch|p1a: Cyclizar|Cyclizar, L83, F|252/252\n|move|p2a: Armarouge|Armor Cannon|p1a: Cyclizar\n|-resisted|p1a: Cyclizar\n|-damage|p1a: Cyclizar|167/252\n|-unboost|p2a: Armarouge|def|1\n|-unboost|p2a: Armarouge|spd|1\n|\n|upkeep\n|turn|16\n|inactive|DIRTYSPRITE07 has 120 seconds left.\n|\n|t:|1782821986\n|move|p2a: Armarouge|Meteor Beam||[still]\n|-prepare|p2a: Armarouge|Meteor Beam\n|-boost|p2a: Armarouge|spa|1\n|-enditem|p2a: Armarouge|Power Herb\n|-anim|p2a: Armarouge|Meteor Beam|p1a: Cyclizar\n|-damage|p1a: Cyclizar|0 fnt\n|faint|p1a: Cyclizar\n|\n|upkeep\n|\n|t:|1782822000\n|switch|p1a: Illumise|Illumise, L91, F|266/266\n|turn|17\n|\n|t:|1782822006\n|move|p1a: Illumise|Encore|p2a: Armarouge\n|-start|p2a: Armarouge|Encore\n|move|p2a: Armarouge|Meteor Beam||[still]\n|-prepare|p2a: Armarouge|Meteor Beam\n|-boost|p2a: Armarouge|spa|1\n|\n|upkeep\n|turn|18\n|\n|t:|1782822025\n|switch|p1a: Noivern|Noivern, L82, F|274/274\n|move|p2a: Armarouge|Meteor Beam|p1a: Noivern|[from] lockedmove\n|-supereffective|p1a: Noivern\n|-damage|p1a: Noivern|0 fnt\n|faint|p1a: Noivern\n|\n|upkeep\n|\n|t:|1782822029\n|switch|p1a: Illumise|Illumise, L91, F|266/266\n|turn|19\n|inactive|ftaochaphet has 120 seconds left.\n|\n|t:|1782822066\n|move|p2a: Armarouge|Meteor Beam||[still]\n|-prepare|p2a: Armarouge|Meteor Beam\n|-boost|p2a: Armarouge|spa|1\n|move|p1a: Illumise|Bug Buzz|p2a: Armarouge\n|-damage|p2a: Armarouge|0 fnt\n|faint|p2a: Armarouge\n|\n|upkeep\n|\n|t:|1782822070\n|switch|p2a: Scyther|Scyther, L82, M|167/249\n|turn|20\n|inactive|DIRTYSPRITE07 has 120 seconds left.\n|\n|t:|1782822076\n|move|p1a: Illumise|Thunder Wave|p2a: Scyther\n|-status|p2a: Scyther|par\n|move|p2a: Scyther|Dual Wingbeat|p1a: Illumise\n|-supereffective|p1a: Illumise\n|-damage|p1a: Illumise|138/266\n|-supereffective|p1a: Illumise\n|-damage|p1a: Illumise|0 fnt\n|faint|p1a: Illumise\n|-hitcount|p1: Illumise|2\n|\n|upkeep\n|inactive|DIRTYSPRITE07 has 120 seconds left.\n|\n|t:|1782822098\n|switch|p1a: Heracross|Heracross, L80, M|150/259 brn\n|turn|21\n|\n|t:|1782822109\n|move|p1a: Heracross|Facade|p2a: Scyther\n|-damage|p2a: Scyther|0 fnt\n|faint|p2a: Scyther\n|\n|-damage|p1a: Heracross|134/259 brn|[from] brn\n|upkeep\n|\n|t:|1782822117\n|switch|p2a: Espeon|Espeon, L84, M|246/246\n|turn|22\n|inactive|DIRTYSPRITE07 has 120 seconds left.\n|\n|t:|1782822141\n|move|p2a: Espeon|Psyshock|p1a: Heracross\n|-supereffective|p1a: Heracross\n|-damage|p1a: Heracross|0 fnt\n|faint|p1a: Heracross\n|-damage|p2a: Espeon|222/246|[from] item: Life Orb\n|\n|upkeep\n|\n|t:|1782822144\n|switch|p1a: Lurantis|Lurantis, L87, F|235/264\n|turn|23\n|\n|t:|1782822167\n|-terastallize|p2a: Espeon|Psychic\n|move|p2a: Espeon|Psyshock|p1a: Lurantis\n|-damage|p1a: Lurantis|69/264\n|-damage|p2a: Espeon|198/246|[from] item: Life Orb\n|move|p1a: Lurantis|Superpower|p2a: Espeon\n|-resisted|p2a: Espeon\n|-damage|p2a: Espeon|140/246\n|-boost|p1a: Lurantis|atk|1\n|-boost|p1a: Lurantis|def|1\n|\n|-heal|p1a: Lurantis|85/264|[from] item: Leftovers\n|upkeep\n|turn|24\n|\n|t:|1782822179\n|move|p2a: Espeon|Psyshock|p1a: Lurantis\n|-damage|p1a: Lurantis|0 fnt\n|faint|p1a: Lurantis\n|-damage|p2a: Espeon|116/246|[from] item: Life Orb\n|\n|win|ftaochaphet\n|raw|DIRTYSPRITE07's rating: 2155 &rarr; <strong>2139</strong><br />(-16 for losing)\n|raw|ftaochaphet's rating: 2226 &rarr; <strong>2242</strong><br />(+16 for winning)\n", "inputlog": ">version f8ac14003a5f27e1bdc8d8c59608a773c1cb96e5\n>start {\"formatid\":\"gen9randombattle\",\"seed\":\"sodium,82c31cac7d818bda090bc37fbc97decb\",\"rated\":\"Rated battle\"}\n>player p1 {\"name\":\"DIRTYSPRITE07\",\"avatar\":\"volkner\",\"rating\":2155,\"seed\":\"sodium,2cb319e970614e59f86e0d8683c25508\"}\n>player p2 {\"name\":\"ftaochaphet\",\"avatar\":\"170\",\"rating\":2226,\"seed\":\"sodium,ad61014ebbb210837b54cc600e111378\"}\n>p1 move bugbuzz\n>p2 switch 5\n>p1 switch 4\n>p2 move voltswitch\n>p2 switch 2\n>p1 switch 6\n>p2 move swordsdance\n>p1 move uturn\n>p2 switch 2\n>p1 switch 6\n>p1 move knockoff\n>p2 move voltswitch\n>p2 switch 2\n>p1 switch 6\n>p2 move swordsdance\n>p1 move dracometeor\n>p2 switch 2\n>p1 move dracometeor\n>p2 move voltswitch\n>p2 switch 4\n>p1 switch 5\n>p2 move nastyplot\n>p1 move encore\n>p2 move darkpulse\n>p1 move surf\n>p2 move darkpulse\n>p1 move surf\n>p2 move darkpulse\n>p1 switch 3\n>p1 move trailblaze\n>p2 move darkpulse\n>p1 move facade\n>p2 switch 3\n>p1 switch 2\n>p2 move armorcannon\n>p1 move rapidspin\n>p2 move meteorbeam\n>p1 switch 4\n>p1 move encore\n>p2 move armorcannon\n>p1 switch 5\n>p2 move meteorbeam\n>p1 switch 5\n>p1 move bugbuzz\n>p2 move meteorbeam\n>p2 switch 2\n>p1 move thunderwave\n>p2 move dualwingbeat\n>p1 switch 2\n>p1 move facade\n>p2 move dualwingbeat\n>p2 switch 6\n>p1 move trailblaze\n>p2 move psyshock\n>p1 switch 6\n>p1 move superpower\n>p2 move psyshock terastallize\n>p1 move synthesis\n>p2 move psyshock", "uploadtime": 1782821663, "views": 4, "formatid": "gen9randombattle", "rating": 2139, "private": 0, "password": null, "player_dets": [{"name": "DIRTYSPRITE07", "avatar": "volkner", "rating": 2155, "seed": "sodium,2cb319e970614e59f86e0d8683c25508"}, {"name": "ftaochaphet", "avatar": "170", "rating": 2226, "seed": "sodium,ad61014ebbb210837b54cc600e111378"}], "teams_full": [{"Illumise": {"name": "Illumise", "species": "Illumise", "speciesId": "illumise", "gender": "F", "shiny": false, "level": 91, "moves": ["thunderwave", "encore", "bugbuzz", "roost"], "ability": "Prankster", "evs": {"hp": 85, "atk": 0, "def": 85, "spa": 85, "spd": 85, "spe": 85}, "ivs": {"hp": 31, "atk": 0, "def": 31, "spa": 31, "spd": 31, "spe": 31}, "item": "Heavy-Duty Boots", "teraType": "Water", "role": "Bulky Support", "bvs": {"hp": 65, "atk": 47, "def": 75, "spa": 73, "spd": 85, "spe": 85}, "stats": {"hp": 266, "atk": 90, "def": 188, "spa": 185, "spd": 207, "spe": 207}, "types": ["Bug"]}, "Cyclizar": {"name": "Cyclizar", "species": "Cyclizar", "speciesId": "cyclizar", "gender": "F", "shiny": false, "level": 83, "moves": ["rapidspin", "taunt", "shedtail", "dracometeor"], "ability": "Regenerator", "evs": {"hp": 85, "atk": 85, "def": 85, "spa": 85, "spd": 85, "spe": 85}, "ivs": {"hp": 31, "atk": 31, "def": 31, "spa": 31, "spd": 31, "spe": 31}, "item": "Heavy-Duty Boots", "teraType": "Steel", "role": "Fast Support", "bvs": {"hp": 70, "atk": 95, "def": 65, "spa": 85, "spd": 65, "spe": 121}, "stats": {"hp": 252, "atk": 205, "def": 156, "spa": 189, "spd": 156, "spe": 249}, "types": ["Dragon", "Normal"]}, "Heracross": {"name": "Heracross", "species": "Heracross", "speciesId": "heracross", "gender": "M", "shiny": false, "level": 80, "moves": ["trailblaze", "facade", "closecombat", "knockoff"], "ability": "Guts", "evs": {"hp": 85, "atk": 85, "def": 85, "spa": 85, "spd": 85, "spe": 85}, "ivs": {"hp": 31, "atk": 31, "def": 31, "spa": 31, "spd": 31, "spe": 31}, "item": "Flame Orb", "teraType": "Normal", "role": "Setup Sweeper", "bvs": {"hp": 80, "atk": 125, "def": 75, "spa": 40, "spd": 95, "spe": 85}, "stats": {"hp": 259, "atk": 246, "def": 166, "spa": 110, "spd": 198, "spe": 182}, "types": ["Bug", "Fighting"]}, "Lurantis": {"name": "Lurantis", "species": "Lurantis", "speciesId": "lurantis", "gender": "F", "shiny": false, "level": 87, "moves": ["superpower", "leafstorm", "synthesis", "knockoff"], "ability": "Contrary", "evs": {"hp": 85, "atk": 85, "def": 85, "spa": 85, "spd": 85, "spe": 85}, "ivs": {"hp": 31, "atk": 31, "def": 31, "spa": 31, "spd": 31, "spe": 31}, "item": "Leftovers", "teraType": "Fighting", "role": "Bulky Attacker", "bvs": {"hp": 70, "atk": 105, "def": 90, "spa": 80, "spd": 90, "spe": 45}, "stats": {"hp": 264, "atk": 232, "def": 206, "spa": 189, "spd": 206, "spe": 128}, "types": ["Grass"]}, "Politoed": {"name": "Politoed", "species": "Politoed", "speciesId": "politoed", "gender": "F", "shiny": false, "level": 88, "moves": ["surf", "encore", "hypnosis", "icebeam"], "ability": "Drizzle", "evs": {"hp": 85, "atk": 0, "def": 85, "spa": 85, "spd": 85, "spe": 85}, "ivs": {"hp": 31, "atk": 0, "def": 31, "spa": 31, "spd": 31, "spe": 31}, "item": "Leftovers", "teraType": "Steel", "role": "Bulky Attacker", "bvs": {"hp": 90, "atk": 75, "def": 75, "spa": 90, "spd": 100, "spe": 70}, "stats": {"hp": 302, "atk": 137, "def": 182, "spa": 209, "spd": 226, "spe": 173}, "types": ["Water"]}, "Noivern": {"name": "Noivern", "species": "Noivern", "speciesId": "noivern", "gender": "F", "shiny": false, "level": 82, "moves": ["uturn", "hurricane", "dracometeor", "boomburst"], "ability": "Infiltrator", "evs": {"hp": 85, "atk": 85, "def": 85, "spa": 85, "spd": 85, "spe": 85}, "ivs": {"hp": 31, "atk": 31, "def": 31, "spa": 31, "spd": 31, "spe": 31}, "item": "Choice Specs", "teraType": "Normal", "role": "Fast Attacker", "bvs": {"hp": 85, "atk": 70, "def": 80, "spa": 97, "spd": 80, "spe": 123}, "stats": {"hp": 274, "atk": 162, "def": 178, "spa": 206, "spd": 178, "spe": 249}, "types": ["Flying", "Dragon"]}}, {"Mightyena": {"name": "Mightyena", "species": "Mightyena", "speciesId": "mightyena", "gender": "F", "shiny": false, "level": 96, "moves": ["suckerpunch", "poisonfang", "playrough", "crunch"], "ability": "Intimidate", "evs": {"hp": 85, "atk": 85, "def": 85, "spa": 85, "spd": 85, "spe": 85}, "ivs": {"hp": 31, "atk": 31, "def": 31, "spa": 31, "spd": 31, "spe": 31}, "item": "Choice Band", "teraType": "Poison", "role": "Bulky Attacker", "bvs": {"hp": 70, "atk": 90, "def": 70, "spa": 60, "spd": 60, "spe": 70}, "stats": {"hp": 290, "atk": 227, "def": 189, "spa": 170, "spd": 170, "spe": 189}, "types": ["Dark"]}, "Scyther": {"name": "Scyther", "species": "Scyther", "speciesId": "scyther", "gender": "M", "shiny": false, "level": 82, "moves": ["swordsdance", "bugbite", "dualwingbeat", "closecombat"], "ability": "Technician", "evs": {"hp": 85, "atk": 85, "def": 85, "spa": 85, "spd": 85, "spe": 85}, "ivs": {"hp": 31, "atk": 31, "def": 31, "spa": 31, "spd": 31, "spe": 31}, "item": "Heavy-Duty Boots", "teraType": "Fighting", "role": "Setup Sweeper", "bvs": {"hp": 70, "atk": 110, "def": 80, "spa": 55, "spd": 80, "spe": 105}, "stats": {"hp": 249, "atk": 228, "def": 178, "spa": 137, "spd": 178, "spe": 219}, "types": ["Bug", "Flying"]}, "Armarouge": {"name": "Armarouge", "species": "Armarouge", "speciesId": "armarouge", "gender": "F", "shiny": false, "level": 80, "moves": ["energyball", "psyshock", "armorcannon", "meteorbeam"], "ability": "Weak Armor", "evs": {"hp": 85, "atk": 0, "def": 85, "spa": 85, "spd": 85, "spe": 85}, "ivs": {"hp": 31, "atk": 0, "def": 31, "spa": 31, "spd": 31, "spe": 31}, "item": "Power Herb", "teraType": "Grass", "role": "Setup Sweeper", "bvs": {"hp": 85, "atk": 60, "def": 100, "spa": 125, "spd": 80, "spe": 75}, "stats": {"hp": 267, "atk": 101, "def": 206, "spa": 246, "spd": 174, "spe": 166}, "types": ["Fire", "Psychic"]}, "Darkrai": {"name": "Darkrai", "species": "Darkrai", "speciesId": "darkrai", "gender": "N", "shiny": false, "level": 77, "moves": ["sludgebomb", "nastyplot", "substitute", "darkpulse"], "ability": "Bad Dreams", "evs": {"hp": 85, "atk": 0, "def": 85, "spa": 85, "spd": 85, "spe": 85}, "ivs": {"hp": 31, "atk": 0, "def": 31, "spa": 31, "spd": 31, "spe": 31}, "item": "Leftovers", "teraType": "Poison", "role": "Setup Sweeper", "bvs": {"hp": 70, "atk": 90, "def": 90, "spa": 135, "spd": 90, "spe": 125}, "stats": {"hp": 234, "atk": 143, "def": 183, "spa": 252, "spd": 183, "spe": 237}, "types": ["Dark"]}, "Luxray": {"name": "Luxray", "species": "Luxray", "speciesId": "luxray", "gender": "M", "shiny": false, "level": 88, "moves": ["playrough", "wildcharge", "voltswitch", "throatchop"], "ability": "Intimidate", "evs": {"hp": 85, "atk": 85, "def": 85, "spa": 85, "spd": 85, "spe": 85}, "ivs": {"hp": 31, "atk": 31, "def": 31, "spa": 31, "spd": 31, "spe": 31}, "item": "Assault Vest", "teraType": "Fairy", "role": "AV Pivot", "bvs": {"hp": 80, "atk": 120, "def": 79, "spa": 95, "spd": 79, "spe": 70}, "stats": {"hp": 284, "atk": 261, "def": 189, "spa": 217, "spd": 189, "spe": 173}, "types": ["Electric"]}, "Espeon": {"name": "Espeon", "species": "Espeon", "speciesId": "espeon", "gender": "M", "shiny": false, "level": 84, "moves": ["shadowball", "alluringvoice", "psyshock", "calmmind"], "ability": "Magic Bounce", "evs": {"hp": 85, "atk": 0, "def": 85, "spa": 85, "spd": 85, "spe": 85}, "ivs": {"hp": 31, "atk": 0, "def": 31, "spa": 31, "spd": 31, "spe": 31}, "item": "Life Orb", "teraType": "Psychic", "role": "Fast Attacker", "bvs": {"hp": 65, "atk": 65, "def": 60, "spa": 130, "spd": 95, "spe": 110}, "stats": {"hp": 246, "atk": 114, "def": 149, "spa": 267, "spd": 208, "spe": 233}, "types": ["Psychic"]}}]}