{"id": "gen9randombattle-2641088652", "format": "[Gen 9] Random Battle", "players": ["Takuya30", "Dusk6x3s8"], "log": "|j|\u2606Takuya30\n|j|\u2606Dusk6x3s8\n|t:|1782738779\n|gametype|singles\n|player|p1|Takuya30|ingo|\n|player|p2|Dusk6x3s8|266|\n|gen|9\n|tier|[Gen 9] Random Battle\n|rule|Species Clause: Limit one of each Pok\u00e9mon\n|rule|HP Percentage Mod: HP is shown in percentages\n|rule|Sleep Clause Mod: Limit one foe put to sleep\n|rule|Illusion Level Mod: Illusion disguises the Pok\u00e9mon's true level\n|\n|t:|1782738779\n|teamsize|p1|6\n|teamsize|p2|6\n|start\n|switch|p1a: Scrafty|Scrafty, L83, F|244/244\n|switch|p2a: Metagross|Metagross, L79|256/256\n|turn|1\n|inactive|Battle timer is ON: inactive players will automatically lose when time's up. (requested by Takuya30)\n|\n|t:|1782738794\n|-terastallize|p2a: Metagross|Ground\n|move|p2a: Metagross|Earthquake|p1a: Scrafty\n|-damage|p1a: Scrafty|150/244\n|move|p1a: Scrafty|Knock Off|p2a: Metagross\n|-damage|p2a: Metagross|174/256\n|-enditem|p2a: Metagross|Weakness Policy|[from] move: Knock Off|[of] p1a: Scrafty\n|\n|-heal|p1a: Scrafty|165/244|[from] item: Leftovers\n|upkeep\n|turn|2\n|\n|t:|1782738822\n|move|p2a: Metagross|Psychic Fangs|p1a: Scrafty\n|-immune|p1a: Scrafty\n|move|p1a: Scrafty|Drain Punch|p2a: Metagross\n|-damage|p2a: Metagross|113/256\n|-heal|p1a: Scrafty|196/244|[from] drain|[of] p2a: Metagross\n|\n|-heal|p1a: Scrafty|211/244|[from] item: Leftovers\n|upkeep\n|turn|3\n|\n|t:|1782738834\n|move|p2a: Metagross|Heavy Slam|p1a: Scrafty\n|-damage|p1a: Scrafty|88/244\n|move|p1a: Scrafty|Bulk Up|p1a: Scrafty\n|-boost|p1a: Scrafty|atk|1\n|-boost|p1a: Scrafty|def|1\n|\n|-heal|p1a: Scrafty|103/244|[from] item: Leftovers\n|upkeep\n|turn|4\n|\n|t:|1782738844\n|move|p2a: Metagross|Heavy Slam|p1a: Scrafty\n|-damage|p1a: Scrafty|18/244\n|move|p1a: Scrafty|Drain Punch|p2a: Metagross\n|-crit|p2a: Metagross\n|-damage|p2a: Metagross|0 fnt\n|-heal|p1a: Scrafty|75/244|[from] drain|[of] p2a: Metagross\n|faint|p2a: Metagross\n|\n|-heal|p1a: Scrafty|90/244|[from] item: Leftovers\n|upkeep\n|\n|t:|1782738859\n|switch|p2a: Decidueye|Decidueye-Hisui, L87, F|295/295\n|turn|5\n|\n|t:|1782738868\n|move|p2a: Decidueye|Triple Arrows|p1a: Scrafty\n|-supereffective|p1a: Scrafty\n|-damage|p1a: Scrafty|0 fnt\n|faint|p1a: Scrafty\n|\n|upkeep\n|\n|t:|1782738881\n|switch|p1a: Garchomp|Garchomp, L74, M|282/282\n|turn|6\n|\n|t:|1782738893\n|switch|p2a: Oranguru|Oranguru, L92, F|315/315\n|move|p1a: Garchomp|Swords Dance|p1a: Garchomp\n|-boost|p1a: Garchomp|atk|2\n|\n|upkeep\n|turn|7\n|\n|t:|1782738903\n|move|p1a: Garchomp|Iron Head|p2a: Oranguru\n|-damage|p2a: Oranguru|207/315\n|move|p2a: Oranguru|Psyshock|p1a: Garchomp\n|-damage|p1a: Garchomp|140/282\n|-damage|p2a: Oranguru|176/315|[from] item: Life Orb\n|\n|upkeep\n|turn|8\n|\n|t:|1782738912\n|move|p1a: Garchomp|Scale Shot|p2a: Oranguru\n|-crit|p2a: Oranguru\n|-damage|p2a: Oranguru|94/315\n|-damage|p2a: Oranguru|42/315\n|-damage|p2a: Oranguru|0 fnt\n|faint|p2a: Oranguru\n|-hitcount|p2: Oranguru|3\n|-unboost|p1a: Garchomp|def|1\n|-boost|p1a: Garchomp|spe|1\n|\n|upkeep\n|\n|t:|1782738924\n|switch|p2a: Golurk|Golurk, L87|297/297\n|turn|9\n|\n|t:|1782738933\n|move|p1a: Garchomp|Scale Shot|p2a: Golurk\n|-damage|p2a: Golurk|243/297\n|-crit|p2a: Golurk\n|-damage|p2a: Golurk|165/297\n|-damage|p2a: Golurk|107/297\n|-damage|p2a: Golurk|50/297\n|-damage|p2a: Golurk|0 fnt\n|faint|p2a: Golurk\n|-hitcount|p2: Golurk|5\n|-unboost|p1a: Garchomp|def|1\n|-boost|p1a: Garchomp|spe|1\n|\n|upkeep\n|\n|t:|1782738947\n|switch|p2a: Lycanroc|Lycanroc, L86, F|269/269\n|turn|10\n|\n|t:|1782738955\n|move|p1a: Garchomp|Earthquake|p2a: Lycanroc\n|-supereffective|p2a: Lycanroc\n|-damage|p2a: Lycanroc|0 fnt\n|faint|p2a: Lycanroc\n|\n|upkeep\n|\n|t:|1782738961\n|switch|p2a: Decidueye|Decidueye-Hisui, L87, F|295/295\n|turn|11\n|\n|t:|1782738968\n|move|p1a: Garchomp|Scale Shot|p2a: Decidueye\n|-damage|p2a: Decidueye|238/295\n|-damage|p2a: Decidueye|181/295\n|-damage|p2a: Decidueye|123/295\n|-damage|p2a: Decidueye|66/295\n|-hitcount|p2a: Decidueye|4\n|-unboost|p1a: Garchomp|def|1\n|-boost|p1a: Garchomp|spe|1\n|move|p2a: Decidueye|Triple Arrows|p1a: Garchomp\n|-damage|p1a: Garchomp|0 fnt\n|faint|p1a: Garchomp\n|\n|-heal|p2a: Decidueye|84/295|[from] item: Leftovers\n|upkeep\n|\n|t:|1782738986\n|switch|p1a: Persian|Persian, L92, M|269/269\n|turn|12\n|\n|t:|1782738993\n|move|p1a: Persian|Double-Edge|p2a: Decidueye\n|-damage|p2a: Decidueye|0 fnt\n|faint|p2a: Decidueye\n|-damage|p1a: Persian|241/269|[from] Recoil\n|\n|upkeep\n|\n|t:|1782739000\n|switch|p2a: Ting-Lu|Ting-Lu, L78|370/370\n|-ability|p2a: Ting-Lu|Vessel of Ruin\n|turn|13\n|\n|t:|1782739012\n|switch|p1a: Zamazenta|Zamazenta, L71|248/248\n|-ability|p1a: Zamazenta|Dauntless Shield|boost\n|-boost|p1a: Zamazenta|def|1\n|move|p2a: Ting-Lu|Heavy Slam|p1a: Zamazenta\n|-damage|p1a: Zamazenta|212/248\n|\n|upkeep\n|turn|14\n|\n|t:|1782739022\n|move|p1a: Zamazenta|Close Combat|p2a: Ting-Lu\n|-supereffective|p2a: Ting-Lu\n|-crit|p2a: Ting-Lu\n|-damage|p2a: Ting-Lu|0 fnt\n|-unboost|p1a: Zamazenta|def|1\n|-unboost|p1a: Zamazenta|spd|1\n|faint|p2a: Ting-Lu\n|\n|win|Takuya30\n", "inputlog": ">version f8ac14003a5f27e1bdc8d8c59608a773c1cb96e5\n>start {\"formatid\":\"gen9randombattle\",\"seed\":\"sodium,039593260de982f5c541e2eb89fa5b8f\"}\n>player p1 {\"name\":\"Takuya30\",\"avatar\":\"ingo\",\"rating\":0,\"seed\":\"sodium,6b2a0aa2c50e53ec52cff2162d325e6b\"}\n>player p2 {\"name\":\"Dusk6x3s8\",\"avatar\":\"266\",\"rating\":0,\"seed\":\"sodium,149197107550e06517a81059419b0420\"}\n>p1 move knockoff\n>p2 move earthquake terastallize\n>p1 move drainpunch\n>p2 move psychicfangs\n>p1 move bulkup\n>p2 move heavyslam\n>p1 move drainpunch\n>p2 move heavyslam\n>p2 switch 4\n>p1 move rest\n>p2 move triplearrows\n>p1 switch 4\n>p1 move swordsdance\n>p2 switch 5\n>p1 move ironhead\n>p2 move psyshock\n>p1 move scaleshot\n>p2 move psyshock\n>p2 switch 3\n>p1 move scaleshot\n>p2 move poltergeist\n>p2 switch 6\n>p1 move earthquake\n>p2 move swordsdance\n>p2 switch 5\n>p1 move scaleshot\n>p2 move triplearrows\n>p1 switch 3\n>p1 move doubleedge\n>p2 move triplearrows\n>p2 switch 2\n>p1 switch 5\n>p2 move heavyslam\n>p1 move closecombat\n>p2 move earthquake", "uploadtime": 1782739025, "views": 4, "formatid": "gen9randombattle", "rating": null, "private": 0, "password": null, "player_dets": [{"name": "Takuya30", "avatar": "ingo", "rating": 0, "seed": "sodium,6b2a0aa2c50e53ec52cff2162d325e6b"}, {"name": "Dusk6x3s8", "avatar": "266", "rating": 0, "seed": "sodium,149197107550e06517a81059419b0420"}], "teams_full": [{"Scrafty": {"name": "Scrafty", "species": "Scrafty", "speciesId": "scrafty", "gender": "F", "shiny": false, "level": 83, "moves": ["bulkup", "knockoff", "rest", "drainpunch"], "ability": "Shed Skin", "evs": {"hp": 85, "atk": 85, "def": 85, "spa": 85, "spd": 85, "spe": 85}, "ivs": {"hp": 31, "atk": 31, "def": 31, "spa": 31, "spd": 31, "spe": 31}, "item": "Leftovers", "teraType": "Poison", "role": "Bulky Setup", "bvs": {"hp": 65, "atk": 90, "def": 115, "spa": 45, "spd": 115, "spe": 58}, "stats": {"hp": 244, "atk": 197, "def": 239, "spa": 122, "spd": 239, "spe": 144}, "types": ["Dark", "Fighting"]}, "Bisharp": {"name": "Bisharp", "species": "Bisharp", "speciesId": "bisharp", "gender": "M", "shiny": false, "level": 79, "moves": ["ironhead", "suckerpunch", "swordsdance", "throatchop"], "ability": "Defiant", "evs": {"hp": 85, "atk": 85, "def": 85, "spa": 85, "spd": 85, "spe": 85}, "ivs": {"hp": 31, "atk": 31, "def": 31, "spa": 31, "spd": 31, "spe": 31}, "item": "Eviolite", "teraType": "Ghost", "role": "Bulky Attacker", "bvs": {"hp": 65, "atk": 125, "def": 100, "spa": 60, "spd": 70, "spe": 70}, "stats": {"hp": 232, "atk": 243, "def": 204, "spa": 140, "spd": 156, "spe": 156}, "types": ["Dark", "Steel"]}, "Persian": {"name": "Persian", "species": "Persian", "speciesId": "persian", "gender": "M", "shiny": false, "level": 92, "moves": ["knockoff", "switcheroo", "uturn", "doubleedge"], "ability": "Limber", "evs": {"hp": 85, "atk": 85, "def": 85, "spa": 85, "spd": 85, "spe": 85}, "ivs": {"hp": 31, "atk": 31, "def": 31, "spa": 31, "spd": 31, "spe": 31}, "item": "Choice Band", "teraType": "Ghost", "role": "Wallbreaker", "bvs": {"hp": 65, "atk": 70, "def": 60, "spa": 65, "spd": 65, "spe": 115}, "stats": {"hp": 269, "atk": 181, "def": 163, "spa": 172, "spd": 172, "spe": 264}, "types": ["Normal"]}, "Garchomp": {"name": "Garchomp", "species": "Garchomp", "speciesId": "garchomp", "gender": "M", "shiny": false, "level": 74, "moves": ["swordsdance", "ironhead", "earthquake", "scaleshot"], "ability": "Rough Skin", "evs": {"hp": 85, "atk": 85, "def": 85, "spa": 85, "spd": 85, "spe": 85}, "ivs": {"hp": 31, "atk": 31, "def": 31, "spa": 31, "spd": 31, "spe": 31}, "item": "Loaded Dice", "teraType": "Ground", "role": "Setup Sweeper", "bvs": {"hp": 108, "atk": 130, "def": 95, "spa": 80, "spd": 85, "spe": 102}, "stats": {"hp": 282, "atk": 235, "def": 184, "spa": 161, "spd": 169, "spe": 194}, "types": ["Dragon", "Ground"]}, "Zamazenta": {"name": "Zamazenta", "species": "Zamazenta", "speciesId": "zamazenta", "gender": "N", "shiny": false, "level": 71, "moves": ["psychicfangs", "stoneedge", "closecombat", "ironhead"], "ability": "Dauntless Shield", "evs": {"hp": 85, "atk": 85, "def": 85, "spa": 85, "spd": 85, "spe": 85}, "ivs": {"hp": 31, "atk": 31, "def": 31, "spa": 31, "spd": 31, "spe": 31}, "item": "Choice Band", "teraType": "Steel", "role": "Bulky Attacker", "bvs": {"hp": 92, "atk": 120, "def": 115, "spa": 80, "spd": 115, "spe": 138}, "stats": {"hp": 248, "atk": 212, "def": 205, "spa": 155, "spd": 205, "spe": 237}, "types": ["Fighting"]}, "Inteleon": {"name": "Inteleon", "species": "Inteleon", "speciesId": "inteleon", "gender": "M", "shiny": true, "level": 81, "moves": ["scald", "hydropump", "icebeam", "uturn"], "ability": "Torrent", "evs": {"hp": 85, "atk": 85, "def": 85, "spa": 85, "spd": 85, "spe": 85}, "ivs": {"hp": 31, "atk": 31, "def": 31, "spa": 31, "spd": 31, "spe": 31}, "item": "Choice Specs", "teraType": "Water", "role": "Wallbreaker", "bvs": {"hp": 70, "atk": 85, "def": 65, "spa": 125, "spd": 65, "spe": 120}, "stats": {"hp": 246, "atk": 184, "def": 152, "spa": 249, "spd": 152, "spe": 241}, "types": ["Water"]}}, {"Metagross": {"name": "Metagross", "species": "Metagross", "speciesId": "metagross", "gender": "N", "shiny": false, "level": 79, "moves": ["psychicfangs", "earthquake", "agility", "heavyslam"], "ability": "Clear Body", "evs": {"hp": 85, "atk": 85, "def": 85, "spa": 85, "spd": 85, "spe": 85}, "ivs": {"hp": 31, "atk": 31, "def": 31, "spa": 31, "spd": 31, "spe": 31}, "item": "Weakness Policy", "teraType": "Ground", "role": "Bulky Setup", "bvs": {"hp": 80, "atk": 135, "def": 130, "spa": 95, "spd": 90, "spe": 70}, "stats": {"hp": 256, "atk": 259, "def": 251, "spa": 196, "spd": 188, "spe": 156}, "types": ["Steel", "Psychic"]}, "Ting-Lu": {"name": "Ting-Lu", "species": "Ting-Lu", "speciesId": "tinglu", "gender": "N", "shiny": false, "level": 78, "moves": ["payback", "earthquake", "heavyslam", "spikes"], "ability": "Vessel of Ruin", "evs": {"hp": 85, "atk": 85, "def": 85, "spa": 85, "spd": 85, "spe": 85}, "ivs": {"hp": 31, "atk": 31, "def": 31, "spa": 31, "spd": 31, "spe": 31}, "item": "Leftovers", "teraType": "Poison", "role": "Bulky Attacker", "bvs": {"hp": 155, "atk": 110, "def": 125, "spa": 55, "spd": 80, "spe": 45}, "stats": {"hp": 370, "atk": 217, "def": 240, "spa": 131, "spd": 170, "spe": 115}, "types": ["Dark", "Ground"]}, "Golurk": {"name": "Golurk", "species": "Golurk", "speciesId": "golurk", "gender": "N", "shiny": false, "level": 87, "moves": ["dynamicpunch", "earthquake", "poltergeist", "stoneedge"], "ability": "No Guard", "evs": {"hp": 85, "atk": 85, "def": 85, "spa": 85, "spd": 85, "spe": 85}, "ivs": {"hp": 31, "atk": 31, "def": 31, "spa": 31, "spd": 31, "spe": 31}, "item": "Choice Band", "teraType": "Fighting", "role": "Wallbreaker", "bvs": {"hp": 89, "atk": 124, "def": 80, "spa": 55, "spd": 80, "spe": 55}, "stats": {"hp": 297, "atk": 266, "def": 189, "spa": 145, "spd": 189, "spe": 145}, "types": ["Ground", "Ghost"]}, "Decidueye": {"name": "Decidueye", "species": "Decidueye-Hisui", "speciesId": "decidueyehisui", "gender": "F", "shiny": false, "level": 87, "moves": ["suckerpunch", "roost", "triplearrows", "leafblade"], "ability": "Scrappy", "evs": {"hp": 85, "atk": 85, "def": 85, "spa": 85, "spd": 85, "spe": 85}, "ivs": {"hp": 31, "atk": 31, "def": 31, "spa": 31, "spd": 31, "spe": 31}, "item": "Leftovers", "teraType": "Steel", "role": "Bulky Attacker", "bvs": {"hp": 88, "atk": 112, "def": 80, "spa": 95, "spd": 95, "spe": 60}, "stats": {"hp": 295, "atk": 245, "def": 189, "spa": 215, "spd": 215, "spe": 154}, "types": ["Grass", "Fighting"]}, "Oranguru": {"name": "Oranguru", "species": "Oranguru", "speciesId": "oranguru", "gender": "F", "shiny": false, "level": 92, "moves": ["psyshock", "nastyplot", "hypervoice", "thunderbolt"], "ability": "Inner Focus", "evs": {"hp": 85, "atk": 0, "def": 85, "spa": 85, "spd": 85, "spe": 85}, "ivs": {"hp": 31, "atk": 0, "def": 31, "spa": 31, "spd": 31, "spe": 31}, "item": "Life Orb", "teraType": "Psychic", "role": "Wallbreaker", "bvs": {"hp": 90, "atk": 60, "def": 80, "spa": 90, "spd": 110, "spe": 60}, "stats": {"hp": 315, "atk": 115, "def": 200, "spa": 218, "spd": 255, "spe": 163}, "types": ["Normal", "Psychic"]}, "Lycanroc": {"name": "Lycanroc", "species": "Lycanroc", "speciesId": "lycanroc", "gender": "F", "shiny": false, "level": 86, "moves": ["accelerock", "stoneedge", "swordsdance", "closecombat"], "ability": "Sand Rush", "evs": {"hp": 85, "atk": 85, "def": 85, "spa": 85, "spd": 85, "spe": 85}, "ivs": {"hp": 31, "atk": 31, "def": 31, "spa": 31, "spd": 31, "spe": 31}, "item": "Life Orb", "teraType": "Fighting", "role": "Fast Attacker", "bvs": {"hp": 75, "atk": 115, "def": 65, "spa": 55, "spd": 65, "spe": 112}, "stats": {"hp": 269, "atk": 247, "def": 161, "spa": 144, "spd": 161, "spe": 242}, "types": ["Rock"]}}]}