{"id": "gen9randombattle-2641490701", "format": "[Gen 9] Random Battle", "players": ["alef manga", "zongshi"], "log": "|j|\u2606alef manga\n|j|\u2606zongshi\n|t:|1782793477\n|gametype|singles\n|player|p1|alef manga|iris-gen5bw2|1340\n|player|p2|zongshi|hugh|1351\n|gen|9\n|tier|[Gen 9] Random Battle\n|rated|\n|rule|Species Clause: Limit one of each Pok\u00e9mon\n|rule|HP Percentage Mod: HP is shown in percentages\n|rule|Sleep Clause Mod: Limit one foe put to sleep\n|rule|Illusion Level Mod: Illusion disguises the Pok\u00e9mon's true level\n|\n|t:|1782793477\n|teamsize|p1|6\n|teamsize|p2|6\n|start\n|switch|p1a: Cramorant|Cramorant, L86, M|261/261\n|switch|p2a: Greninja|Greninja, L80, M|246/246\n|turn|1\n|inactive|Battle timer is ON: inactive players will automatically lose when time's up. (requested by zongshi)\n|\n|t:|1782793495\n|switch|p1a: Dedenne|Dedenne, L88, F|261/261\n|move|p2a: Greninja|Grass Knot|p1a: Dedenne\n|-start|p2a: Greninja|typechange|Grass|[from] ability: Protean\n|-damage|p1a: Dedenne|230/261\n|-damage|p2a: Greninja|222/246|[from] item: Life Orb\n|\n|upkeep\n|turn|2\n|\n|t:|1782793524\n|-terastallize|p2a: Greninja|Poison\n|move|p2a: Greninja|Gunk Shot|p1a: Dedenne\n|-supereffective|p1a: Dedenne\n|-damage|p1a: Dedenne|0 fnt\n|faint|p1a: Dedenne\n|-damage|p2a: Greninja|198/246|[from] item: Life Orb\n|\n|upkeep\n|\n|t:|1782793538\n|switch|p1a: Flygon|Flygon, L82, M|265/265\n|turn|3\n|\n|t:|1782793550\n|move|p1a: Flygon|U-turn|p2a: Greninja\n|-resisted|p2a: Greninja\n|-damage|p2a: Greninja|166/246\n|\n|t:|1782793557\n|switch|p1a: Orthworm|Orthworm, L88, M|266/266|[from] U-turn\n|move|p2a: Greninja|U-turn|p1a: Orthworm\n|-resisted|p1a: Orthworm\n|-damage|p1a: Orthworm|249/266\n|-damage|p2a: Greninja|142/246|[from] item: Life Orb\n|\n|t:|1782793563\n|switch|p2a: Mienshao|Mienshao, L83, M|244/244|[from] U-turn\n|\n|-heal|p1a: Orthworm|265/266|[from] item: Leftovers\n|upkeep\n|turn|4\n|\n|t:|1782793569\n|move|p2a: Mienshao|Swords Dance|p2a: Mienshao\n|-boost|p2a: Mienshao|atk|2\n|move|p1a: Orthworm|Spikes|p2a: Mienshao\n|-sidestart|p2: zongshi|Spikes\n|\n|-heal|p1a: Orthworm|266/266|[from] item: Leftovers\n|upkeep\n|turn|5\n|\n|t:|1782793595\n|move|p2a: Mienshao|Close Combat|p1a: Orthworm\n|-supereffective|p1a: Orthworm\n|-damage|p1a: Orthworm|0 fnt\n|-unboost|p2a: Mienshao|def|1\n|-unboost|p2a: Mienshao|spd|1\n|faint|p1a: Orthworm\n|-damage|p2a: Mienshao|220/244|[from] item: Life Orb\n|\n|upkeep\n|\n|t:|1782793598\n|switch|p1a: Flygon|Flygon, L82, M|265/265\n|turn|6\n|inactive|zongshi has 120 seconds left.\n|\n|t:|1782793644\n|switch|p2a: Ribombee|Ribombee, L83, F|235/235\n|move|p1a: Flygon|Outrage|p2a: Ribombee\n|-immune|p2a: Ribombee\n|\n|upkeep\n|turn|7\n|inactive|zongshi has 120 seconds left.\n|\n|t:|1782793656\n|switch|p1a: Tsareena|Tsareena, L87, F|267/267\n|move|p2a: Ribombee|Quiver Dance|p2a: Ribombee\n|-boost|p2a: Ribombee|spa|1\n|-boost|p2a: Ribombee|spd|1\n|-boost|p2a: Ribombee|spe|1\n|\n|upkeep\n|turn|8\n|inactive|zongshi has 120 seconds left.\n|\n|t:|1782793665\n|switch|p1a: Cramorant|Cramorant, L86, M|261/261\n|move|p2a: Ribombee|Bug Buzz|p1a: Cramorant\n|-resisted|p1a: Cramorant\n|-damage|p1a: Cramorant|198/261\n|\n|upkeep\n|turn|9\n|\n|t:|1782793675\n|move|p2a: Ribombee|Moonblast|p1a: Cramorant\n|-damage|p1a: Cramorant|71/261\n|-unboost|p1a: Cramorant|spa|1\n|move|p1a: Cramorant|Brave Bird|p2a: Ribombee\n|-supereffective|p2a: Ribombee\n|-damage|p2a: Ribombee|0 fnt\n|faint|p2a: Ribombee\n|-damage|p1a: Cramorant|0 fnt|[from] Recoil\n|faint|p1a: Cramorant\n|\n|upkeep\n|\n|t:|1782793683\n|switch|p2a: Greninja|Greninja, L80, M, tera:Poison|142/246\n|switch|p1a: Vaporeon|Vaporeon, L86, F|364/364\n|-damage|p2a: Greninja|112/246|[from] Spikes\n|turn|10\n|\n|t:|1782793691\n|move|p2a: Greninja|Grass Knot|p1a: Vaporeon\n|-supereffective|p1a: Vaporeon\n|-damage|p1a: Vaporeon|265/364\n|-damage|p2a: Greninja|88/246|[from] item: Life Orb\n|move|p1a: Vaporeon|Scald|p2a: Greninja\n|-damage|p2a: Greninja|0 fnt\n|faint|p2a: Greninja\n|\n|-heal|p1a: Vaporeon|287/364|[from] item: Leftovers\n|upkeep\n|\n|t:|1782793702\n|switch|p2a: Regigigas|Regigigas, L84|322/322\n|-damage|p2a: Regigigas|282/322|[from] Spikes\n|-start|p2a: Regigigas|ability: Slow Start\n|turn|11\n|\n|t:|1782793711\n|move|p2a: Regigigas|Substitute|p2a: Regigigas\n|-start|p2a: Regigigas|Substitute\n|-damage|p2a: Regigigas|202/322\n|move|p1a: Vaporeon|Roar|p2a: Regigigas\n|drag|p2a: Mienshao|Mienshao, L83, M|244/244\n|-damage|p2a: Mienshao|214/244|[from] Spikes\n|\n|-heal|p1a: Vaporeon|309/364|[from] item: Leftovers\n|upkeep\n|turn|12\n|\n|t:|1782793721\n|move|p2a: Mienshao|Close Combat|p1a: Vaporeon\n|-damage|p1a: Vaporeon|43/364\n|-unboost|p2a: Mienshao|def|1\n|-unboost|p2a: Mienshao|spd|1\n|-damage|p2a: Mienshao|190/244|[from] item: Life Orb\n|move|p1a: Vaporeon|Scald|p2a: Mienshao\n|-damage|p2a: Mienshao|0 fnt\n|faint|p2a: Mienshao\n|\n|-heal|p1a: Vaporeon|65/364|[from] item: Leftovers\n|upkeep\n|\n|t:|1782793732\n|switch|p2a: Latios|Latios, L78, M|253/253\n|turn|13\n|\n|t:|1782793739\n|move|p1a: Vaporeon|Protect|p1a: Vaporeon\n|-singleturn|p1a: Vaporeon|Protect\n|move|p2a: Latios|Luster Purge|p1a: Vaporeon\n|-activate|p1a: Vaporeon|move: Protect\n|\n|-heal|p1a: Vaporeon|87/364|[from] item: Leftovers\n|upkeep\n|turn|14\n|\n|t:|1782793750\n|switch|p1a: Tsareena|Tsareena, L87, F|267/267\n|move|p2a: Latios|Luster Purge|p1a: Tsareena\n|-damage|p1a: Tsareena|146/267\n|-unboost|p1a: Tsareena|spd|1\n|\n|upkeep\n|turn|15\n|\n|t:|1782793759\n|move|p2a: Latios|Draco Meteor|p1a: Tsareena\n|-damage|p1a: Tsareena|0 fnt\n|-unboost|p2a: Latios|spa|2\n|faint|p1a: Tsareena\n|\n|upkeep\n|\n|t:|1782793761\n|switch|p1a: Flygon|Flygon, L82, M|265/265\n|turn|16\n|\n|t:|1782793771\n|switch|p2a: Ninetales|Ninetales, L85, F|263/263\n|-weather|SunnyDay|[from] ability: Drought|[of] p2a: Ninetales\n|move|p1a: Flygon|Outrage|p2a: Ninetales\n|-damage|p2a: Ninetales|134/263\n|\n|-weather|SunnyDay|[upkeep]\n|upkeep\n|turn|17\n|\n|t:|1782793784\n|move|p1a: Flygon|Outrage|p2a: Ninetales|[from] lockedmove\n|-damage|p2a: Ninetales|0 fnt\n|faint|p2a: Ninetales\n|-start|p1a: Flygon|confusion|[fatigue]\n|\n|-weather|SunnyDay|[upkeep]\n|upkeep\n|\n|t:|1782793799\n|switch|p2a: Regigigas|Regigigas, L84|202/322\n|-damage|p2a: Regigigas|162/322|[from] Spikes\n|-start|p2a: Regigigas|ability: Slow Start\n|turn|18\n|\n|t:|1782793806\n|switch|p1a: Vaporeon|Vaporeon, L86, F|87/364\n|move|p2a: Regigigas|Knock Off|p1a: Vaporeon\n|-damage|p1a: Vaporeon|19/364\n|-enditem|p1a: Vaporeon|Leftovers|[from] move: Knock Off|[of] p2a: Regigigas\n|\n|-weather|SunnyDay|[upkeep]\n|-heal|p2a: Regigigas|182/322|[from] item: Leftovers\n|upkeep\n|turn|19\n|\n|t:|1782793816\n|move|p1a: Vaporeon|Protect|p1a: Vaporeon\n|-singleturn|p1a: Vaporeon|Protect\n|move|p2a: Regigigas|Body Slam|p1a: Vaporeon\n|-activate|p1a: Vaporeon|move: Protect\n|\n|-weather|SunnyDay|[upkeep]\n|-heal|p2a: Regigigas|202/322|[from] item: Leftovers\n|upkeep\n|turn|20\n|\n|t:|1782793825\n|move|p1a: Vaporeon|Wish|p1a: Vaporeon\n|move|p2a: Regigigas|Body Slam|p1a: Vaporeon\n|-damage|p1a: Vaporeon|0 fnt\n|faint|p1a: Vaporeon\n|\n|-weather|none\n|-heal|p2a: Regigigas|222/322|[from] item: Leftovers\n|upkeep\n|\n|t:|1782793828\n|switch|p1a: Flygon|Flygon, L82, M|265/265\n|turn|21\n|\n|t:|1782793835\n|move|p2a: Regigigas|Protect|p2a: Regigigas\n|-singleturn|p2a: Regigigas|Protect\n|move|p1a: Flygon|Outrage|p2a: Regigigas\n|-activate|p2a: Regigigas|move: Protect\n|\n|-heal|p2a: Regigigas|242/322|[from] item: Leftovers\n|upkeep\n|turn|22\n|\n|t:|1782793862\n|move|p2a: Regigigas|Protect|p2a: Regigigas\n|-singleturn|p2a: Regigigas|Protect\n|move|p1a: Flygon|Outrage|p2a: Regigigas\n|-activate|p2a: Regigigas|move: Protect\n|\n|-heal|p2a: Regigigas|262/322|[from] item: Leftovers\n|-end|p2a: Regigigas|Slow Start\n|upkeep\n|turn|23\n|\n|t:|1782793874\n|move|p1a: Flygon|Outrage|p2a: Regigigas\n|-damage|p2a: Regigigas|168/322\n|move|p2a: Regigigas|Knock Off|p1a: Flygon\n|-damage|p1a: Flygon|151/265\n|-enditem|p1a: Flygon|Choice Scarf|[from] move: Knock Off|[of] p2a: Regigigas\n|\n|-heal|p2a: Regigigas|188/322|[from] item: Leftovers\n|upkeep\n|turn|24\n|c|\u2606zongshi|gg\n|c|\u2606zongshi|fvv\n|\n|t:|1782793887\n|move|p2a: Regigigas|Body Slam|p1a: Flygon\n|-damage|p1a: Flygon|4/265\n|-status|p1a: Flygon|par\n|move|p1a: Flygon|Outrage|p2a: Regigigas|[from] lockedmove\n|-damage|p2a: Regigigas|85/322\n|\n|-heal|p2a: Regigigas|105/322|[from] item: Leftovers\n|upkeep\n|turn|25\n|c|\u2606alef manga|CHIDORIIIIIIIII\n|\n|t:|1782793897\n|move|p2a: Regigigas|Body Slam|p1a: Flygon\n|-damage|p1a: Flygon|0 fnt\n|faint|p1a: Flygon\n|\n|win|zongshi\n|raw|alef manga's rating: 1340 &rarr; <strong>1321</strong><br />(-19 for losing)\n|raw|zongshi's rating: 1351 &rarr; <strong>1370</strong><br />(+19 for winning)\n|l|\u2606alef manga\n|player|p1|\n", "inputlog": ">version f8ac14003a5f27e1bdc8d8c59608a773c1cb96e5\n>start {\"formatid\":\"gen9randombattle\",\"seed\":\"sodium,8a4b8f4dca75ec14c5d9ca2336f3e32c\",\"rated\":\"Rated battle\"}\n>player p1 {\"name\":\"alef manga\",\"avatar\":\"iris-gen5bw2\",\"rating\":1340,\"seed\":\"sodium,904fa674587f8366128490941d67e276\"}\n>player p2 {\"name\":\"zongshi\",\"avatar\":\"hugh\",\"rating\":1351,\"seed\":\"sodium,30eb3fb69e0d99f468d19a14e202e6be\"}\n>p1 switch 6\n>p2 move grassknot\n>p1 move nuzzle\n>p2 move gunkshot terastallize\n>p1 switch 4\n>p1 move uturn\n>p2 move uturn\n>p1 switch 5\n>p2 switch 2\n>p1 move spikes\n>p2 move swordsdance\n>p1 move bodypress\n>p2 move closecombat\n>p1 switch 5\n>p1 move outrage\n>p2 switch 5\n>p1 switch 3\n>p2 move quiverdance\n>p1 switch 6\n>p2 move bugbuzz\n>p1 move bravebird\n>p2 move moonblast\n>p1 switch 2\n>p2 switch 2\n>p1 move scald\n>p2 move grassknot\n>p2 switch 3\n>p1 move roar\n>p2 move substitute\n>p1 move scald\n>p2 move closecombat\n>p2 switch 6\n>p1 move protect\n>p2 move lusterpurge\n>p1 switch 6\n>p2 move lusterpurge\n>p1 move knockoff\n>p2 move dracometeor\n>p1 switch 3\n>p1 move outrage\n>p2 switch 4\n>p1 move outrage\n>p2 move solarbeam\n>p2 switch 5\n>p1 switch 6\n>p2 move knockoff\n>p1 move protect\n>p2 move bodyslam\n>p1 move wish\n>p2 move bodyslam\n>p1 switch 6\n>p1 move outrage\n>p2 move protect\n>p1 move outrage\n>p2 move protect\n>p1 move outrage\n>p2 move knockoff\n>chat \u2606zongshi|gg\n>chat \u2606zongshi|fvv\n>p1 move outrage\n>p2 move bodyslam\n>chat \u2606alef manga|CHIDORIIIIIIIII\n>p1 move outrage\n>p2 move bodyslam", "uploadtime": 1782793900, "views": 3, "formatid": "gen9randombattle", "rating": 1321, "private": 0, "password": null, "player_dets": [{"name": "alef manga", "avatar": "iris-gen5bw2", "rating": 1340, "seed": "sodium,904fa674587f8366128490941d67e276"}, {"name": "zongshi", "avatar": "hugh", "rating": 1351, "seed": "sodium,30eb3fb69e0d99f468d19a14e202e6be"}], "teams_full": [{"Cramorant": {"name": "Cramorant", "species": "Cramorant", "speciesId": "cramorant", "gender": "M", "shiny": false, "level": 86, "moves": ["surf", "defog", "roost", "bravebird"], "ability": "Gulp Missile", "evs": {"hp": 85, "atk": 85, "def": 85, "spa": 85, "spd": 85, "spe": 85}, "ivs": {"hp": 31, "atk": 31, "def": 31, "spa": 31, "spd": 31, "spe": 31}, "item": "Heavy-Duty Boots", "teraType": "Ground", "role": "Bulky Support", "bvs": {"hp": 70, "atk": 85, "def": 55, "spa": 85, "spd": 95, "spe": 85}, "stats": {"hp": 261, "atk": 195, "def": 144, "spa": 195, "spd": 213, "spe": 195}, "types": ["Flying", "Water"]}, "Vaporeon": {"name": "Vaporeon", "species": "Vaporeon", "speciesId": "vaporeon", "gender": "F", "shiny": false, "level": 86, "moves": ["roar", "scald", "wish", "protect"], "ability": "Water Absorb", "evs": {"hp": 85, "atk": 0, "def": 85, "spa": 85, "spd": 85, "spe": 85}, "ivs": {"hp": 31, "atk": 0, "def": 31, "spa": 31, "spd": 31, "spe": 31}, "item": "Leftovers", "teraType": "Ground", "role": "Bulky Attacker", "bvs": {"hp": 130, "atk": 65, "def": 60, "spa": 110, "spd": 95, "spe": 65}, "stats": {"hp": 364, "atk": 116, "def": 152, "spa": 238, "spd": 213, "spe": 161}, "types": ["Water"]}, "Tsareena": {"name": "Tsareena", "species": "Tsareena", "speciesId": "tsareena", "gender": "F", "shiny": false, "level": 87, "moves": ["highjumpkick", "uturn", "powerwhip", "knockoff"], "ability": "Queenly Majesty", "evs": {"hp": 85, "atk": 85, "def": 85, "spa": 85, "spd": 85, "spe": 85}, "ivs": {"hp": 31, "atk": 31, "def": 31, "spa": 31, "spd": 31, "spe": 31}, "item": "Choice Band", "teraType": "Steel", "role": "Fast Support", "bvs": {"hp": 72, "atk": 120, "def": 98, "spa": 50, "spd": 98, "spe": 72}, "stats": {"hp": 267, "atk": 259, "def": 220, "spa": 137, "spd": 220, "spe": 175}, "types": ["Grass"]}, "Flygon": {"name": "Flygon", "species": "Flygon", "speciesId": "flygon", "gender": "M", "shiny": false, "level": 82, "moves": ["stoneedge", "outrage", "uturn", "earthquake"], "ability": "Levitate", "evs": {"hp": 85, "atk": 85, "def": 85, "spa": 85, "spd": 85, "spe": 85}, "ivs": {"hp": 31, "atk": 31, "def": 31, "spa": 31, "spd": 31, "spe": 31}, "item": "Choice Scarf", "teraType": "Steel", "role": "Fast Attacker", "bvs": {"hp": 80, "atk": 100, "def": 80, "spa": 80, "spd": 80, "spe": 100}, "stats": {"hp": 265, "atk": 211, "def": 178, "spa": 178, "spd": 178, "spe": 211}, "types": ["Ground", "Dragon"]}, "Orthworm": {"name": "Orthworm", "species": "Orthworm", "speciesId": "orthworm", "gender": "M", "shiny": false, "level": 88, "moves": ["shedtail", "spikes", "heavyslam", "bodypress"], "ability": "Earth Eater", "evs": {"hp": 85, "atk": 85, "def": 85, "spa": 85, "spd": 85, "spe": 85}, "ivs": {"hp": 31, "atk": 31, "def": 31, "spa": 31, "spd": 31, "spe": 31}, "item": "Leftovers", "teraType": "Electric", "role": "Bulky Attacker", "bvs": {"hp": 70, "atk": 85, "def": 145, "spa": 60, "spd": 55, "spe": 65}, "stats": {"hp": 266, "atk": 200, "def": 305, "spa": 156, "spd": 147, "spe": 165}, "types": ["Steel"]}, "Dedenne": {"name": "Dedenne", "species": "Dedenne", "speciesId": "dedenne", "gender": "F", "shiny": false, "level": 88, "moves": ["dazzlinggleam", "superfang", "thunderbolt", "nuzzle"], "ability": "Cheek Pouch", "evs": {"hp": 85, "atk": 85, "def": 85, "spa": 85, "spd": 85, "spe": 85}, "ivs": {"hp": 31, "atk": 31, "def": 31, "spa": 31, "spd": 31, "spe": 31}, "item": "Sitrus Berry", "teraType": "Flying", "role": "Fast Support", "bvs": {"hp": 67, "atk": 58, "def": 57, "spa": 81, "spd": 67, "spe": 101}, "stats": {"hp": 261, "atk": 152, "def": 151, "spa": 193, "spd": 168, "spe": 228}, "types": ["Electric", "Fairy"]}}, {"Greninja": {"name": "Greninja", "species": "Greninja", "speciesId": "greninja", "gender": "M", "shiny": false, "level": 80, "moves": ["hydropump", "gunkshot", "grassknot", "uturn"], "ability": "Protean", "evs": {"hp": 85, "atk": 85, "def": 85, "spa": 85, "spd": 85, "spe": 85}, "ivs": {"hp": 31, "atk": 31, "def": 31, "spa": 31, "spd": 31, "spe": 31}, "item": "Life Orb", "teraType": "Poison", "role": "Wallbreaker", "bvs": {"hp": 72, "atk": 95, "def": 67, "spa": 103, "spd": 71, "spe": 122}, "stats": {"hp": 246, "atk": 198, "def": 153, "spa": 211, "spd": 160, "spe": 241}, "types": ["Water", "Dark"]}, "Mienshao": {"name": "Mienshao", "species": "Mienshao", "speciesId": "mienshao", "gender": "M", "shiny": false, "level": 83, "moves": ["swordsdance", "closecombat", "knockoff", "poisonjab"], "ability": "Regenerator", "evs": {"hp": 85, "atk": 85, "def": 85, "spa": 85, "spd": 85, "spe": 85}, "ivs": {"hp": 31, "atk": 31, "def": 31, "spa": 31, "spd": 31, "spe": 31}, "item": "Life Orb", "teraType": "Fighting", "role": "Setup Sweeper", "bvs": {"hp": 65, "atk": 125, "def": 60, "spa": 95, "spd": 60, "spe": 105}, "stats": {"hp": 244, "atk": 255, "def": 147, "spa": 205, "spd": 147, "spe": 222}, "types": ["Fighting"]}, "Regigigas": {"name": "Regigigas", "species": "Regigigas", "speciesId": "regigigas", "gender": "N", "shiny": false, "level": 84, "moves": ["protect", "knockoff", "bodyslam", "substitute"], "ability": "Slow Start", "evs": {"hp": 85, "atk": 85, "def": 85, "spa": 85, "spd": 85, "spe": 85}, "ivs": {"hp": 31, "atk": 31, "def": 31, "spa": 31, "spd": 31, "spe": 31}, "item": "Leftovers", "teraType": "Poison", "role": "Bulky Attacker", "bvs": {"hp": 110, "atk": 160, "def": 110, "spa": 80, "spd": 110, "spe": 100}, "stats": {"hp": 322, "atk": 317, "def": 233, "spa": 183, "spd": 233, "spe": 216}, "types": ["Normal"]}, "Ninetales": {"name": "Ninetales", "species": "Ninetales", "speciesId": "ninetales", "gender": "F", "shiny": false, "level": 85, "moves": ["solarbeam", "fireblast", "nastyplot", "scorchingsands"], "ability": "Drought", "evs": {"hp": 85, "atk": 0, "def": 85, "spa": 85, "spd": 85, "spe": 85}, "ivs": {"hp": 31, "atk": 0, "def": 31, "spa": 31, "spd": 31, "spe": 31}, "item": "Heavy-Duty Boots", "teraType": "Grass", "role": "Setup Sweeper", "bvs": {"hp": 73, "atk": 76, "def": 75, "spa": 81, "spd": 100, "spe": 100}, "stats": {"hp": 263, "atk": 134, "def": 176, "spa": 186, "spd": 219, "spe": 219}, "types": ["Fire"]}, "Ribombee": {"name": "Ribombee", "species": "Ribombee", "speciesId": "ribombee", "gender": "F", "shiny": false, "level": 83, "moves": ["quiverdance", "moonblast", "bugbuzz", "terablast"], "ability": "Shield Dust", "evs": {"hp": 85, "atk": 0, "def": 85, "spa": 85, "spd": 85, "spe": 85}, "ivs": {"hp": 31, "atk": 0, "def": 31, "spa": 31, "spd": 31, "spe": 31}, "item": "Heavy-Duty Boots", "teraType": "Ground", "role": "Tera Blast user", "bvs": {"hp": 60, "atk": 55, "def": 60, "spa": 95, "spd": 70, "spe": 124}, "stats": {"hp": 235, "atk": 96, "def": 147, "spa": 205, "spd": 164, "spe": 254}, "types": ["Bug", "Fairy"]}, "Latios": {"name": "Latios", "species": "Latios", "speciesId": "latios", "gender": "M", "shiny": false, "level": 78, "moves": ["recover", "lusterpurge", "dracometeor", "aurasphere"], "ability": "Levitate", "evs": {"hp": 85, "atk": 0, "def": 85, "spa": 85, "spd": 85, "spe": 85}, "ivs": {"hp": 31, "atk": 0, "def": 31, "spa": 31, "spd": 31, "spe": 31}, "item": "Soul Dew", "teraType": "Fighting", "role": "Bulky Attacker", "bvs": {"hp": 80, "atk": 90, "def": 80, "spa": 130, "spd": 110, "spe": 110}, "stats": {"hp": 253, "atk": 145, "def": 170, "spa": 248, "spd": 217, "spe": 217}, "types": ["Dragon", "Psychic"]}}]}