{"id": "gen9randombattle-2641724947", "format": "[Gen 9] Random Battle", "players": ["RealDereshiHours", "LiggyLiggy"], "log": "|j|\u2606RealDereshiHours\n|j|\u203dLiggyLiggy\n|t:|1782834446\n|gametype|singles\n|player|p1|RealDereshiHours|battlegirl-gen4|1891\n|player|p2|LiggyLiggy|1|1929\n|gen|9\n|tier|[Gen 9] Random Battle\n|rated|\n|rule|Species Clause: Limit one of each Pok\u00e9mon\n|rule|HP Percentage Mod: HP is shown in percentages\n|rule|Sleep Clause Mod: Limit one foe put to sleep\n|rule|Illusion Level Mod: Illusion disguises the Pok\u00e9mon's true level\n|\n|t:|1782834446\n|teamsize|p1|6\n|teamsize|p2|6\n|start\n|switch|p1a: Inteleon|Inteleon, L81, F|246/246\n|switch|p2a: Walking Wake|Walking Wake, L79|286/286\n|turn|1\n|inactive|Battle timer is ON: inactive players will automatically lose when time's up. (requested by LiggyLiggy)\n|\n|t:|1782834459\n|move|p1a: Inteleon|Ice Beam|p2a: Walking Wake\n|-damage|p2a: Walking Wake|173/286\n|move|p2a: Walking Wake|Sunny Day|p2a: Walking Wake\n|-weather|SunnyDay\n|-activate|p2a: Walking Wake|ability: Protosynthesis\n|-start|p2a: Walking Wake|protosynthesisspa\n|\n|-weather|SunnyDay|[upkeep]\n|upkeep\n|turn|2\n|inactive|LiggyLiggy has 120 seconds left.\n|\n|t:|1782834510\n|switch|p1a: Hatterene|Hatterene, L85, F|236/236\n|move|p2a: Walking Wake|Draco Meteor|p1a: Hatterene\n|-immune|p1a: Hatterene\n|\n|-weather|SunnyDay|[upkeep]\n|upkeep\n|turn|3\n|\n|t:|1782834520\n|move|p2a: Walking Wake|Hydro Steam|p1a: Hatterene\n|-damage|p1a: Hatterene|107/236\n|-damage|p2a: Walking Wake|145/286|[from] item: Life Orb\n|move|p1a: Hatterene|Draining Kiss|p2a: Walking Wake\n|-supereffective|p2a: Walking Wake\n|-damage|p2a: Walking Wake|0 fnt\n|-heal|p1a: Hatterene|216/236|[from] drain|[of] p2a: Walking Wake\n|faint|p2a: Walking Wake\n|-end|p2a: Walking Wake|Protosynthesis|[silent]\n|\n|-weather|SunnyDay|[upkeep]\n|upkeep\n|inactive|LiggyLiggy has 90 seconds left.\n|\n|t:|1782834562\n|switch|p2a: Cobalion|Cobalion, L80|277/277\n|turn|4\n|\n|t:|1782834576\n|switch|p1a: Electivire|Electivire, L84, F|263/263\n|move|p2a: Cobalion|Iron Head|p1a: Electivire\n|-resisted|p1a: Electivire\n|-damage|p1a: Electivire|218/263\n|\n|-weather|SunnyDay|[upkeep]\n|upkeep\n|turn|5\n|inactive|LiggyLiggy has 90 seconds left.\n|inactive|LiggyLiggy has 60 seconds left.\n|inactive|LiggyLiggy has 30 seconds left.\n|inactive|LiggyLiggy has 20 seconds left.\n|inactive|LiggyLiggy has 15 seconds left.\n|inactive|LiggyLiggy has 10 seconds left.\n|inactive|LiggyLiggy has 5 seconds left.\n|-message|LiggyLiggy lost due to inactivity.\n|\n|win|RealDereshiHours\n|raw|RealDereshiHours's rating: 1891 &rarr; <strong>1914</strong><br />(+23 for winning)\n|raw|LiggyLiggy's rating: 1949 &rarr; <strong>1926</strong><br />(-23 for losing)\n", "inputlog": ">version f8ac14003a5f27e1bdc8d8c59608a773c1cb96e5\n>start {\"formatid\":\"gen9randombattle\",\"seed\":\"sodium,3642edf68f1df8eb031763dbaccc8f8a\",\"rated\":\"Rated battle\"}\n>player p1 {\"name\":\"RealDereshiHours\",\"avatar\":\"battlegirl-gen4\",\"rating\":1891,\"seed\":\"sodium,1dbadc345cdc6aa511d9c480ff89636d\"}\n>player p2 {\"name\":\"LiggyLiggy\",\"avatar\":\"1\",\"rating\":1929,\"seed\":\"sodium,38a82465a9d7a084b380aa93c9cc336e\"}\n>p1 move icebeam\n>p2 move sunnyday\n>p1 switch 3\n>p2 move dracometeor\n>p1 move drainingkiss\n>p2 move hydrosteam\n>p2 switch 4\n>p1 switch 2\n>p2 move ironhead\n>forcelose p2", "uploadtime": 1782834671, "views": 8, "formatid": "gen9randombattle", "rating": 1914, "private": 0, "password": null, "player_dets": [{"name": "RealDereshiHours", "avatar": "battlegirl-gen4", "rating": 1891, "seed": "sodium,1dbadc345cdc6aa511d9c480ff89636d"}, {"name": "LiggyLiggy", "avatar": "1", "rating": 1929, "seed": "sodium,38a82465a9d7a084b380aa93c9cc336e"}], "teams_full": [{"Inteleon": {"name": "Inteleon", "species": "Inteleon", "speciesId": "inteleon", "gender": "F", "shiny": false, "level": 81, "moves": ["hydropump", "scald", "uturn", "icebeam"], "ability": "Torrent", "evs": {"hp": 85, "atk": 85, "def": 85, "spa": 85, "spd": 85, "spe": 85}, "ivs": {"hp": 31, "atk": 31, "def": 31, "spa": 31, "spd": 31, "spe": 31}, "item": "Choice Specs", "teraType": "Water", "role": "Wallbreaker", "bvs": {"hp": 70, "atk": 85, "def": 65, "spa": 125, "spd": 65, "spe": 120}, "stats": {"hp": 246, "atk": 184, "def": 152, "spa": 249, "spd": 152, "spe": 241}, "types": ["Water"]}, "Electivire": {"name": "Electivire", "species": "Electivire", "speciesId": "electivire", "gender": "F", "shiny": false, "level": 84, "moves": ["supercellslam", "knockoff", "earthquake", "flamethrower"], "ability": "Motor Drive", "evs": {"hp": 85, "atk": 85, "def": 85, "spa": 85, "spd": 85, "spe": 85}, "ivs": {"hp": 31, "atk": 31, "def": 31, "spa": 31, "spd": 31, "spe": 31}, "item": "Life Orb", "teraType": "Dark", "role": "Fast Attacker", "bvs": {"hp": 75, "atk": 123, "def": 67, "spa": 95, "spd": 85, "spe": 95}, "stats": {"hp": 263, "atk": 255, "def": 161, "spa": 208, "spd": 191, "spe": 208}, "types": ["Electric"]}, "Hatterene": {"name": "Hatterene", "species": "Hatterene", "speciesId": "hatterene", "gender": "F", "shiny": false, "level": 85, "moves": ["nuzzle", "mysticalfire", "psychicnoise", "drainingkiss"], "ability": "Magic Bounce", "evs": {"hp": 85, "atk": 85, "def": 85, "spa": 85, "spd": 85, "spe": 85}, "ivs": {"hp": 31, "atk": 31, "def": 31, "spa": 31, "spd": 31, "spe": 31}, "item": "Assault Vest", "teraType": "Fairy", "role": "AV Pivot", "bvs": {"hp": 57, "atk": 90, "def": 95, "spa": 136, "spd": 103, "spe": 29}, "stats": {"hp": 236, "atk": 202, "def": 210, "spa": 280, "spd": 224, "spe": 98}, "types": ["Psychic", "Fairy"]}, "Darkrai": {"name": "Darkrai", "species": "Darkrai", "speciesId": "darkrai", "gender": "N", "shiny": false, "level": 77, "moves": ["substitute", "nastyplot", "sludgebomb", "darkpulse"], "ability": "Bad Dreams", "evs": {"hp": 85, "atk": 0, "def": 85, "spa": 85, "spd": 85, "spe": 85}, "ivs": {"hp": 31, "atk": 0, "def": 31, "spa": 31, "spd": 31, "spe": 31}, "item": "Leftovers", "teraType": "Poison", "role": "Setup Sweeper", "bvs": {"hp": 70, "atk": 90, "def": 90, "spa": 135, "spd": 90, "spe": 125}, "stats": {"hp": 234, "atk": 143, "def": 183, "spa": 252, "spd": 183, "spe": 237}, "types": ["Dark"]}, "Bastiodon": {"name": "Bastiodon", "species": "Bastiodon", "speciesId": "bastiodon", "gender": "F", "shiny": false, "level": 89, "moves": ["irondefense", "foulplay", "bodypress", "rest"], "ability": "Soundproof", "evs": {"hp": 85, "atk": 0, "def": 85, "spa": 85, "spd": 85, "spe": 85}, "ivs": {"hp": 31, "atk": 0, "def": 31, "spa": 31, "spd": 31, "spe": 31}, "item": "Chesto Berry", "teraType": "Fighting", "role": "Bulky Setup", "bvs": {"hp": 60, "atk": 52, "def": 168, "spa": 47, "spd": 138, "spe": 30}, "stats": {"hp": 252, "atk": 97, "def": 350, "spa": 134, "spd": 296, "spe": 104}, "types": ["Rock", "Steel"]}, "Sylveon": {"name": "Sylveon", "species": "Sylveon", "speciesId": "sylveon", "gender": "M", "shiny": false, "level": 85, "moves": ["hypervoice", "protect", "wish", "calmmind"], "ability": "Pixilate", "evs": {"hp": 85, "atk": 0, "def": 85, "spa": 85, "spd": 85, "spe": 85}, "ivs": {"hp": 31, "atk": 0, "def": 31, "spa": 31, "spd": 31, "spe": 31}, "item": "Leftovers", "teraType": "Steel", "role": "Bulky Setup", "bvs": {"hp": 95, "atk": 65, "def": 65, "spa": 110, "spd": 130, "spe": 60}, "stats": {"hp": 300, "atk": 115, "def": 159, "spa": 236, "spd": 270, "spe": 151}, "types": ["Fairy"]}}, {"Walking Wake": {"name": "Walking Wake", "species": "Walking Wake", "speciesId": "walkingwake", "gender": "N", "shiny": false, "level": 79, "moves": ["dracometeor", "sunnyday", "flamethrower", "hydrosteam"], "ability": "Protosynthesis", "evs": {"hp": 85, "atk": 0, "def": 85, "spa": 85, "spd": 85, "spe": 85}, "ivs": {"hp": 31, "atk": 0, "def": 31, "spa": 31, "spd": 31, "spe": 31}, "item": "Life Orb", "teraType": "Fire", "role": "Fast Attacker", "bvs": {"hp": 99, "atk": 83, "def": 91, "spa": 125, "spd": 83, "spe": 109}, "stats": {"hp": 286, "atk": 136, "def": 189, "spa": 243, "spd": 177, "spe": 218}, "types": ["Water", "Dragon"]}, "Scrafty": {"name": "Scrafty", "species": "Scrafty", "speciesId": "scrafty", "gender": "M", "shiny": false, "level": 83, "moves": ["drainpunch", "bulkup", "rest", "knockoff"], "ability": "Shed Skin", "evs": {"hp": 85, "atk": 85, "def": 85, "spa": 85, "spd": 85, "spe": 85}, "ivs": {"hp": 31, "atk": 31, "def": 31, "spa": 31, "spd": 31, "spe": 31}, "item": "Leftovers", "teraType": "Poison", "role": "Bulky Setup", "bvs": {"hp": 65, "atk": 90, "def": 115, "spa": 45, "spd": 115, "spe": 58}, "stats": {"hp": 244, "atk": 197, "def": 239, "spa": 122, "spd": 239, "spe": 144}, "types": ["Dark", "Fighting"]}, "Gardevoir": {"name": "Gardevoir", "species": "Gardevoir", "speciesId": "gardevoir", "gender": "F", "shiny": false, "level": 83, "moves": ["moonblast", "psychic", "focusblast", "calmmind"], "ability": "Trace", "evs": {"hp": 85, "atk": 0, "def": 85, "spa": 85, "spd": 85, "spe": 85}, "ivs": {"hp": 31, "atk": 0, "def": 31, "spa": 31, "spd": 31, "spe": 31}, "item": "Life Orb", "teraType": "Fairy", "role": "Fast Attacker", "bvs": {"hp": 68, "atk": 65, "def": 65, "spa": 125, "spd": 115, "spe": 80}, "stats": {"hp": 249, "atk": 112, "def": 156, "spa": 255, "spd": 239, "spe": 180}, "types": ["Psychic", "Fairy"]}, "Cobalion": {"name": "Cobalion", "species": "Cobalion", "speciesId": "cobalion", "gender": "N", "shiny": false, "level": 80, "moves": ["stealthrock", "bodypress", "ironhead", "voltswitch"], "ability": "Justified", "evs": {"hp": 85, "atk": 85, "def": 85, "spa": 85, "spd": 85, "spe": 85}, "ivs": {"hp": 31, "atk": 31, "def": 31, "spa": 31, "spd": 31, "spe": 31}, "item": "Leftovers", "teraType": "Ghost", "role": "Bulky Support", "bvs": {"hp": 91, "atk": 90, "def": 129, "spa": 90, "spd": 72, "spe": 108}, "stats": {"hp": 277, "atk": 190, "def": 253, "spa": 190, "spd": 161, "spe": 219}, "types": ["Steel", "Fighting"]}, "Ludicolo": {"name": "Ludicolo", "species": "Ludicolo", "speciesId": "ludicolo", "gender": "F", "shiny": false, "level": 90, "moves": ["gigadrain", "leafstorm", "hydropump", "icebeam"], "ability": "Swift Swim", "evs": {"hp": 85, "atk": 0, "def": 85, "spa": 85, "spd": 85, "spe": 85}, "ivs": {"hp": 31, "atk": 0, "def": 31, "spa": 31, "spd": 31, "spe": 31}, "item": "Choice Specs", "teraType": "Grass", "role": "Fast Attacker", "bvs": {"hp": 80, "atk": 70, "def": 70, "spa": 90, "spd": 100, "spe": 70}, "stats": {"hp": 290, "atk": 131, "def": 177, "spa": 213, "spd": 231, "spe": 177}, "types": ["Water", "Grass"]}, "Porygon2": {"name": "Porygon2", "species": "Porygon2", "speciesId": "porygon2", "gender": "N", "shiny": false, "level": 81, "moves": ["discharge", "icebeam", "triattack", "recover"], "ability": "Download", "evs": {"hp": 85, "atk": 0, "def": 85, "spa": 85, "spd": 85, "spe": 85}, "ivs": {"hp": 31, "atk": 0, "def": 31, "spa": 31, "spd": 31, "spe": 31}, "item": "Eviolite", "teraType": "Electric", "role": "Bulky Support", "bvs": {"hp": 85, "atk": 80, "def": 90, "spa": 105, "spd": 95, "spe": 60}, "stats": {"hp": 270, "atk": 134, "def": 192, "spa": 217, "spd": 201, "spe": 144}, "types": ["Normal"]}}]}