{"id": "gen9randombattle-2641506317", "format": "[Gen 9] Random Battle", "players": ["oliverorchard", "itztrip"], "log": "|badge|p2|bronze|gen9ubers|100-9\n|uhtml|medal-msg|<div class=\"broadcast-blue\">Curious what those medals under the avatar are? PS now has Ladder Seasons! For more information, check out the <a href=\"https://www.smogon.com/forums/threads/3740067/\">thread on Smogon.</a></div>\n|j|\u2606oliverorchard\n|j|\u2606itztrip\n|t:|1782796593\n|gametype|singles\n|player|p1|oliverorchard|102|1914\n|player|p2|itztrip|proton|1961\n|gen|9\n|tier|[Gen 9] Random Battle\n|rated|\n|rule|Species Clause: Limit one of each Pok\u00e9mon\n|rule|HP Percentage Mod: HP is shown in percentages\n|rule|Sleep Clause Mod: Limit one foe put to sleep\n|rule|Illusion Level Mod: Illusion disguises the Pok\u00e9mon's true level\n|\n|t:|1782796593\n|teamsize|p1|6\n|teamsize|p2|6\n|start\n|switch|p1a: Typhlosion|Typhlosion-Hisui, L83, F|257/257\n|switch|p2a: Weavile|Weavile, L79, M|240/240\n|turn|1\n|inactive|Battle timer is ON: inactive players will automatically lose when time's up. (requested by itztrip)\n|\n|t:|1782796601\n|switch|p2a: Magmortar|Magmortar, L88, F|275/275\n|move|p1a: Typhlosion|Eruption|p2a: Magmortar\n|-resisted|p2a: Magmortar\n|-damage|p2a: Magmortar|196/275\n|\n|upkeep\n|turn|2\n|\n|t:|1782796613\n|switch|p1a: Raging Bolt|Raging Bolt, L78|323/323\n|move|p2a: Magmortar|Scorching Sands|p1a: Raging Bolt\n|-supereffective|p1a: Raging Bolt\n|-crit|p1a: Raging Bolt\n|-damage|p1a: Raging Bolt|101/323\n|\n|-heal|p1a: Raging Bolt|121/323|[from] item: Leftovers\n|upkeep\n|turn|3\n|c|\u2606oliverorchard|that's shit\n|\n|t:|1782796637\n|-end|p1a: Raging Bolt|Protosynthesis|[silent]\n|switch|p1a: Samurott|Samurott, L88, M|310/310\n|move|p2a: Magmortar|Scorching Sands|p1a: Samurott\n|-damage|p1a: Samurott|240/310\n|\n|upkeep\n|turn|4\n|\n|t:|1782796645\n|switch|p2a: Dudunsparce|Dudunsparce, L83, M|343/343\n|move|p1a: Samurott|Liquidation|p2a: Dudunsparce\n|-damage|p2a: Dudunsparce|187/343\n|-unboost|p2a: Dudunsparce|def|1\n|-damage|p1a: Samurott|209/310|[from] item: Life Orb\n|\n|-heal|p2a: Dudunsparce|208/343|[from] item: Leftovers\n|upkeep\n|turn|5\n|\n|t:|1782796655\n|move|p1a: Samurott|Liquidation|p2a: Dudunsparce\n|-damage|p2a: Dudunsparce|0 fnt\n|faint|p2a: Dudunsparce\n|-damage|p1a: Samurott|178/310|[from] item: Life Orb\n|\n|upkeep\n|\n|t:|1782796658\n|switch|p2a: Weavile|Weavile, L79, M|240/240\n|turn|6\n|\n|t:|1782796664\n|move|p2a: Weavile|Knock Off|p1a: Samurott\n|-damage|p1a: Samurott|79/310\n|-enditem|p1a: Samurott|Life Orb|[from] move: Knock Off|[of] p2a: Weavile\n|move|p1a: Samurott|Liquidation|p2a: Weavile\n|-damage|p2a: Weavile|47/240\n|-unboost|p2a: Weavile|def|1\n|\n|upkeep\n|turn|7\n|\n|t:|1782796673\n|move|p2a: Weavile|Knock Off|p1a: Samurott\n|-damage|p1a: Samurott|7/310\n|move|p1a: Samurott|Knock Off|p2a: Weavile\n|-resisted|p2a: Weavile\n|-damage|p2a: Weavile|0 fnt\n|-enditem|p2a: Weavile|Heavy-Duty Boots|[from] move: Knock Off|[of] p1a: Samurott\n|faint|p2a: Weavile\n|\n|upkeep\n|\n|t:|1782796677\n|switch|p2a: Excadrill|Excadrill, L79, M|303/303\n|-ability|p2a: Excadrill|Mold Breaker\n|turn|8\n|\n|t:|1782796687\n|move|p2a: Excadrill|Earthquake|p1a: Samurott\n|-damage|p1a: Samurott|0 fnt\n|faint|p1a: Samurott\n|\n|upkeep\n|\n|t:|1782796699\n|switch|p1a: Toxicroak|Toxicroak, L84, F|277/277\n|turn|9\n|\n|t:|1782796705\n|switch|p2a: Noctowl|Noctowl, L95, M|344/344\n|move|p1a: Toxicroak|Close Combat|p2a: Noctowl\n|-damage|p2a: Noctowl|101/344\n|-unboost|p1a: Toxicroak|def|1\n|-unboost|p1a: Toxicroak|spd|1\n|-damage|p1a: Toxicroak|250/277|[from] item: Life Orb\n|\n|upkeep\n|turn|10\n|\n|t:|1782796714\n|move|p1a: Toxicroak|Close Combat|p2a: Noctowl\n|-damage|p2a: Noctowl|0 fnt\n|-unboost|p1a: Toxicroak|def|1\n|-unboost|p1a: Toxicroak|spd|1\n|faint|p2a: Noctowl\n|-damage|p1a: Toxicroak|223/277|[from] item: Life Orb\n|\n|upkeep\n|\n|t:|1782796717\n|switch|p2a: Magmortar|Magmortar, L88, F|196/275\n|turn|11\n|\n|t:|1782796724\n|switch|p1a: Mewtwo|Mewtwo, L72|272/272\n|-ability|p1a: Mewtwo|Pressure\n|move|p2a: Magmortar|Scorching Sands|p1a: Mewtwo\n|-damage|p1a: Mewtwo|189/272\n|-status|p1a: Mewtwo|brn\n|\n|-damage|p1a: Mewtwo|172/272 brn|[from] brn\n|upkeep\n|turn|12\n|\n|t:|1782796733\n|move|p1a: Mewtwo|Psystrike|p2a: Magmortar\n|-crit|p2a: Magmortar\n|-damage|p2a: Magmortar|0 fnt\n|faint|p2a: Magmortar\n|-damage|p1a: Mewtwo|145/272 brn|[from] item: Life Orb\n|\n|-damage|p1a: Mewtwo|128/272 brn|[from] brn\n|upkeep\n|\n|t:|1782796737\n|switch|p2a: Plusle|Plusle, L95, M|268/268\n|turn|13\n|c|\u2606oliverorchard|sorry\n|\n|t:|1782796745\n|move|p2a: Plusle|Thunderbolt|p1a: Mewtwo\n|-damage|p1a: Mewtwo|0 fnt\n|faint|p1a: Mewtwo\n|-damage|p2a: Plusle|242/268|[from] item: Life Orb\n|\n|upkeep\n|\n|t:|1782796755\n|switch|p1a: Leafeon|Leafeon, L88, M|258/258\n|turn|14\n|\n|t:|1782796759\n|move|p2a: Plusle|Nasty Plot|p2a: Plusle\n|-boost|p2a: Plusle|spa|2\n|move|p1a: Leafeon|Leaf Blade|p2a: Plusle\n|-damage|p2a: Plusle|0 fnt\n|faint|p2a: Plusle\n|-damage|p1a: Leafeon|233/258|[from] item: Life Orb\n|\n|upkeep\n|\n|t:|1782796761\n|switch|p2a: Excadrill|Excadrill, L79, M|303/303\n|-ability|p2a: Excadrill|Mold Breaker\n|turn|15\n|\n|t:|1782796770\n|switch|p1a: Typhlosion|Typhlosion-Hisui, L83, F|257/257\n|-terastallize|p2a: Excadrill|Grass\n|move|p2a: Excadrill|Rapid Spin|p1a: Typhlosion\n|-immune|p1a: Typhlosion\n|\n|upkeep\n|turn|16\n|-message|itztrip forfeited.\n|\n|win|oliverorchard\n", "inputlog": ">version f8ac14003a5f27e1bdc8d8c59608a773c1cb96e5\n>start {\"formatid\":\"gen9randombattle\",\"seed\":\"sodium,f8cf01aa1b24644332cdda5e43c5b300\",\"rated\":\"Rated battle\"}\n>player p1 {\"name\":\"oliverorchard\",\"avatar\":\"102\",\"rating\":1914,\"seed\":\"sodium,4183fabc385d50a7d9eb640ef173c674\"}\n>player p2 {\"name\":\"itztrip\",\"avatar\":\"proton\",\"rating\":1961,\"seed\":\"sodium,2acc40ec0051bcbeb71108e2e6a460ea\"}\n>p1 move eruption\n>p2 switch 5\n>p1 switch 4\n>p2 move scorchingsands\n>chat \u2606oliverorchard|that's shit\n>p1 switch 2\n>p2 move scorchingsands\n>p1 move liquidation\n>p2 switch 4\n>p1 move liquidation\n>p2 move toxic\n>p2 switch 5\n>p1 move liquidation\n>p2 move knockoff\n>p1 move knockoff\n>p2 move knockoff\n>p2 switch 3\n>p1 move liquidation\n>p2 move earthquake\n>p1 switch 3\n>p1 move closecombat\n>p2 switch 6\n>p1 move closecombat\n>p2 move hurricane\n>p2 switch 4\n>p1 switch 5\n>p2 move scorchingsands\n>p1 move psystrike\n>p2 move fireblast\n>p2 switch 2\n>chat \u2606oliverorchard|sorry\n>p1 move psystrike\n>p2 move thunderbolt\n>p1 switch 6\n>p1 move leafblade\n>p2 move nastyplot\n>p2 switch 6\n>p1 switch 4\n>p2 move rapidspin terastallize\n>forcelose p2", "uploadtime": 1782796595, "views": 3, "formatid": "gen9randombattle", "rating": null, "private": 0, "password": null, "player_dets": [{"name": "oliverorchard", "avatar": "102", "rating": 1914, "seed": "sodium,4183fabc385d50a7d9eb640ef173c674"}, {"name": "itztrip", "avatar": "proton", "rating": 1961, "seed": "sodium,2acc40ec0051bcbeb71108e2e6a460ea"}], "teams_full": [{"Typhlosion": {"name": "Typhlosion", "species": "Typhlosion-Hisui", "speciesId": "typhlosionhisui", "gender": "F", "shiny": false, "level": 83, "moves": ["focusblast", "shadowball", "eruption", "fireblast"], "ability": "Blaze", "evs": {"hp": 85, "atk": 0, "def": 85, "spa": 85, "spd": 85, "spe": 85}, "ivs": {"hp": 31, "atk": 0, "def": 31, "spa": 31, "spd": 31, "spe": 31}, "item": "Choice Scarf", "teraType": "Fire", "role": "Fast Attacker", "bvs": {"hp": 73, "atk": 84, "def": 78, "spa": 119, "spd": 85, "spe": 95}, "stats": {"hp": 257, "atk": 144, "def": 177, "spa": 245, "spd": 189, "spe": 205}, "types": ["Fire", "Ghost"]}, "Samurott": {"name": "Samurott", "species": "Samurott", "speciesId": "samurott", "gender": "M", "shiny": false, "level": 88, "moves": ["knockoff", "swordsdance", "liquidation", "megahorn"], "ability": "Torrent", "evs": {"hp": 85, "atk": 85, "def": 85, "spa": 85, "spd": 85, "spe": 85}, "ivs": {"hp": 31, "atk": 31, "def": 31, "spa": 31, "spd": 31, "spe": 31}, "item": "Life Orb", "teraType": "Dark", "role": "Setup Sweeper", "bvs": {"hp": 95, "atk": 100, "def": 85, "spa": 108, "spd": 70, "spe": 70}, "stats": {"hp": 310, "atk": 226, "def": 200, "spa": 240, "spd": 173, "spe": 173}, "types": ["Water"]}, "Toxicroak": {"name": "Toxicroak", "species": "Toxicroak", "speciesId": "toxicroak", "gender": "F", "shiny": false, "level": 84, "moves": ["earthquake", "closecombat", "gunkshot", "swordsdance"], "ability": "Dry Skin", "evs": {"hp": 85, "atk": 85, "def": 85, "spa": 85, "spd": 85, "spe": 85}, "ivs": {"hp": 31, "atk": 31, "def": 31, "spa": 31, "spd": 31, "spe": 31}, "item": "Life Orb", "teraType": "Ground", "role": "Setup Sweeper", "bvs": {"hp": 83, "atk": 106, "def": 65, "spa": 86, "spd": 65, "spe": 85}, "stats": {"hp": 277, "atk": 226, "def": 157, "spa": 193, "spd": 157, "spe": 191}, "types": ["Poison", "Fighting"]}, "Raging Bolt": {"name": "Raging Bolt", "species": "Raging Bolt", "speciesId": "ragingbolt", "gender": "N", "shiny": false, "level": 78, "moves": ["thunderclap", "dracometeor", "calmmind", "thunderbolt"], "ability": "Protosynthesis", "evs": {"hp": 85, "atk": 0, "def": 85, "spa": 85, "spd": 85, "spe": 85}, "ivs": {"hp": 31, "atk": 0, "def": 31, "spa": 31, "spd": 31, "spe": 31}, "item": "Leftovers", "teraType": "Electric", "role": "Bulky Setup", "bvs": {"hp": 125, "atk": 73, "def": 91, "spa": 137, "spd": 89, "spe": 75}, "stats": {"hp": 323, "atk": 118, "def": 187, "spa": 259, "spd": 184, "spe": 162}, "types": ["Electric", "Dragon"]}, "Mewtwo": {"name": "Mewtwo", "species": "Mewtwo", "speciesId": "mewtwo", "gender": "N", "shiny": false, "level": 72, "moves": ["aurasphere", "fireblast", "psystrike", "nastyplot"], "ability": "Pressure", "evs": {"hp": 85, "atk": 0, "def": 85, "spa": 85, "spd": 85, "spe": 85}, "ivs": {"hp": 31, "atk": 0, "def": 31, "spa": 31, "spd": 31, "spe": 31}, "item": "Life Orb", "teraType": "Fire", "role": "Setup Sweeper", "bvs": {"hp": 106, "atk": 110, "def": 90, "spa": 154, "spd": 90, "spe": 130}, "stats": {"hp": 272, "atk": 163, "def": 172, "spa": 264, "spd": 172, "spe": 229}, "types": ["Psychic"]}, "Leafeon": {"name": "Leafeon", "species": "Leafeon", "speciesId": "leafeon", "gender": "M", "shiny": false, "level": 88, "moves": ["synthesis", "leafblade", "swordsdance", "knockoff"], "ability": "Chlorophyll", "evs": {"hp": 85, "atk": 85, "def": 85, "spa": 85, "spd": 85, "spe": 85}, "ivs": {"hp": 31, "atk": 31, "def": 31, "spa": 31, "spd": 31, "spe": 31}, "item": "Life Orb", "teraType": "Dark", "role": "Setup Sweeper", "bvs": {"hp": 65, "atk": 110, "def": 130, "spa": 60, "spd": 65, "spe": 95}, "stats": {"hp": 258, "atk": 244, "def": 279, "spa": 156, "spd": 165, "spe": 217}, "types": ["Grass"]}}, {"Weavile": {"name": "Weavile", "species": "Weavile", "speciesId": "weavile", "gender": "M", "shiny": false, "level": 79, "moves": ["swordsdance", "lowkick", "tripleaxel", "knockoff"], "ability": "Pickpocket", "evs": {"hp": 85, "atk": 85, "def": 85, "spa": 85, "spd": 85, "spe": 85}, "ivs": {"hp": 31, "atk": 31, "def": 31, "spa": 31, "spd": 31, "spe": 31}, "item": "Heavy-Duty Boots", "teraType": "Fighting", "role": "Fast Attacker", "bvs": {"hp": 70, "atk": 120, "def": 65, "spa": 45, "spd": 85, "spe": 125}, "stats": {"hp": 240, "atk": 235, "def": 148, "spa": 117, "spd": 180, "spe": 243}, "types": ["Dark", "Ice"]}, "Plusle": {"name": "Plusle", "species": "Plusle", "speciesId": "plusle", "gender": "M", "shiny": false, "level": 95, "moves": ["thunderbolt", "nastyplot", "alluringvoice", "encore"], "ability": "Lightning Rod", "evs": {"hp": 85, "atk": 0, "def": 85, "spa": 85, "spd": 85, "spe": 85}, "ivs": {"hp": 31, "atk": 0, "def": 31, "spa": 31, "spd": 31, "spe": 31}, "item": "Life Orb", "teraType": "Fairy", "role": "Setup Sweeper", "bvs": {"hp": 60, "atk": 50, "def": 40, "spa": 85, "spd": 75, "spe": 95}, "stats": {"hp": 268, "atk": 100, "def": 130, "spa": 215, "spd": 196, "spe": 234}, "types": ["Electric"]}, "Excadrill": {"name": "Excadrill", "species": "Excadrill", "speciesId": "excadrill", "gender": "M", "shiny": false, "level": 79, "moves": ["rapidspin", "ironhead", "swordsdance", "earthquake"], "ability": "Mold Breaker", "evs": {"hp": 85, "atk": 85, "def": 85, "spa": 85, "spd": 85, "spe": 85}, "ivs": {"hp": 31, "atk": 31, "def": 31, "spa": 31, "spd": 31, "spe": 31}, "item": "Leftovers", "teraType": "Grass", "role": "Bulky Setup", "bvs": {"hp": 110, "atk": 135, "def": 60, "spa": 50, "spd": 65, "spe": 88}, "stats": {"hp": 303, "atk": 259, "def": 140, "spa": 125, "spd": 148, "spe": 185}, "types": ["Ground", "Steel"]}, "Dudunsparce": {"name": "Dudunsparce", "species": "Dudunsparce", "speciesId": "dudunsparce", "gender": "M", "shiny": false, "level": 83, "moves": ["earthquake", "boomburst", "roost", "toxic"], "ability": "Rattled", "evs": {"hp": 85, "atk": 85, "def": 85, "spa": 85, "spd": 85, "spe": 85}, "ivs": {"hp": 31, "atk": 31, "def": 31, "spa": 31, "spd": 31, "spe": 31}, "item": "Leftovers", "teraType": "Ground", "role": "Bulky Attacker", "bvs": {"hp": 125, "atk": 100, "def": 80, "spa": 85, "spd": 75, "spe": 55}, "stats": {"hp": 343, "atk": 214, "def": 180, "spa": 189, "spd": 172, "spe": 139}, "types": ["Normal"]}, "Magmortar": {"name": "Magmortar", "species": "Magmortar", "speciesId": "magmortar", "gender": "F", "shiny": false, "level": 88, "moves": ["taunt", "scorchingsands", "fireblast", "focusblast"], "ability": "Flame Body", "evs": {"hp": 85, "atk": 0, "def": 85, "spa": 85, "spd": 85, "spe": 85}, "ivs": {"hp": 31, "atk": 0, "def": 31, "spa": 31, "spd": 31, "spe": 31}, "item": "Heavy-Duty Boots", "teraType": "Fighting", "role": "Wallbreaker", "bvs": {"hp": 75, "atk": 95, "def": 67, "spa": 125, "spd": 95, "spe": 83}, "stats": {"hp": 275, "atk": 172, "def": 168, "spa": 270, "spd": 217, "spe": 196}, "types": ["Fire"]}, "Noctowl": {"name": "Noctowl", "species": "Noctowl", "speciesId": "noctowl", "gender": "M", "shiny": false, "level": 95, "moves": ["nastyplot", "roost", "hypervoice", "hurricane"], "ability": "Tinted Lens", "evs": {"hp": 85, "atk": 0, "def": 85, "spa": 85, "spd": 85, "spe": 85}, "ivs": {"hp": 31, "atk": 0, "def": 31, "spa": 31, "spd": 31, "spe": 31}, "item": "Heavy-Duty Boots", "teraType": "Steel", "role": "Bulky Attacker", "bvs": {"hp": 100, "atk": 50, "def": 50, "spa": 86, "spd": 96, "spe": 70}, "stats": {"hp": 344, "atk": 100, "def": 149, "spa": 217, "spd": 236, "spe": 187}, "types": ["Normal", "Flying"]}}]}