{"id": "gen9randombattle-2641638276", "format": "[Gen 9] Random Battle", "players": ["Himqru", "Ghhnjbhjj"], "log": "|j|\u2606Himqru\n|j|\u2606Ghhnjbhjj\n|t:|1782823056\n|gametype|singles\n|player|p1|Himqru|spark-casual|1062\n|player|p2|Ghhnjbhjj|102|1070\n|gen|9\n|tier|[Gen 9] Random Battle\n|rated|\n|rule|Species Clause: Limit one of each Pok\u00e9mon\n|rule|HP Percentage Mod: HP is shown in percentages\n|rule|Sleep Clause Mod: Limit one foe put to sleep\n|rule|Illusion Level Mod: Illusion disguises the Pok\u00e9mon's true level\n|\n|t:|1782823056\n|teamsize|p1|6\n|teamsize|p2|6\n|start\n|switch|p1a: Scream Tail|Scream Tail, L84|330/330\n|switch|p2a: Leafeon|Leafeon, L88, M|258/258\n|turn|1\n|inactive|Battle timer is ON: inactive players will automatically lose when time's up. (requested by Ghhnjbhjj)\n|\n|t:|1782823069\n|-end|p1a: Scream Tail|Protosynthesis|[silent]\n|switch|p1a: Emboar|Emboar, L84, M|322/322\n|move|p2a: Leafeon|Leaf Blade|p1a: Emboar\n|-resisted|p1a: Emboar\n|-damage|p1a: Emboar|225/322\n|-damage|p2a: Leafeon|233/258|[from] item: Life Orb\n|\n|upkeep\n|turn|2\n|\n|t:|1782823081\n|switch|p2a: Suicune|Suicune, L82|298/298\n|-ability|p2a: Suicune|Pressure\n|move|p1a: Emboar|Flare Blitz|p2a: Suicune\n|-resisted|p2a: Suicune\n|-damage|p2a: Suicune|187/298\n|-damage|p1a: Emboar|188/322|[from] Recoil\n|\n|-heal|p2a: Suicune|205/298|[from] item: Leftovers\n|upkeep\n|turn|3\n|\n|t:|1782823095\n|switch|p1a: Alomomola|Alomomola, L87, M|429/429\n|move|p2a: Suicune|Substitute|p2a: Suicune\n|-start|p2a: Suicune|Substitute\n|-damage|p2a: Suicune|131/298\n|\n|-heal|p2a: Suicune|149/298|[from] item: Leftovers\n|upkeep\n|turn|4\n|\n|t:|1782823103\n|move|p2a: Suicune|Calm Mind|p2a: Suicune\n|-boost|p2a: Suicune|spa|1\n|-boost|p2a: Suicune|spd|1\n|move|p1a: Alomomola|Scald|p2a: Suicune\n|-resisted|p2a: Suicune\n|-activate|p2a: Suicune|move: Substitute|[damage]\n|\n|-heal|p2a: Suicune|167/298|[from] item: Leftovers\n|upkeep\n|turn|5\n|\n|t:|1782823113\n|move|p2a: Suicune|Calm Mind|p2a: Suicune\n|-boost|p2a: Suicune|spa|1\n|-boost|p2a: Suicune|spd|1\n|move|p1a: Alomomola|Scald|p2a: Suicune\n|-resisted|p2a: Suicune\n|-activate|p2a: Suicune|move: Substitute|[damage]\n|\n|-heal|p2a: Suicune|185/298|[from] item: Leftovers\n|upkeep\n|turn|6\n|\n|t:|1782823123\n|move|p2a: Suicune|Calm Mind|p2a: Suicune\n|-boost|p2a: Suicune|spa|1\n|-boost|p2a: Suicune|spd|1\n|move|p1a: Alomomola|Scald|p2a: Suicune\n|-resisted|p2a: Suicune\n|-activate|p2a: Suicune|move: Substitute|[damage]\n|\n|-heal|p2a: Suicune|203/298|[from] item: Leftovers\n|upkeep\n|turn|7\n|\n|t:|1782823133\n|move|p2a: Suicune|Calm Mind|p2a: Suicune\n|-boost|p2a: Suicune|spa|1\n|-boost|p2a: Suicune|spd|1\n|move|p1a: Alomomola|Scald|p2a: Suicune\n|-resisted|p2a: Suicune\n|-activate|p2a: Suicune|move: Substitute|[damage]\n|\n|-heal|p2a: Suicune|221/298|[from] item: Leftovers\n|upkeep\n|turn|8\n|\n|t:|1782823142\n|move|p2a: Suicune|Calm Mind|p2a: Suicune\n|-boost|p2a: Suicune|spa|1\n|-boost|p2a: Suicune|spd|1\n|move|p1a: Alomomola|Scald|p2a: Suicune\n|-resisted|p2a: Suicune\n|-activate|p2a: Suicune|move: Substitute|[damage]\n|\n|-heal|p2a: Suicune|239/298|[from] item: Leftovers\n|upkeep\n|turn|9\n|\n|t:|1782823152\n|move|p2a: Suicune|Calm Mind|p2a: Suicune\n|-boost|p2a: Suicune|spa|1\n|-boost|p2a: Suicune|spd|1\n|move|p1a: Alomomola|Scald|p2a: Suicune\n|-resisted|p2a: Suicune\n|-activate|p2a: Suicune|move: Substitute|[damage]\n|\n|-heal|p2a: Suicune|257/298|[from] item: Leftovers\n|upkeep\n|turn|10\n|\n|t:|1782823162\n|move|p2a: Suicune|Scald|p1a: Alomomola\n|-resisted|p1a: Alomomola\n|-damage|p1a: Alomomola|215/429\n|move|p1a: Alomomola|Scald|p2a: Suicune\n|-resisted|p2a: Suicune\n|-activate|p2a: Suicune|move: Substitute|[damage]\n|\n|-heal|p2a: Suicune|275/298|[from] item: Leftovers\n|-heal|p1a: Alomomola|241/429|[from] item: Leftovers\n|upkeep\n|turn|11\n|\n|t:|1782823173\n|move|p1a: Alomomola|Protect|p1a: Alomomola\n|-singleturn|p1a: Alomomola|Protect\n|move|p2a: Suicune|Scald|p1a: Alomomola\n|-activate|p1a: Alomomola|move: Protect\n|\n|-heal|p2a: Suicune|293/298|[from] item: Leftovers\n|-heal|p1a: Alomomola|267/429|[from] item: Leftovers\n|upkeep\n|turn|12\n|\n|t:|1782823182\n|move|p2a: Suicune|Scald|p1a: Alomomola\n|-resisted|p1a: Alomomola\n|-damage|p1a: Alomomola|25/429\n|move|p1a: Alomomola|Scald|p2a: Suicune\n|-resisted|p2a: Suicune\n|-activate|p2a: Suicune|move: Substitute|[damage]\n|\n|-heal|p2a: Suicune|298/298|[from] item: Leftovers\n|-heal|p1a: Alomomola|51/429|[from] item: Leftovers\n|upkeep\n|turn|13\n|\n|t:|1782823192\n|move|p2a: Suicune|Scald|p1a: Alomomola\n|-resisted|p1a: Alomomola\n|-damage|p1a: Alomomola|0 fnt\n|faint|p1a: Alomomola\n|\n|upkeep\n|-message|Himqru forfeited.\n|\n|win|Ghhnjbhjj\n|raw|Himqru's rating: 1062 &rarr; <strong>1045</strong><br />(-17 for losing)\n|raw|Ghhnjbhjj's rating: 1103 &rarr; <strong>1125</strong><br />(+22 for winning)\n|l|\u2606Himqru\n|player|p1|\n", "inputlog": ">version f8ac14003a5f27e1bdc8d8c59608a773c1cb96e5\n>start {\"formatid\":\"gen9randombattle\",\"seed\":\"sodium,d18e1c291b5f3b67bda3831de15a87e7\",\"rated\":\"Rated battle\"}\n>player p1 {\"name\":\"Himqru\",\"avatar\":\"spark-casual\",\"rating\":1062,\"seed\":\"sodium,f1cbd9e63406ef0486a0d463424d16f9\"}\n>player p2 {\"name\":\"Ghhnjbhjj\",\"avatar\":\"102\",\"rating\":1070,\"seed\":\"sodium,99daa55e19e12001ac63eae247a13713\"}\n>p1 switch 3\n>p2 move leafblade\n>p1 move flareblitz\n>p2 switch 6\n>p1 switch 5\n>p2 move substitute\n>p1 move scald\n>p2 move calmmind\n>p1 move scald\n>p2 move calmmind\n>p1 move scald\n>p2 move calmmind\n>p1 move scald\n>p2 move calmmind\n>p1 move scald\n>p2 move calmmind\n>p1 move scald\n>p2 move calmmind\n>p1 move scald\n>p2 move scald\n>p1 move protect\n>p2 move scald\n>p1 move scald\n>p2 move scald\n>p1 move scald\n>p2 move scald\n>forcelose p1", "uploadtime": 1782823202, "views": 4, "formatid": "gen9randombattle", "rating": 1045, "private": 0, "password": null, "player_dets": [{"name": "Himqru", "avatar": "spark-casual", "rating": 1062, "seed": "sodium,f1cbd9e63406ef0486a0d463424d16f9"}, {"name": "Ghhnjbhjj", "avatar": "102", "rating": 1070, "seed": "sodium,99daa55e19e12001ac63eae247a13713"}], "teams_full": [{"Scream Tail": {"name": "Scream Tail", "species": "Scream Tail", "speciesId": "screamtail", "gender": "N", "shiny": false, "level": 84, "moves": ["protect", "thunderwave", "dazzlinggleam", "wish"], "ability": "Protosynthesis", "evs": {"hp": 85, "atk": 0, "def": 85, "spa": 85, "spd": 85, "spe": 85}, "ivs": {"hp": 31, "atk": 0, "def": 31, "spa": 31, "spd": 31, "spe": 31}, "item": "Leftovers", "teraType": "Steel", "role": "Bulky Attacker", "bvs": {"hp": 115, "atk": 65, "def": 99, "spa": 65, "spd": 115, "spe": 111}, "stats": {"hp": 330, "atk": 114, "def": 215, "spa": 157, "spd": 241, "spe": 235}, "types": ["Fairy", "Psychic"]}, "Probopass": {"name": "Probopass", "species": "Probopass", "speciesId": "probopass", "gender": "F", "shiny": false, "level": 91, "moves": ["irondefense", "powergem", "bodypress", "rest"], "ability": "Magnet Pull", "evs": {"hp": 85, "atk": 0, "def": 85, "spa": 85, "spd": 85, "spe": 85}, "ivs": {"hp": 31, "atk": 0, "def": 31, "spa": 31, "spd": 31, "spe": 31}, "item": "Chesto Berry", "teraType": "Fighting", "role": "Bulky Setup", "bvs": {"hp": 60, "atk": 55, "def": 145, "spa": 75, "spd": 150, "spe": 40}, "stats": {"hp": 257, "atk": 105, "def": 316, "spa": 188, "spd": 325, "spe": 125}, "types": ["Rock", "Steel"]}, "Emboar": {"name": "Emboar", "species": "Emboar", "speciesId": "emboar", "gender": "M", "shiny": false, "level": 84, "moves": ["wildcharge", "closecombat", "flareblitz", "knockoff"], "ability": "Reckless", "evs": {"hp": 85, "atk": 85, "def": 85, "spa": 85, "spd": 85, "spe": 85}, "ivs": {"hp": 31, "atk": 31, "def": 31, "spa": 31, "spd": 31, "spe": 31}, "item": "Choice Band", "teraType": "Fire", "role": "Fast Attacker", "bvs": {"hp": 110, "atk": 123, "def": 65, "spa": 100, "spd": 65, "spe": 65}, "stats": {"hp": 322, "atk": 255, "def": 157, "spa": 216, "spd": 157, "spe": 157}, "types": ["Fire", "Fighting"]}, "Houndoom": {"name": "Houndoom", "species": "Houndoom", "speciesId": "houndoom", "gender": "F", "shiny": false, "level": 87, "moves": ["fireblast", "darkpulse", "nastyplot", "sludgebomb"], "ability": "Flash Fire", "evs": {"hp": 85, "atk": 0, "def": 85, "spa": 85, "spd": 85, "spe": 85}, "ivs": {"hp": 31, "atk": 0, "def": 31, "spa": 31, "spd": 31, "spe": 31}, "item": "Heavy-Duty Boots", "teraType": "Poison", "role": "Fast Attacker", "bvs": {"hp": 75, "atk": 90, "def": 50, "spa": 110, "spd": 80, "spe": 95}, "stats": {"hp": 272, "atk": 161, "def": 137, "spa": 241, "spd": 189, "spe": 215}, "types": ["Dark", "Fire"]}, "Alomomola": {"name": "Alomomola", "species": "Alomomola", "speciesId": "alomomola", "gender": "M", "shiny": false, "level": 87, "moves": ["wish", "protect", "scald", "flipturn"], "ability": "Regenerator", "evs": {"hp": 85, "atk": 85, "def": 85, "spa": 85, "spd": 85, "spe": 85}, "ivs": {"hp": 31, "atk": 31, "def": 31, "spa": 31, "spd": 31, "spe": 31}, "item": "Leftovers", "teraType": "Poison", "role": "Bulky Support", "bvs": {"hp": 165, "atk": 75, "def": 80, "spa": 40, "spd": 45, "spe": 65}, "stats": {"hp": 429, "atk": 180, "def": 189, "spa": 119, "spd": 128, "spe": 163}, "types": ["Water"]}, "Flutter Mane": {"name": "Flutter Mane", "species": "Flutter Mane", "speciesId": "fluttermane", "gender": "N", "shiny": false, "level": 74, "moves": ["psyshock", "shadowball", "moonblast", "mysticalfire"], "ability": "Protosynthesis", "evs": {"hp": 85, "atk": 0, "def": 85, "spa": 85, "spd": 85, "spe": 85}, "ivs": {"hp": 31, "atk": 0, "def": 31, "spa": 31, "spd": 31, "spe": 31}, "item": "Choice Specs", "teraType": "Fairy", "role": "Wallbreaker", "bvs": {"hp": 55, "atk": 55, "def": 55, "spa": 135, "spd": 135, "spe": 135}, "stats": {"hp": 203, "atk": 86, "def": 124, "spa": 243, "spd": 243, "spe": 243}, "types": ["Ghost", "Fairy"]}}, {"Leafeon": {"name": "Leafeon", "species": "Leafeon", "speciesId": "leafeon", "gender": "M", "shiny": false, "level": 88, "moves": ["doubleedge", "synthesis", "swordsdance", "leafblade"], "ability": "Chlorophyll", "evs": {"hp": 85, "atk": 85, "def": 85, "spa": 85, "spd": 85, "spe": 85}, "ivs": {"hp": 31, "atk": 31, "def": 31, "spa": 31, "spd": 31, "spe": 31}, "item": "Life Orb", "teraType": "Normal", "role": "Setup Sweeper", "bvs": {"hp": 65, "atk": 110, "def": 130, "spa": 60, "spd": 65, "spe": 95}, "stats": {"hp": 258, "atk": 244, "def": 279, "spa": 156, "spd": 165, "spe": 217}, "types": ["Grass"]}, "Sandaconda": {"name": "Sandaconda", "species": "Sandaconda", "speciesId": "sandaconda", "gender": "F", "shiny": false, "level": 84, "moves": ["stoneedge", "coil", "rest", "earthquake"], "ability": "Shed Skin", "evs": {"hp": 85, "atk": 85, "def": 85, "spa": 85, "spd": 85, "spe": 85}, "ivs": {"hp": 31, "atk": 31, "def": 31, "spa": 31, "spd": 31, "spe": 31}, "item": "Leftovers", "teraType": "Steel", "role": "Bulky Setup", "bvs": {"hp": 72, "atk": 107, "def": 125, "spa": 65, "spd": 70, "spe": 71}, "stats": {"hp": 258, "atk": 228, "def": 258, "spa": 157, "spd": 166, "spe": 167}, "types": ["Ground"]}, "Mudsdale": {"name": "Mudsdale", "species": "Mudsdale", "speciesId": "mudsdale", "gender": "M", "shiny": false, "level": 83, "moves": ["roar", "heavyslam", "earthquake", "stealthrock"], "ability": "Stamina", "evs": {"hp": 85, "atk": 85, "def": 85, "spa": 85, "spd": 85, "spe": 85}, "ivs": {"hp": 31, "atk": 31, "def": 31, "spa": 31, "spd": 31, "spe": 31}, "item": "Leftovers", "teraType": "Steel", "role": "Bulky Attacker", "bvs": {"hp": 100, "atk": 125, "def": 100, "spa": 55, "spd": 85, "spe": 35}, "stats": {"hp": 302, "atk": 255, "def": 214, "spa": 139, "spd": 189, "spe": 106}, "types": ["Ground"]}, "Spidops": {"name": "Spidops", "species": "Spidops", "speciesId": "spidops", "gender": "M", "shiny": false, "level": 96, "moves": ["circlethrow", "knockoff", "uturn", "stickyweb"], "ability": "Stakeout", "evs": {"hp": 85, "atk": 85, "def": 85, "spa": 85, "spd": 85, "spe": 85}, "ivs": {"hp": 31, "atk": 31, "def": 31, "spa": 31, "spd": 31, "spe": 31}, "item": "Heavy-Duty Boots", "teraType": "Ghost", "role": "Bulky Support", "bvs": {"hp": 60, "atk": 79, "def": 92, "spa": 52, "spd": 86, "spe": 35}, "stats": {"hp": 271, "atk": 206, "def": 231, "spa": 154, "spd": 220, "spe": 122}, "types": ["Bug"]}, "Slaking": {"name": "Slaking", "species": "Slaking", "speciesId": "slaking", "gender": "F", "shiny": false, "level": 84, "moves": ["gigaimpact", "earthquake", "doubleedge", "knockoff"], "ability": "Truant", "evs": {"hp": 85, "atk": 85, "def": 85, "spa": 85, "spd": 85, "spe": 85}, "ivs": {"hp": 31, "atk": 31, "def": 31, "spa": 31, "spd": 31, "spe": 31}, "item": "Choice Band", "teraType": "Normal", "role": "Fast Attacker", "bvs": {"hp": 150, "atk": 160, "def": 100, "spa": 95, "spd": 65, "spe": 100}, "stats": {"hp": 389, "atk": 317, "def": 216, "spa": 208, "spd": 157, "spe": 216}, "types": ["Normal"]}, "Suicune": {"name": "Suicune", "species": "Suicune", "speciesId": "suicune", "gender": "N", "shiny": false, "level": 82, "moves": ["scald", "substitute", "calmmind", "protect"], "ability": "Pressure", "evs": {"hp": 85, "atk": 0, "def": 85, "spa": 85, "spd": 85, "spe": 85}, "ivs": {"hp": 31, "atk": 0, "def": 31, "spa": 31, "spd": 31, "spe": 31}, "item": "Leftovers", "teraType": "Steel", "role": "Fast Support", "bvs": {"hp": 100, "atk": 75, "def": 115, "spa": 90, "spd": 115, "spe": 85}, "stats": {"hp": 298, "atk": 127, "def": 236, "spa": 195, "spd": 236, "spe": 187}, "types": ["Water"]}}]}