{"id": "gen9randombattle-2641590446", "format": "[Gen 9] Random Battle", "players": ["gholdengoballs", "ban Freezai"], "log": "|j|\u203dgholdengoballs\n|j|\u2606ban Freezai\n|t:|1782814388\n|gametype|singles\n|player|p1|gholdengoballs|169|2229\n|player|p2|ban Freezai|1|2252\n|gen|9\n|tier|[Gen 9] Random Battle\n|rated|\n|rule|Species Clause: Limit one of each Pok\u00e9mon\n|rule|HP Percentage Mod: HP is shown in percentages\n|rule|Sleep Clause Mod: Limit one foe put to sleep\n|rule|Illusion Level Mod: Illusion disguises the Pok\u00e9mon's true level\n|\n|t:|1782814388\n|teamsize|p1|6\n|teamsize|p2|6\n|start\n|switch|p1a: Cacturne|Cacturne, L92, M|278/278\n|switch|p2a: Landorus|Landorus-Therian, L76, M|260/260\n|-ability|p2a: Landorus|Intimidate|boost\n|-unboost|p1a: Cacturne|atk|1\n|turn|1\n|inactive|Battle timer is ON: inactive players will automatically lose when time's up. (requested by gholdengoballs)\n|\n|t:|1782814396\n|move|p2a: Landorus|U-turn|p1a: Cacturne\n|-supereffective|p1a: Cacturne\n|-damage|p1a: Cacturne|30/278\n|\n|t:|1782814399\n|switch|p2a: Regice|Regice, L88|284/284|[from] U-turn\n|move|p1a: Cacturne|Leaf Storm|p2a: Regice\n|-damage|p2a: Regice|167/284\n|-unboost|p1a: Cacturne|spa|2\n|-damage|p1a: Cacturne|3/278|[from] item: Life Orb\n|\n|upkeep\n|turn|2\n|\n|t:|1782814407\n|switch|p2a: Landorus|Landorus-Therian, L76, M|260/260\n|-ability|p2a: Landorus|Intimidate|boost\n|-unboost|p1a: Cacturne|atk|1\n|move|p1a: Cacturne|Knock Off|p2a: Landorus\n|-crit|p2a: Landorus\n|-damage|p2a: Landorus|0 fnt\n|-enditem|p2a: Landorus|Leftovers|[from] move: Knock Off|[of] p1a: Cacturne\n|faint|p2a: Landorus\n|-damage|p1a: Cacturne|0 fnt|[from] item: Life Orb\n|faint|p1a: Cacturne\n|\n|upkeep\n|c|\u2606ban Freezai|tru\n|\n|t:|1782814415\n|switch|p2a: Mienshao|Mienshao, L83, M|235/235\n|switch|p1a: Persian|Persian, L92, M|269/269\n|turn|3\n|\n|t:|1782814422\n|switch|p2a: Dewgong|Dewgong, L94, F|322/322\n|move|p1a: Persian|Fake Out|p2a: Dewgong\n|-crit|p2a: Dewgong\n|-damage|p2a: Dewgong|210/322\n|\n|upkeep\n|turn|4\n|c|\u2606ban Freezai|tru\n|\n|t:|1782814442\n|move|p1a: Persian|U-turn|p2a: Dewgong\n|-damage|p2a: Dewgong|166/322\n|\n|t:|1782814446\n|switch|p1a: Cobalion|Cobalion, L80|277/277|[from] U-turn\n|move|p2a: Dewgong|Knock Off|p1a: Cobalion\n|-resisted|p1a: Cobalion\n|-damage|p1a: Cobalion|249/277\n|-ability|p1a: Cobalion|Justified|boost\n|-boost|p1a: Cobalion|atk|1\n|-enditem|p1a: Cobalion|Leftovers|[from] move: Knock Off|[of] p2a: Dewgong\n|\n|upkeep\n|turn|5\n|inactive|ban Freezai has 120 seconds left.\n|\n|t:|1782814499\n|move|p1a: Cobalion|Stealth Rock|p2a: Dewgong\n|-sidestart|p2: ban Freezai|move: Stealth Rock\n|move|p2a: Dewgong|Surf|p1a: Cobalion\n|-damage|p1a: Cobalion|134/277\n|\n|upkeep\n|turn|6\n|\n|t:|1782814506\n|move|p1a: Cobalion|Body Press|p2a: Dewgong\n|-supereffective|p2a: Dewgong\n|-damage|p2a: Dewgong|0 fnt\n|faint|p2a: Dewgong\n|\n|upkeep\n|\n|t:|1782814516\n|switch|p2a: Mienshao|Mienshao, L83, M|235/235\n|-damage|p2a: Mienshao|206/235|[from] Stealth Rock\n|turn|7\n|\n|t:|1782814526\n|-terastallize|p1a: Cobalion|Ghost\n|move|p2a: Mienshao|Nasty Plot|p2a: Mienshao\n|-boost|p2a: Mienshao|spa|2\n|move|p1a: Cobalion|Thunder Wave|p2a: Mienshao\n|-status|p2a: Mienshao|par\n|\n|upkeep\n|turn|8\n|\n|t:|1782814537\n|move|p1a: Cobalion|Iron Head|p2a: Mienshao\n|-damage|p2a: Mienshao|65/235 par\n|replace|p2a: Zoroark|Zoroark, L83, M\n|-end|p2a: Zoroark|Illusion\n|-hint|Illusion Level Mod is active, so this Pok\u00e9mon's true level was hidden.\n|move|p2a: Zoroark|Dark Pulse|p1a: Cobalion\n|-supereffective|p1a: Cobalion\n|-damage|p1a: Cobalion|0 fnt\n|faint|p1a: Cobalion\n|-damage|p2a: Zoroark|42/235 par|[from] item: Life Orb\n|\n|upkeep\n|\n|t:|1782814546\n|switch|p1a: Persian|Persian, L92, M|269/269\n|turn|9\n|\n|t:|1782814549\n|move|p1a: Persian|Fake Out|p2a: Zoroark\n|-damage|p2a: Zoroark|0 fnt\n|faint|p2a: Zoroark\n|\n|upkeep\n|\n|t:|1782814561\n|switch|p2a: Mienshao|Mienshao, L83, M|244/244\n|-damage|p2a: Mienshao|229/244|[from] Stealth Rock\n|turn|10\n|\n|t:|1782814573\n|move|p2a: Mienshao|Fake Out|p1a: Persian\n|-damage|p1a: Persian|229/269\n|cant|p1a: Persian|flinch\n|\n|upkeep\n|turn|11\n|\n|t:|1782814576\n|move|p1a: Persian|U-turn|p2a: Mienshao\n|-resisted|p2a: Mienshao\n|-damage|p2a: Mienshao|196/244\n|\n|t:|1782814578\n|switch|p1a: Barraskewda|Barraskewda, L81, M|231/231|[from] U-turn\n|move|p2a: Mienshao|Close Combat|p1a: Barraskewda\n|-damage|p1a: Barraskewda|32/231\n|-unboost|p2a: Mienshao|def|1\n|-unboost|p2a: Mienshao|spd|1\n|\n|upkeep\n|turn|12\n|\n|t:|1782814582\n|switch|p2a: Regice|Regice, L88|167/284\n|move|p1a: Barraskewda|Waterfall|p2a: Regice\n|-damage|p2a: Regice|53/284\n|\n|upkeep\n|turn|13\n|\n|t:|1782814590\n|move|p1a: Barraskewda|Waterfall|p2a: Regice\n|-damage|p2a: Regice|0 fnt\n|faint|p2a: Regice\n|\n|upkeep\n|\n|t:|1782814592\n|switch|p2a: Espathra|Espathra, L80, M|283/283\n|-damage|p2a: Espathra|248/283|[from] Stealth Rock\n|turn|14\n|\n|t:|1782814598\n|move|p1a: Barraskewda|Waterfall|p2a: Espathra\n|-crit|p2a: Espathra\n|-damage|p2a: Espathra|0 fnt\n|faint|p2a: Espathra\n|\n|upkeep\n|inactive|ban Freezai has 120 seconds left.\n|inactive|ban Freezai has 90 seconds left.\n|inactive|ban Freezai has 60 seconds left.\n|inactive|ban Freezai has 30 seconds left.\n|inactive|ban Freezai has 20 seconds left.\n|inactive|ban Freezai has 15 seconds left.\n|inactive|ban Freezai has 10 seconds left.\n|inactive|ban Freezai has 5 seconds left.\n|\n|t:|1782814745\n|switch|p2a: Mienshao|Mienshao, L83, M|244/244\n|-damage|p2a: Mienshao|229/244|[from] Stealth Rock\n|turn|15\n|inactive|ban Freezai has 15 seconds left this turn.\n|\n|t:|1782814755\n|move|p1a: Barraskewda|Waterfall|p2a: Mienshao\n|-damage|p2a: Mienshao|30/244\n|move|p2a: Mienshao|Knock Off|p1a: Barraskewda\n|-damage|p1a: Barraskewda|0 fnt\n|-enditem|p1a: Barraskewda|Choice Band|[from] move: Knock Off|[of] p2a: Mienshao\n|faint|p1a: Barraskewda\n|\n|upkeep\n|-message|ban Freezai forfeited.\n|\n|win|gholdengoballs\n", "inputlog": ">version f8ac14003a5f27e1bdc8d8c59608a773c1cb96e5\n>start {\"formatid\":\"gen9randombattle\",\"seed\":\"sodium,f668515c0d2693369e9f3c3ca4e9b788\",\"rated\":\"Rated battle\"}\n>player p1 {\"name\":\"gholdengoballs\",\"avatar\":\"169\",\"rating\":2229,\"seed\":\"sodium,0d7f6d76d64216eb9e6d705c68e8cf52\"}\n>player p2 {\"name\":\"ban Freezai\",\"avatar\":\"1\",\"rating\":2252,\"seed\":\"sodium,7bcae41cbc46f30fa2d3d65c582aa603\"}\n>p1 move leafstorm\n>p2 move uturn\n>p2 switch 4\n>p1 move knockoff\n>p2 switch 4\n>chat \u2606ban Freezai|tru\n>p1 switch 5\n>p2 switch 3\n>p1 move fakeout\n>p2 switch 2\n>chat \u2606ban Freezai|tru\n>p1 move uturn\n>p2 move knockoff\n>p1 switch 3\n>p1 move stealthrock\n>p2 move surf\n>p1 move bodypress\n>p2 move surf\n>p2 switch 2\n>p1 move thunderwave terastallize\n>p2 move nastyplot\n>p1 move ironhead\n>p2 move darkpulse\n>p1 switch 3\n>p1 move fakeout\n>p2 move sludgebomb\n>p2 switch 6\n>p1 move uturn\n>p2 move fakeout\n>p1 move uturn\n>p2 move closecombat\n>p1 switch 4\n>p1 move waterfall\n>p2 switch 4\n>p1 move waterfall\n>p2 move thunderbolt\n>p2 switch 5\n>p1 move waterfall\n>p2 move luminacrash\n>p2 switch 4\n>p1 move waterfall\n>p2 move knockoff\n>forcelose p2", "uploadtime": 1782814391, "views": 10, "formatid": "gen9randombattle", "rating": null, "private": 0, "password": null, "player_dets": [{"name": "gholdengoballs", "avatar": "169", "rating": 2229, "seed": "sodium,0d7f6d76d64216eb9e6d705c68e8cf52"}, {"name": "ban Freezai", "avatar": "1", "rating": 2252, "seed": "sodium,7bcae41cbc46f30fa2d3d65c582aa603"}], "teams_full": [{"Cacturne": {"name": "Cacturne", "species": "Cacturne", "speciesId": "cacturne", "gender": "M", "shiny": false, "level": 92, "moves": ["suckerpunch", "knockoff", "leafstorm", "toxicspikes"], "ability": "Water Absorb", "evs": {"hp": 85, "atk": 85, "def": 85, "spa": 85, "spd": 85, "spe": 85}, "ivs": {"hp": 31, "atk": 31, "def": 31, "spa": 31, "spd": 31, "spe": 31}, "item": "Life Orb", "teraType": "Poison", "role": "Wallbreaker", "bvs": {"hp": 70, "atk": 115, "def": 60, "spa": 115, "spd": 60, "spe": 55}, "stats": {"hp": 278, "atk": 264, "def": 163, "spa": 264, "spd": 163, "spe": 154}, "types": ["Grass", "Dark"]}, "Dugtrio": {"name": "Dugtrio", "species": "Dugtrio", "speciesId": "dugtrio", "gender": "M", "shiny": false, "level": 84, "moves": ["suckerpunch", "swordsdance", "earthquake", "stoneedge"], "ability": "Arena Trap", "evs": {"hp": 85, "atk": 85, "def": 85, "spa": 85, "spd": 85, "spe": 85}, "ivs": {"hp": 31, "atk": 31, "def": 31, "spa": 31, "spd": 31, "spe": 31}, "item": "Life Orb", "teraType": "Flying", "role": "Fast Support", "bvs": {"hp": 35, "atk": 100, "def": 50, "spa": 50, "spd": 70, "spe": 120}, "stats": {"hp": 196, "atk": 216, "def": 132, "spa": 132, "spd": 166, "spe": 250}, "types": ["Ground"]}, "Cobalion": {"name": "Cobalion", "species": "Cobalion", "speciesId": "cobalion", "gender": "N", "shiny": false, "level": 80, "moves": ["bodypress", "stealthrock", "ironhead", "thunderwave"], "ability": "Justified", "evs": {"hp": 85, "atk": 85, "def": 85, "spa": 85, "spd": 85, "spe": 85}, "ivs": {"hp": 31, "atk": 31, "def": 31, "spa": 31, "spd": 31, "spe": 31}, "item": "Leftovers", "teraType": "Ghost", "role": "Bulky Support", "bvs": {"hp": 91, "atk": 90, "def": 129, "spa": 90, "spd": 72, "spe": 108}, "stats": {"hp": 277, "atk": 190, "def": 253, "spa": 190, "spd": 161, "spe": 219}, "types": ["Steel", "Fighting"]}, "Barraskewda": {"name": "Barraskewda", "species": "Barraskewda", "speciesId": "barraskewda", "gender": "M", "shiny": false, "level": 81, "moves": ["flipturn", "throatchop", "waterfall", "closecombat"], "ability": "Swift Swim", "evs": {"hp": 85, "atk": 85, "def": 85, "spa": 85, "spd": 85, "spe": 85}, "ivs": {"hp": 31, "atk": 31, "def": 31, "spa": 31, "spd": 31, "spe": 31}, "item": "Choice Band", "teraType": "Fighting", "role": "Wallbreaker", "bvs": {"hp": 61, "atk": 123, "def": 60, "spa": 60, "spd": 50, "spe": 136}, "stats": {"hp": 231, "atk": 246, "def": 144, "spa": 144, "spd": 128, "spe": 267}, "types": ["Water"]}, "Persian": {"name": "Persian", "species": "Persian", "speciesId": "persian", "gender": "M", "shiny": false, "level": 92, "moves": ["fakeout", "knockoff", "uturn", "doubleedge"], "ability": "Technician", "evs": {"hp": 85, "atk": 85, "def": 85, "spa": 85, "spd": 85, "spe": 85}, "ivs": {"hp": 31, "atk": 31, "def": 31, "spa": 31, "spd": 31, "spe": 31}, "item": "Silk Scarf", "teraType": "Normal", "role": "Fast Attacker", "bvs": {"hp": 65, "atk": 70, "def": 60, "spa": 65, "spd": 65, "spe": 115}, "stats": {"hp": 269, "atk": 181, "def": 163, "spa": 172, "spd": 172, "spe": 264}, "types": ["Normal"]}, "Volcarona": {"name": "Volcarona", "species": "Volcarona", "speciesId": "volcarona", "gender": "F", "shiny": false, "level": 77, "moves": ["terablast", "fierydance", "quiverdance", "gigadrain"], "ability": "Flame Body", "evs": {"hp": 85, "atk": 0, "def": 85, "spa": 85, "spd": 85, "spe": 85}, "ivs": {"hp": 31, "atk": 0, "def": 31, "spa": 31, "spd": 31, "spe": 31}, "item": "Heavy-Duty Boots", "teraType": "Water", "role": "Tera Blast user", "bvs": {"hp": 85, "atk": 60, "def": 65, "spa": 135, "spd": 105, "spe": 100}, "stats": {"hp": 257, "atk": 97, "def": 145, "spa": 252, "spd": 206, "spe": 199}, "types": ["Bug", "Fire"]}}, {"Landorus": {"name": "Landorus", "species": "Landorus-Therian", "speciesId": "landorustherian", "gender": "M", "shiny": false, "level": 76, "moves": ["stealthrock", "taunt", "earthquake", "uturn"], "ability": "Intimidate", "evs": {"hp": 85, "atk": 85, "def": 85, "spa": 85, "spd": 85, "spe": 85}, "ivs": {"hp": 31, "atk": 31, "def": 31, "spa": 31, "spd": 31, "spe": 31}, "item": "Leftovers", "teraType": "Ground", "role": "Bulky Support", "bvs": {"hp": 89, "atk": 145, "def": 90, "spa": 105, "spd": 80, "spe": 91}, "stats": {"hp": 260, "atk": 264, "def": 181, "spa": 204, "spd": 166, "spe": 182}, "types": ["Ground", "Flying"]}, "Dewgong": {"name": "Dewgong", "species": "Dewgong", "speciesId": "dewgong", "gender": "F", "shiny": false, "level": 94, "moves": ["tripleaxel", "encore", "surf", "knockoff"], "ability": "Thick Fat", "evs": {"hp": 85, "atk": 85, "def": 85, "spa": 85, "spd": 85, "spe": 85}, "ivs": {"hp": 31, "atk": 31, "def": 31, "spa": 31, "spd": 31, "spe": 31}, "item": "Heavy-Duty Boots", "teraType": "Dragon", "role": "Bulky Attacker", "bvs": {"hp": 90, "atk": 70, "def": 80, "spa": 70, "spd": 95, "spe": 70}, "stats": {"hp": 322, "atk": 185, "def": 204, "spa": 185, "spd": 232, "spe": 185}, "types": ["Water", "Ice"]}, "Zoroark": {"name": "Zoroark", "species": "Zoroark", "speciesId": "zoroark", "gender": "M", "shiny": false, "level": 83, "moves": ["focusblast", "darkpulse", "nastyplot", "sludgebomb"], "ability": "Illusion", "evs": {"hp": 85, "atk": 0, "def": 85, "spa": 85, "spd": 85, "spe": 85}, "ivs": {"hp": 31, "atk": 0, "def": 31, "spa": 31, "spd": 31, "spe": 31}, "item": "Life Orb", "teraType": "Poison", "role": "Setup Sweeper", "bvs": {"hp": 60, "atk": 105, "def": 60, "spa": 120, "spd": 60, "spe": 105}, "stats": {"hp": 235, "atk": 179, "def": 147, "spa": 247, "spd": 147, "spe": 222}, "types": ["Dark"]}, "Regice": {"name": "Regice", "species": "Regice", "speciesId": "regice", "gender": "N", "shiny": false, "level": 88, "moves": ["rest", "sleeptalk", "thunderbolt", "icebeam"], "ability": "Clear Body", "evs": {"hp": 85, "atk": 0, "def": 85, "spa": 85, "spd": 85, "spe": 85}, "ivs": {"hp": 31, "atk": 0, "def": 31, "spa": 31, "spd": 31, "spe": 31}, "item": "Heavy-Duty Boots", "teraType": "Electric", "role": "Bulky Attacker", "bvs": {"hp": 80, "atk": 50, "def": 100, "spa": 100, "spd": 200, "spe": 50}, "stats": {"hp": 284, "atk": 93, "def": 226, "spa": 226, "spd": 402, "spe": 138}, "types": ["Ice"]}, "Espathra": {"name": "Espathra", "species": "Espathra", "speciesId": "espathra", "gender": "M", "shiny": false, "level": 80, "moves": ["luminacrash", "dazzlinggleam", "uturn", "shadowball"], "ability": "Speed Boost", "evs": {"hp": 85, "atk": 85, "def": 85, "spa": 85, "spd": 85, "spe": 85}, "ivs": {"hp": 31, "atk": 31, "def": 31, "spa": 31, "spd": 31, "spe": 31}, "item": "Choice Specs", "teraType": "Fairy", "role": "Wallbreaker", "bvs": {"hp": 95, "atk": 60, "def": 60, "spa": 101, "spd": 60, "spe": 105}, "stats": {"hp": 283, "atk": 142, "def": 142, "spa": 208, "spd": 142, "spe": 214}, "types": ["Psychic"]}, "Mienshao": {"name": "Mienshao", "species": "Mienshao", "speciesId": "mienshao", "gender": "M", "shiny": false, "level": 83, "moves": ["closecombat", "uturn", "fakeout", "knockoff"], "ability": "Regenerator", "evs": {"hp": 85, "atk": 85, "def": 85, "spa": 85, "spd": 85, "spe": 85}, "ivs": {"hp": 31, "atk": 31, "def": 31, "spa": 31, "spd": 31, "spe": 31}, "item": "Assault Vest", "teraType": "Dark", "role": "AV Pivot", "bvs": {"hp": 65, "atk": 125, "def": 60, "spa": 95, "spd": 60, "spe": 105}, "stats": {"hp": 244, "atk": 255, "def": 147, "spa": 205, "spd": 147, "spe": 222}, "types": ["Fighting"]}}]}