{"id": "gen9randombattle-2641463849", "format": "[Gen 9] Random Battle", "players": ["gggggfcdxdxddcfcg", "jeydz"], "log": "|j|\u2606gggggfcdxdxddcfcg\n|j|\u203djeydz\n|t:|1782788754\n|gametype|singles\n|player|p1|gggggfcdxdxddcfcg|2|1176\n|player|p2|jeydz|swimmer-gen4dp|1196\n|gen|9\n|tier|[Gen 9] Random Battle\n|rated|\n|rule|Species Clause: Limit one of each Pok\u00e9mon\n|rule|HP Percentage Mod: HP is shown in percentages\n|rule|Sleep Clause Mod: Limit one foe put to sleep\n|rule|Illusion Level Mod: Illusion disguises the Pok\u00e9mon's true level\n|\n|t:|1782788754\n|teamsize|p1|6\n|teamsize|p2|6\n|start\n|switch|p1a: Glimmora|Glimmora, L75, F|248/248\n|switch|p2a: Leavanny|Leavanny, L86, F|269/269\n|turn|1\n|inactive|Battle timer is ON: inactive players will automatically lose when time's up. (requested by gggggfcdxdxddcfcg)\n|\n|t:|1782788842\n|switch|p2a: Samurott|Samurott-Hisui, L77, F|265/265\n|move|p1a: Glimmora|Meteor Beam||[still]\n|-prepare|p1a: Glimmora|Meteor Beam\n|-boost|p1a: Glimmora|spa|1\n|-enditem|p1a: Glimmora|Power Herb\n|-anim|p1a: Glimmora|Meteor Beam|p2a: Samurott\n|-damage|p2a: Samurott|22/265\n|\n|upkeep\n|turn|2\n|\n|t:|1782788855\n|-terastallize|p1a: Glimmora|Grass\n|move|p2a: Samurott|Razor Shell|p1a: Glimmora\n|-resisted|p1a: Glimmora\n|-damage|p1a: Glimmora|155/248\n|-unboost|p1a: Glimmora|def|1\n|-activate|p1a: Glimmora|ability: Toxic Debris\n|-sidestart|p2: jeydz|move: Toxic Spikes\n|move|p1a: Glimmora|Energy Ball|p2a: Samurott\n|-supereffective|p2a: Samurott\n|-damage|p2a: Samurott|0 fnt\n|faint|p2a: Samurott\n|\n|upkeep\n|inactive|jeydz has 120 seconds left.\n|\n|t:|1782788882\n|switch|p2a: Leavanny|Leavanny, L86, F|269/269\n|-status|p2a: Leavanny|psn\n|turn|3\n|\n|t:|1782788886\n|move|p2a: Leavanny|Triple Axel|p1a: Glimmora\n|-supereffective|p1a: Glimmora\n|-damage|p1a: Glimmora|105/248\n|-activate|p1a: Glimmora|ability: Toxic Debris\n|-sidestart|p2: jeydz|move: Toxic Spikes\n|-supereffective|p1a: Glimmora\n|-damage|p1a: Glimmora|11/248\n|-supereffective|p1a: Glimmora\n|-damage|p1a: Glimmora|0 fnt\n|faint|p1a: Glimmora\n|-hitcount|p1: Glimmora|3\n|\n|-damage|p2a: Leavanny|236/269 psn|[from] psn\n|upkeep\n|\n|t:|1782788894\n|switch|p1a: Ariados|Ariados, L95, M|287/287\n|turn|4\n|\n|t:|1782788910\n|switch|p2a: Tornadus|Tornadus-Therian, L79, M|254/254\n|move|p1a: Ariados|Sticky Web|p2a: Tornadus\n|-sidestart|p2: jeydz|move: Sticky Web\n|\n|upkeep\n|turn|5\n|\n|t:|1782788927\n|switch|p1a: Tyranitar|Tyranitar, L78, M|284/284\n|-weather|Sandstorm|[from] ability: Sand Stream|[of] p1a: Tyranitar\n|move|p2a: Tornadus|Bleakwind Storm|p1a: Tyranitar|[miss]\n|-miss|p2a: Tornadus|p1a: Tyranitar\n|\n|-weather|Sandstorm|[upkeep]\n|-damage|p2a: Tornadus|239/254|[from] Sandstorm\n|upkeep\n|turn|6\n|inactive|jeydz has 120 seconds left.\n|-message|jeydz forfeited.\n|\n|win|gggggfcdxdxddcfcg\n|raw|gggggfcdxdxddcfcg's rating: 1176 &rarr; <strong>1202</strong><br />(+26 for winning)\n|raw|jeydz's rating: 1196 &rarr; <strong>1170</strong><br />(-26 for losing)\n|l|\u203djeydz\n|player|p2|\n", "inputlog": ">version f8ac14003a5f27e1bdc8d8c59608a773c1cb96e5\n>start {\"formatid\":\"gen9randombattle\",\"seed\":\"sodium,bd356455641fa59fca1b1a195a978146\",\"rated\":\"Rated battle\"}\n>player p1 {\"name\":\"gggggfcdxdxddcfcg\",\"avatar\":\"2\",\"rating\":1176,\"seed\":\"sodium,070d6e37cb849feb280f167171018aae\"}\n>player p2 {\"name\":\"jeydz\",\"avatar\":\"swimmer-gen4dp\",\"rating\":1196,\"seed\":\"sodium,bcc6ad772d65625b3c386b19c4656726\"}\n>p1 move meteorbeam\n>p2 switch 5\n>p1 move energyball terastallize\n>p2 move razorshell\n>p2 switch 5\n>p1 move sludgewave\n>p2 move tripleaxel\n>p1 switch 4\n>p1 move stickyweb\n>p2 switch 6\n>p1 switch 2\n>p2 move bleakwindstorm\n>forcelose p2", "uploadtime": 1782788949, "views": 3, "formatid": "gen9randombattle", "rating": 1170, "private": 0, "password": null, "player_dets": [{"name": "gggggfcdxdxddcfcg", "avatar": "2", "rating": 1176, "seed": "sodium,070d6e37cb849feb280f167171018aae"}, {"name": "jeydz", "avatar": "swimmer-gen4dp", "rating": 1196, "seed": "sodium,bcc6ad772d65625b3c386b19c4656726"}], "teams_full": [{"Glimmora": {"name": "Glimmora", "species": "Glimmora", "speciesId": "glimmora", "gender": "F", "shiny": false, "level": 75, "moves": ["energyball", "earthpower", "meteorbeam", "sludgewave"], "ability": "Toxic Debris", "evs": {"hp": 85, "atk": 0, "def": 85, "spa": 85, "spd": 85, "spe": 85}, "ivs": {"hp": 31, "atk": 0, "def": 31, "spa": 31, "spd": 31, "spe": 31}, "item": "Power Herb", "teraType": "Grass", "role": "Setup Sweeper", "bvs": {"hp": 83, "atk": 55, "def": 90, "spa": 130, "spd": 81, "spe": 86}, "stats": {"hp": 248, "atk": 87, "def": 179, "spa": 239, "spd": 165, "spe": 173}, "types": ["Rock", "Poison"]}, "Tyranitar": {"name": "Tyranitar", "species": "Tyranitar", "speciesId": "tyranitar", "gender": "M", "shiny": false, "level": 78, "moves": ["dragondance", "stoneedge", "knockoff", "earthquake"], "ability": "Sand Stream", "evs": {"hp": 85, "atk": 85, "def": 85, "spa": 85, "spd": 85, "spe": 85}, "ivs": {"hp": 31, "atk": 31, "def": 31, "spa": 31, "spd": 31, "spe": 31}, "item": "Weakness Policy", "teraType": "Ghost", "role": "Bulky Setup", "bvs": {"hp": 100, "atk": 134, "def": 110, "spa": 95, "spd": 100, "spe": 61}, "stats": {"hp": 284, "atk": 254, "def": 217, "spa": 193, "spd": 201, "spe": 140}, "types": ["Rock", "Dark"]}, "Houndstone": {"name": "Houndstone", "species": "Houndstone", "speciesId": "houndstone", "gender": "F", "shiny": false, "level": 86, "moves": ["poltergeist", "playrough", "shadowsneak", "bodypress"], "ability": "Fluffy", "evs": {"hp": 85, "atk": 85, "def": 85, "spa": 85, "spd": 85, "spe": 85}, "ivs": {"hp": 31, "atk": 31, "def": 31, "spa": 31, "spd": 31, "spe": 31}, "item": "Choice Band", "teraType": "Fighting", "role": "Bulky Attacker", "bvs": {"hp": 72, "atk": 101, "def": 100, "spa": 50, "spd": 97, "spe": 68}, "stats": {"hp": 264, "atk": 223, "def": 221, "spa": 135, "spd": 216, "spe": 166}, "types": ["Ghost"]}, "Ariados": {"name": "Ariados", "species": "Ariados", "speciesId": "ariados", "gender": "M", "shiny": false, "level": 95, "moves": ["stickyweb", "poisonjab", "megahorn", "knockoff"], "ability": "Swarm", "evs": {"hp": 85, "atk": 85, "def": 85, "spa": 85, "spd": 85, "spe": 85}, "ivs": {"hp": 31, "atk": 31, "def": 31, "spa": 31, "spd": 31, "spe": 31}, "item": "Heavy-Duty Boots", "teraType": "Ghost", "role": "Fast Support", "bvs": {"hp": 70, "atk": 90, "def": 70, "spa": 60, "spd": 70, "spe": 40}, "stats": {"hp": 287, "atk": 225, "def": 187, "spa": 168, "spd": 187, "spe": 130}, "types": ["Bug", "Poison"]}, "Cacturne": {"name": "Cacturne", "species": "Cacturne", "speciesId": "cacturne", "gender": "F", "shiny": false, "level": 92, "moves": ["suckerpunch", "seedbomb", "swordsdance", "knockoff"], "ability": "Water Absorb", "evs": {"hp": 85, "atk": 85, "def": 85, "spa": 85, "spd": 85, "spe": 85}, "ivs": {"hp": 31, "atk": 31, "def": 31, "spa": 31, "spd": 31, "spe": 31}, "item": "Life Orb", "teraType": "Poison", "role": "Setup Sweeper", "bvs": {"hp": 70, "atk": 115, "def": 60, "spa": 115, "spd": 60, "spe": 55}, "stats": {"hp": 278, "atk": 264, "def": 163, "spa": 264, "spd": 163, "spe": 154}, "types": ["Grass", "Dark"]}, "Dondozo": {"name": "Dondozo", "species": "Dondozo", "speciesId": "dondozo", "gender": "M", "shiny": false, "level": 78, "moves": ["curse", "wavecrash", "rest", "sleeptalk"], "ability": "Unaware", "evs": {"hp": 85, "atk": 85, "def": 85, "spa": 85, "spd": 85, "spe": 85}, "ivs": {"hp": 31, "atk": 31, "def": 31, "spa": 31, "spd": 31, "spe": 31}, "item": "Leftovers", "teraType": "Dragon", "role": "Bulky Setup", "bvs": {"hp": 150, "atk": 100, "def": 115, "spa": 65, "spd": 65, "spe": 35}, "stats": {"hp": 362, "atk": 201, "def": 224, "spa": 146, "spd": 146, "spe": 100}, "types": ["Water"]}}, {"Leavanny": {"name": "Leavanny", "species": "Leavanny", "speciesId": "leavanny", "gender": "F", "shiny": false, "level": 86, "moves": ["knockoff", "tripleaxel", "bulletseed", "stickyweb"], "ability": "Chlorophyll", "evs": {"hp": 85, "atk": 85, "def": 85, "spa": 85, "spd": 85, "spe": 85}, "ivs": {"hp": 31, "atk": 31, "def": 31, "spa": 31, "spd": 31, "spe": 31}, "item": "Loaded Dice", "teraType": "Rock", "role": "Fast Attacker", "bvs": {"hp": 75, "atk": 103, "def": 80, "spa": 70, "spd": 80, "spe": 92}, "stats": {"hp": 269, "atk": 226, "def": 187, "spa": 170, "spd": 187, "spe": 207}, "types": ["Bug", "Grass"]}, "Flutter Mane": {"name": "Flutter Mane", "species": "Flutter Mane", "speciesId": "fluttermane", "gender": "N", "shiny": false, "level": 74, "moves": ["mysticalfire", "moonblast", "calmmind", "shadowball"], "ability": "Protosynthesis", "evs": {"hp": 85, "atk": 0, "def": 85, "spa": 85, "spd": 85, "spe": 85}, "ivs": {"hp": 31, "atk": 0, "def": 31, "spa": 31, "spd": 31, "spe": 31}, "item": "Life Orb", "teraType": "Fairy", "role": "Setup Sweeper", "bvs": {"hp": 55, "atk": 55, "def": 55, "spa": 135, "spd": 135, "spe": 135}, "stats": {"hp": 203, "atk": 86, "def": 124, "spa": 243, "spd": 243, "spe": 243}, "types": ["Ghost", "Fairy"]}, "Grumpig": {"name": "Grumpig", "species": "Grumpig", "speciesId": "grumpig", "gender": "F", "shiny": false, "level": 92, "moves": ["nastyplot", "earthpower", "shadowball", "psyshock"], "ability": "Thick Fat", "evs": {"hp": 85, "atk": 0, "def": 85, "spa": 85, "spd": 85, "spe": 85}, "ivs": {"hp": 31, "atk": 0, "def": 31, "spa": 31, "spd": 31, "spe": 31}, "item": "Leftovers", "teraType": "Ground", "role": "Bulky Setup", "bvs": {"hp": 80, "atk": 45, "def": 65, "spa": 90, "spd": 110, "spe": 80}, "stats": {"hp": 297, "atk": 87, "def": 172, "spa": 218, "spd": 255, "spe": 200}, "types": ["Psychic"]}, "Ursaring": {"name": "Ursaring", "species": "Ursaring", "speciesId": "ursaring", "gender": "F", "shiny": false, "level": 84, "moves": ["rest", "throatchop", "bodyslam", "sleeptalk"], "ability": "Guts", "evs": {"hp": 85, "atk": 85, "def": 85, "spa": 85, "spd": 85, "spe": 85}, "ivs": {"hp": 31, "atk": 31, "def": 31, "spa": 31, "spd": 31, "spe": 31}, "item": "Eviolite", "teraType": "Ghost", "role": "Bulky Attacker", "bvs": {"hp": 90, "atk": 130, "def": 75, "spa": 75, "spd": 75, "spe": 55}, "stats": {"hp": 288, "atk": 267, "def": 174, "spa": 174, "spd": 174, "spe": 141}, "types": ["Normal"]}, "Samurott": {"name": "Samurott", "species": "Samurott-Hisui", "speciesId": "samurotthisui", "gender": "F", "shiny": false, "level": 77, "moves": ["razorshell", "suckerpunch", "sacredsword", "ceaselessedge"], "ability": "Sharpness", "evs": {"hp": 85, "atk": 85, "def": 85, "spa": 85, "spd": 85, "spe": 85}, "ivs": {"hp": 31, "atk": 31, "def": 31, "spa": 31, "spd": 31, "spe": 31}, "item": "Choice Band", "teraType": "Water", "role": "Fast Attacker", "bvs": {"hp": 90, "atk": 108, "def": 80, "spa": 100, "spd": 65, "spe": 85}, "stats": {"hp": 265, "atk": 211, "def": 168, "spa": 199, "spd": 145, "spe": 175}, "types": ["Water", "Dark"]}, "Tornadus": {"name": "Tornadus", "species": "Tornadus-Therian", "speciesId": "tornadustherian", "gender": "M", "shiny": false, "level": 79, "moves": ["bleakwindstorm", "focusblast", "uturn", "heatwave"], "ability": "Regenerator", "evs": {"hp": 85, "atk": 85, "def": 85, "spa": 85, "spd": 85, "spe": 85}, "ivs": {"hp": 31, "atk": 31, "def": 31, "spa": 31, "spd": 31, "spe": 31}, "item": "Choice Specs", "teraType": "Fighting", "role": "Fast Attacker", "bvs": {"hp": 79, "atk": 100, "def": 80, "spa": 110, "spd": 90, "spe": 121}, "stats": {"hp": 254, "atk": 204, "def": 172, "spa": 219, "spd": 188, "spe": 237}, "types": ["Flying"]}}]}