{"id": "gen9randombattle-2641632441", "format": "[Gen 9] Random Battle", "players": ["testbotcif", "max persson"], "log": "|j|\u2606testbotcif\n|j|\u2606max persson\n|t:|1782822131\n|gametype|singles\n|player|p1|testbotcif|266|1209\n|player|p2|max persson|101|1204\n|gen|9\n|tier|[Gen 9] Random Battle\n|rated|\n|rule|Species Clause: Limit one of each Pok\u00e9mon\n|rule|HP Percentage Mod: HP is shown in percentages\n|rule|Sleep Clause Mod: Limit one foe put to sleep\n|rule|Illusion Level Mod: Illusion disguises the Pok\u00e9mon's true level\n|\n|t:|1782822131\n|teamsize|p1|6\n|teamsize|p2|6\n|start\n|switch|p1a: Latias|Latias, L79, F|256/256\n|switch|p2a: Seviper|Seviper, L93, F|287/287\n|turn|1\n|inactive|Battle timer is ON: inactive players will automatically lose when time's up. (requested by testbotcif)\n|c|\u2606testbotcif|rlhf\n|\n|t:|1782822136\n|-terastallize|p1a: Latias|Steel\n|move|p1a: Latias|Calm Mind|p1a: Latias\n|-boost|p1a: Latias|spa|1\n|-boost|p1a: Latias|spd|1\n|move|p2a: Seviper|Glare|p1a: Latias\n|-status|p1a: Latias|par\n|\n|upkeep\n|turn|2\n|\n|t:|1782822141\n|move|p2a: Seviper|Flamethrower|p1a: Latias\n|-supereffective|p1a: Latias\n|-damage|p1a: Latias|155/256 par\n|-damage|p2a: Seviper|259/287|[from] item: Life Orb\n|cant|p1a: Latias|par\n|\n|upkeep\n|turn|3\n|\n|t:|1782822147\n|move|p2a: Seviper|Flamethrower|p1a: Latias\n|-supereffective|p1a: Latias\n|-damage|p1a: Latias|43/256 par\n|-damage|p2a: Seviper|231/287|[from] item: Life Orb\n|cant|p1a: Latias|par\n|\n|upkeep\n|turn|4\n|\n|t:|1782822151\n|move|p2a: Seviper|Flamethrower|p1a: Latias\n|-supereffective|p1a: Latias\n|-damage|p1a: Latias|0 fnt\n|faint|p1a: Latias\n|-damage|p2a: Seviper|203/287|[from] item: Life Orb\n|\n|upkeep\n|\n|t:|1782822152\n|switch|p1a: Ho-Oh|Ho-Oh, L71|268/268\n|turn|5\n|\n|t:|1782822168\n|move|p2a: Seviper|Glare|p1a: Ho-Oh\n|-status|p1a: Ho-Oh|par\n|cant|p1a: Ho-Oh|par\n|\n|upkeep\n|turn|6\n|\n|t:|1782822171\n|move|p2a: Seviper|Gunk Shot|p1a: Ho-Oh\n|-crit|p1a: Ho-Oh\n|-damage|p1a: Ho-Oh|0 fnt\n|faint|p1a: Ho-Oh\n|-damage|p2a: Seviper|175/287|[from] item: Life Orb\n|\n|upkeep\n|\n|t:|1782822171\n|switch|p1a: Skuntank|Skuntank, L84, F|310/310\n|turn|7\n|\n|t:|1782822175\n|move|p1a: Skuntank|Knock Off|p2a: Seviper\n|-damage|p2a: Seviper|57/287\n|-enditem|p2a: Seviper|Life Orb|[from] move: Knock Off|[of] p1a: Skuntank\n|move|p2a: Seviper|Glare|p1a: Skuntank\n|-status|p1a: Skuntank|par\n|\n|upkeep\n|turn|8\n|\n|t:|1782822182\n|move|p2a: Seviper|Earthquake|p1a: Skuntank\n|-supereffective|p1a: Skuntank\n|-damage|p1a: Skuntank|102/310 par\n|move|p1a: Skuntank|Knock Off|p2a: Seviper\n|-damage|p2a: Seviper|0 fnt\n|faint|p2a: Seviper\n|\n|-heal|p1a: Skuntank|121/310 par|[from] item: Leftovers\n|upkeep\n|\n|t:|1782822188\n|switch|p2a: Greninja|Greninja, L80, M|246/246\n|turn|9\n|\n|t:|1782822191\n|move|p2a: Greninja|Ice Beam|p1a: Skuntank\n|-damage|p1a: Skuntank|17/310 par\n|-damage|p2a: Greninja|222/246|[from] item: Life Orb\n|move|p1a: Skuntank|Gunk Shot|p2a: Greninja\n|-damage|p2a: Greninja|60/246\n|-status|p2a: Greninja|psn\n|\n|-heal|p1a: Skuntank|36/310 par|[from] item: Leftovers\n|-damage|p2a: Greninja|30/246 psn|[from] psn\n|upkeep\n|turn|10\n|\n|t:|1782822197\n|move|p2a: Greninja|Gunk Shot|p1a: Skuntank\n|-resisted|p1a: Skuntank\n|-damage|p1a: Skuntank|0 fnt\n|faint|p1a: Skuntank\n|-ability|p2a: Greninja|Battle Bond|boost\n|-boost|p2a: Greninja|atk|1\n|-boost|p2a: Greninja|spa|1\n|-boost|p2a: Greninja|spe|1\n|-activate|p2a: Greninja|ability: Battle Bond\n|-damage|p2a: Greninja|6/246 psn|[from] item: Life Orb\n|\n|-damage|p2a: Greninja|0 fnt|[from] psn\n|faint|p2a: Greninja\n|upkeep\n|\n|t:|1782822199\n|switch|p2a: Rillaboom|Rillaboom, L79, M|288/288\n|switch|p1a: Araquanid|Araquanid, L82, F|246/246\n|-fieldstart|move: Grassy Terrain|[from] ability: Grassy Surge|[of] p2a: Rillaboom\n|turn|11\n|\n|t:|1782822204\n|move|p2a: Rillaboom|Swords Dance|p2a: Rillaboom\n|-boost|p2a: Rillaboom|atk|2\n|move|p1a: Araquanid|Leech Life|p2a: Rillaboom\n|-supereffective|p2a: Rillaboom\n|-crit|p2a: Rillaboom\n|-damage|p2a: Rillaboom|78/288\n|\n|-heal|p2a: Rillaboom|96/288|[from] Grassy Terrain\n|upkeep\n|turn|12\n|\n|t:|1782822207\n|move|p2a: Rillaboom|Knock Off|p1a: Araquanid\n|-damage|p1a: Araquanid|52/246\n|-enditem|p1a: Araquanid|Heavy-Duty Boots|[from] move: Knock Off|[of] p2a: Rillaboom\n|-damage|p2a: Rillaboom|68/288|[from] item: Life Orb\n|move|p1a: Araquanid|Leech Life|p2a: Rillaboom\n|-supereffective|p2a: Rillaboom\n|-damage|p2a: Rillaboom|0 fnt\n|-heal|p1a: Araquanid|86/246|[from] drain|[of] p2a: Rillaboom\n|faint|p2a: Rillaboom\n|\n|-heal|p1a: Araquanid|101/246|[from] Grassy Terrain\n|upkeep\n|\n|t:|1782822210\n|switch|p2a: Sawsbuck|Sawsbuck-Summer, L88, M|284/284\n|turn|13\n|\n|t:|1782822214\n|move|p2a: Sawsbuck|Headbutt|p1a: Araquanid\n|-damage|p1a: Araquanid|0 fnt\n|faint|p1a: Araquanid\n|-damage|p2a: Sawsbuck|256/284|[from] item: Life Orb\n|\n|-heal|p2a: Sawsbuck|273/284|[from] Grassy Terrain\n|upkeep\n|\n|t:|1782822214\n|switch|p1a: Zapdos|Zapdos, L78|268/268\n|turn|14\n|\n|t:|1782822217\n|move|p2a: Sawsbuck|Swords Dance|p2a: Sawsbuck\n|-boost|p2a: Sawsbuck|atk|2\n|move|p1a: Zapdos|Hurricane|p2a: Sawsbuck\n|-supereffective|p2a: Sawsbuck\n|-damage|p2a: Sawsbuck|0 fnt\n|faint|p2a: Sawsbuck\n|\n|upkeep\n|\n|t:|1782822221\n|switch|p2a: Calyrex|Calyrex-Shadow, L64|235/235\n|-ability|p2a: Calyrex|As One\n|-ability|p2a: Calyrex|Unnerve\n|turn|15\n|\n|t:|1782822224\n|move|p2a: Calyrex|Nasty Plot|p2a: Calyrex\n|-boost|p2a: Calyrex|spa|2\n|move|p1a: Zapdos|Thunderbolt|p2a: Calyrex\n|-damage|p2a: Calyrex|118/235\n|\n|-heal|p2a: Calyrex|132/235|[from] Grassy Terrain\n|-fieldend|move: Grassy Terrain\n|upkeep\n|turn|16\n|\n|t:|1782822226\n|move|p2a: Calyrex|Astral Barrage|p1a: Zapdos\n|-damage|p1a: Zapdos|0 fnt\n|faint|p1a: Zapdos\n|-ability|p2a: Calyrex|Grim Neigh|boost\n|-boost|p2a: Calyrex|spa|1\n|-damage|p2a: Calyrex|109/235|[from] item: Life Orb\n|\n|upkeep\n|\n|t:|1782822226\n|switch|p1a: Barraskewda|Barraskewda, L81, M|231/231\n|turn|17\n|\n|t:|1782822235\n|move|p1a: Barraskewda|Waterfall|p2a: Calyrex\n|-damage|p2a: Calyrex|0 fnt\n|faint|p2a: Calyrex\n|\n|upkeep\n|\n|t:|1782822238\n|switch|p2a: Noivern|Noivern, L82, F|274/274\n|turn|18\n|\n|t:|1782822241\n|move|p1a: Barraskewda|Waterfall|p2a: Noivern\n|-resisted|p2a: Noivern\n|-damage|p2a: Noivern|193/274\n|cant|p2a: Noivern|flinch\n|\n|upkeep\n|turn|19\n|\n|t:|1782822246\n|move|p1a: Barraskewda|Waterfall|p2a: Noivern\n|-resisted|p2a: Noivern\n|-damage|p2a: Noivern|118/274\n|cant|p2a: Noivern|flinch\n|\n|upkeep\n|turn|20\n|\n|t:|1782822250\n|move|p1a: Barraskewda|Waterfall|p2a: Noivern\n|-resisted|p2a: Noivern\n|-damage|p2a: Noivern|43/274\n|move|p2a: Noivern|Draco Meteor|p1a: Barraskewda\n|-damage|p1a: Barraskewda|24/231\n|-unboost|p2a: Noivern|spa|2\n|\n|upkeep\n|turn|21\n|\n|t:|1782822253\n|move|p1a: Barraskewda|Waterfall|p2a: Noivern\n|-resisted|p2a: Noivern\n|-damage|p2a: Noivern|0 fnt\n|faint|p2a: Noivern\n|\n|win|testbotcif\n|raw|testbotcif's rating: 1209 &rarr; <strong>1234</strong><br />(+25 for winning)\n|raw|max persson's rating: 1204 &rarr; <strong>1179</strong><br />(-25 for losing)\n", "inputlog": ">version f8ac14003a5f27e1bdc8d8c59608a773c1cb96e5\n>start {\"formatid\":\"gen9randombattle\",\"seed\":\"sodium,32278aad73b5de280f338f3349b39694\",\"rated\":\"Rated battle\"}\n>player p1 {\"name\":\"testbotcif\",\"avatar\":\"266\",\"rating\":1209,\"seed\":\"sodium,23d1ec9b9aec02e41723bb4726c9f402\"}\n>player p2 {\"name\":\"max persson\",\"avatar\":\"101\",\"rating\":1204,\"seed\":\"sodium,8ff52d52a793db8104d41907c20ebfcb\"}\n>chat \u2606testbotcif|rlhf\n>p1 move calmmind terastallize\n>p2 move glare\n>p1 move psyshock\n>p2 move flamethrower\n>p1 move recover\n>p2 move flamethrower\n>p1 move psyshock\n>p2 move flamethrower\n>p1 switch 4\n>p1 move sacredfire\n>p2 move glare\n>p1 move sacredfire\n>p2 move gunkshot\n>p1 switch 5\n>p1 move knockoff\n>p2 move glare\n>p1 move knockoff\n>p2 move earthquake\n>p2 switch 6\n>p1 move gunkshot\n>p2 move icebeam\n>p1 move knockoff\n>p2 move gunkshot\n>p1 switch 3\n>p2 switch 2\n>p1 move leechlife\n>p2 move swordsdance\n>p1 move leechlife\n>p2 move knockoff\n>p2 switch 4\n>p1 move leechlife\n>p2 move headbutt\n>p1 switch 2\n>p1 move hurricane\n>p2 move swordsdance\n>p2 switch 3\n>p1 move thunderbolt\n>p2 move nastyplot\n>p1 move thunderbolt\n>p2 move astralbarrage\n>p1 switch 6\n>p1 move waterfall\n>p2 move pollenpuff\n>p2 switch 5\n>p1 move waterfall\n>p2 move hurricane\n>p1 move waterfall\n>p2 move dracometeor\n>p1 move waterfall\n>p2 move dracometeor\n>p1 move waterfall\n>p2 move roost", "uploadtime": 1782822253, "views": 4, "formatid": "gen9randombattle", "rating": 1179, "private": 0, "password": null, "player_dets": [{"name": "testbotcif", "avatar": "266", "rating": 1209, "seed": "sodium,23d1ec9b9aec02e41723bb4726c9f402"}, {"name": "max persson", "avatar": "101", "rating": 1204, "seed": "sodium,8ff52d52a793db8104d41907c20ebfcb"}], "teams_full": [{"Latias": {"name": "Latias", "species": "Latias", "speciesId": "latias", "gender": "F", "shiny": false, "level": 79, "moves": ["recover", "dracometeor", "psyshock", "calmmind"], "ability": "Levitate", "evs": {"hp": 85, "atk": 0, "def": 85, "spa": 85, "spd": 85, "spe": 85}, "ivs": {"hp": 31, "atk": 0, "def": 31, "spa": 31, "spd": 31, "spe": 31}, "item": "Soul Dew", "teraType": "Steel", "role": "Fast Bulky Setup", "bvs": {"hp": 80, "atk": 80, "def": 90, "spa": 110, "spd": 130, "spe": 110}, "stats": {"hp": 256, "atk": 131, "def": 188, "spa": 219, "spd": 251, "spe": 219}, "types": ["Dragon", "Psychic"]}, "Zapdos": {"name": "Zapdos", "species": "Zapdos", "speciesId": "zapdos", "gender": "N", "shiny": false, "level": 78, "moves": ["hurricane", "roost", "heatwave", "thunderbolt"], "ability": "Static", "evs": {"hp": 85, "atk": 0, "def": 85, "spa": 85, "spd": 85, "spe": 85}, "ivs": {"hp": 31, "atk": 0, "def": 31, "spa": 31, "spd": 31, "spe": 31}, "item": "Heavy-Duty Boots", "teraType": "Electric", "role": "Bulky Attacker", "bvs": {"hp": 90, "atk": 90, "def": 85, "spa": 125, "spd": 90, "spe": 100}, "stats": {"hp": 268, "atk": 145, "def": 178, "spa": 240, "spd": 185, "spe": 201}, "types": ["Electric", "Flying"]}, "Araquanid": {"name": "Araquanid", "species": "Araquanid", "speciesId": "araquanid", "gender": "F", "shiny": false, "level": 82, "moves": ["stickyweb", "leechlife", "liquidation", "hydropump"], "ability": "Water Bubble", "evs": {"hp": 85, "atk": 85, "def": 85, "spa": 85, "spd": 85, "spe": 85}, "ivs": {"hp": 31, "atk": 31, "def": 31, "spa": 31, "spd": 31, "spe": 31}, "item": "Heavy-Duty Boots", "teraType": "Steel", "role": "Bulky Attacker", "bvs": {"hp": 68, "atk": 70, "def": 92, "spa": 50, "spd": 132, "spe": 42}, "stats": {"hp": 246, "atk": 162, "def": 198, "spa": 129, "spd": 264, "spe": 116}, "types": ["Water", "Bug"]}, "Ho-Oh": {"name": "Ho-Oh", "species": "Ho-Oh", "speciesId": "hooh", "gender": "N", "shiny": false, "level": 71, "moves": ["bravebird", "recover", "earthquake", "sacredfire"], "ability": "Regenerator", "evs": {"hp": 85, "atk": 85, "def": 85, "spa": 85, "spd": 85, "spe": 85}, "ivs": {"hp": 31, "atk": 31, "def": 31, "spa": 31, "spd": 31, "spe": 31}, "item": "Heavy-Duty Boots", "teraType": "Steel", "role": "Bulky Attacker", "bvs": {"hp": 106, "atk": 130, "def": 90, "spa": 110, "spd": 154, "spe": 90}, "stats": {"hp": 268, "atk": 226, "def": 169, "spa": 198, "spd": 260, "spe": 169}, "types": ["Fire", "Flying"]}, "Skuntank": {"name": "Skuntank", "species": "Skuntank", "speciesId": "skuntank", "gender": "F", "shiny": false, "level": 84, "moves": ["taunt", "toxicspikes", "knockoff", "gunkshot"], "ability": "Aftermath", "evs": {"hp": 85, "atk": 85, "def": 85, "spa": 85, "spd": 85, "spe": 85}, "ivs": {"hp": 31, "atk": 31, "def": 31, "spa": 31, "spd": 31, "spe": 31}, "item": "Leftovers", "teraType": "Dark", "role": "Fast Support", "bvs": {"hp": 103, "atk": 93, "def": 67, "spa": 71, "spd": 61, "spe": 84}, "stats": {"hp": 310, "atk": 204, "def": 161, "spa": 167, "spd": 151, "spe": 189}, "types": ["Poison", "Dark"]}, "Barraskewda": {"name": "Barraskewda", "species": "Barraskewda", "speciesId": "barraskewda", "gender": "M", "shiny": false, "level": 81, "moves": ["closecombat", "psychicfangs", "flipturn", "waterfall"], "ability": "Swift Swim", "evs": {"hp": 85, "atk": 85, "def": 85, "spa": 85, "spd": 85, "spe": 85}, "ivs": {"hp": 31, "atk": 31, "def": 31, "spa": 31, "spd": 31, "spe": 31}, "item": "Choice Band", "teraType": "Fighting", "role": "Wallbreaker", "bvs": {"hp": 61, "atk": 123, "def": 60, "spa": 60, "spd": 50, "spe": 136}, "stats": {"hp": 231, "atk": 246, "def": 144, "spa": 144, "spd": 128, "spe": 267}, "types": ["Water"]}}, {"Seviper": {"name": "Seviper", "species": "Seviper", "speciesId": "seviper", "gender": "F", "shiny": false, "level": 93, "moves": ["glare", "flamethrower", "earthquake", "gunkshot"], "ability": "Infiltrator", "evs": {"hp": 85, "atk": 85, "def": 85, "spa": 85, "spd": 85, "spe": 85}, "ivs": {"hp": 31, "atk": 31, "def": 31, "spa": 31, "spd": 31, "spe": 31}, "item": "Life Orb", "teraType": "Ground", "role": "Fast Attacker", "bvs": {"hp": 73, "atk": 100, "def": 60, "spa": 100, "spd": 60, "spe": 65}, "stats": {"hp": 287, "atk": 239, "def": 164, "spa": 239, "spd": 164, "spe": 174}, "types": ["Poison"]}, "Rillaboom": {"name": "Rillaboom", "species": "Rillaboom", "speciesId": "rillaboom", "gender": "M", "shiny": false, "level": 79, "moves": ["knockoff", "swordsdance", "woodhammer", "grassyglide"], "ability": "Grassy Surge", "evs": {"hp": 85, "atk": 85, "def": 85, "spa": 85, "spd": 85, "spe": 85}, "ivs": {"hp": 31, "atk": 31, "def": 31, "spa": 31, "spd": 31, "spe": 31}, "item": "Life Orb", "teraType": "Grass", "role": "Wallbreaker", "bvs": {"hp": 100, "atk": 125, "def": 90, "spa": 60, "spd": 70, "spe": 85}, "stats": {"hp": 288, "atk": 243, "def": 188, "spa": 140, "spd": 156, "spe": 180}, "types": ["Grass"]}, "Calyrex": {"name": "Calyrex", "species": "Calyrex-Shadow", "speciesId": "calyrexshadow", "gender": "N", "shiny": false, "level": 64, "moves": ["astralbarrage", "pollenpuff", "nastyplot", "psyshock"], "ability": "As One (Spectrier)", "evs": {"hp": 85, "atk": 0, "def": 85, "spa": 85, "spd": 85, "spe": 85}, "ivs": {"hp": 31, "atk": 0, "def": 31, "spa": 31, "spd": 31, "spe": 31}, "item": "Life Orb", "teraType": "Dark", "role": "Fast Attacker", "bvs": {"hp": 100, "atk": 85, "def": 80, "spa": 165, "spd": 100, "spe": 150}, "stats": {"hp": 235, "atk": 113, "def": 140, "spa": 249, "spd": 166, "spe": 230}, "types": ["Psychic", "Ghost"]}, "Sawsbuck": {"name": "Sawsbuck", "species": "Sawsbuck-Summer", "speciesId": "sawsbuck", "gender": "M", "shiny": false, "level": 88, "moves": ["headbutt", "highhorsepower", "swordsdance", "hornleech"], "ability": "Serene Grace", "evs": {"hp": 85, "atk": 85, "def": 85, "spa": 85, "spd": 85, "spe": 85}, "ivs": {"hp": 31, "atk": 31, "def": 31, "spa": 31, "spd": 31, "spe": 31}, "item": "Life Orb", "teraType": "Normal", "role": "Fast Attacker", "bvs": {"hp": 80, "atk": 100, "def": 70, "spa": 60, "spd": 70, "spe": 95}, "stats": {"hp": 284, "atk": 226, "def": 173, "spa": 156, "spd": 173, "spe": 217}, "types": ["Normal", "Grass"]}, "Noivern": {"name": "Noivern", "species": "Noivern", "speciesId": "noivern", "gender": "F", "shiny": false, "level": 82, "moves": ["dracometeor", "roost", "hurricane", "flamethrower"], "ability": "Infiltrator", "evs": {"hp": 85, "atk": 0, "def": 85, "spa": 85, "spd": 85, "spe": 85}, "ivs": {"hp": 31, "atk": 0, "def": 31, "spa": 31, "spd": 31, "spe": 31}, "item": "Heavy-Duty Boots", "teraType": "Fire", "role": "Fast Support", "bvs": {"hp": 85, "atk": 70, "def": 80, "spa": 97, "spd": 80, "spe": 123}, "stats": {"hp": 274, "atk": 119, "def": 178, "spa": 206, "spd": 178, "spe": 249}, "types": ["Flying", "Dragon"]}, "Greninja": {"name": "Greninja", "species": "Greninja-Bond", "speciesId": "greninjabond", "gender": "M", "shiny": false, "level": 80, "moves": ["hydropump", "icebeam", "gunkshot", "darkpulse"], "ability": "Battle Bond", "evs": {"hp": 85, "atk": 85, "def": 85, "spa": 85, "spd": 85, "spe": 85}, "ivs": {"hp": 31, "atk": 31, "def": 31, "spa": 31, "spd": 31, "spe": 31}, "item": "Life Orb", "teraType": "Poison", "role": "Fast Attacker", "bvs": {"hp": 72, "atk": 95, "def": 67, "spa": 103, "spd": 71, "spe": 122}, "stats": {"hp": 246, "atk": 198, "def": 153, "spa": 211, "spd": 160, "spe": 241}, "types": ["Water", "Dark"]}}]}