{"id": "gen9randombattle-2641665758", "format": "[Gen 9] Random Battle", "players": ["sonnyjimvb2", "sunsa"], "log": "|j|\u2606sonnyjimvb2\n|j|\u2606sunsa\n|t:|1782827078\n|gametype|singles\n|player|p1|sonnyjimvb2|169|1968\n|player|p2|sunsa|fisherman-gen4|2009\n|gen|9\n|tier|[Gen 9] Random Battle\n|rated|\n|rule|Species Clause: Limit one of each Pok\u00e9mon\n|rule|HP Percentage Mod: HP is shown in percentages\n|rule|Sleep Clause Mod: Limit one foe put to sleep\n|rule|Illusion Level Mod: Illusion disguises the Pok\u00e9mon's true level\n|\n|t:|1782827078\n|teamsize|p1|6\n|teamsize|p2|6\n|start\n|switch|p1a: Volcarona|Volcarona, L77, M|257/257\n|switch|p2a: Salamence|Salamence, L77, F|273/273\n|turn|1\n|inactive|Battle timer is ON: inactive players will automatically lose when time's up. (requested by sunsa)\n|\n|t:|1782827087\n|switch|p1a: Banette|Banette, L93, M|270/270\n|move|p2a: Salamence|Dragon Dance|p2a: Salamence\n|-boost|p2a: Salamence|atk|1\n|-boost|p2a: Salamence|spe|1\n|\n|upkeep\n|turn|2\n|\n|t:|1782827093\n|move|p2a: Salamence|Outrage|p1a: Banette\n|-crit|p1a: Banette\n|-damage|p1a: Banette|0 fnt\n|faint|p1a: Banette\n|-ability|p2a: Salamence|Moxie|boost\n|-boost|p2a: Salamence|atk|1\n|\n|upkeep\n|\n|t:|1782827103\n|switch|p1a: Grumpig|Grumpig, L92, F|297/297\n|turn|3\n|\n|t:|1782827109\n|move|p1a: Grumpig|Psyshock|p2a: Salamence\n|-damage|p2a: Salamence|168/273\n|move|p2a: Salamence|Outrage|p1a: Grumpig|[from] lockedmove\n|-damage|p1a: Grumpig|0 fnt\n|faint|p1a: Grumpig\n|-ability|p2a: Salamence|Moxie|boost\n|-boost|p2a: Salamence|atk|1\n|\n|upkeep\n|\n|t:|1782827122\n|switch|p1a: Volcarona|Volcarona, L77, M|257/257\n|turn|4\n|\n|t:|1782827125\n|move|p2a: Salamence|Outrage|p1a: Volcarona|[from] lockedmove\n|-damage|p1a: Volcarona|0 fnt\n|faint|p1a: Volcarona\n|-ability|p2a: Salamence|Moxie|boost\n|-boost|p2a: Salamence|atk|1\n|-start|p2a: Salamence|confusion|[fatigue]\n|\n|upkeep\n|\n|t:|1782827130\n|switch|p1a: Squawkabilly|Squawkabilly-Yellow, L89, F|291/291\n|turn|5\n|\n|t:|1782827135\n|-activate|p2a: Salamence|confusion\n|move|p2a: Salamence|Outrage|p1a: Squawkabilly\n|-damage|p1a: Squawkabilly|0 fnt\n|faint|p1a: Squawkabilly\n|-ability|p2a: Salamence|Moxie|boost\n|-boost|p2a: Salamence|atk|1\n|\n|upkeep\n|-message|sonnyjimvb2 forfeited.\n|\n|win|sunsa\n", "inputlog": ">version f8ac14003a5f27e1bdc8d8c59608a773c1cb96e5\n>start {\"formatid\":\"gen9randombattle\",\"seed\":\"sodium,f97172ba4bcc1d909748ca44c1436bc4\",\"rated\":\"Rated battle\"}\n>player p1 {\"name\":\"sonnyjimvb2\",\"avatar\":\"169\",\"rating\":1968,\"seed\":\"sodium,3044123facfbf1542a03869f6e093543\"}\n>player p2 {\"name\":\"sunsa\",\"avatar\":\"fisherman-gen4\",\"rating\":2009,\"seed\":\"sodium,1bf69b3cec4f527fd25889befdad37be\"}\n>p1 switch 5\n>p2 move dragondance\n>p1 move thunderwave\n>p2 move outrage\n>p1 switch 6\n>p1 move psyshock\n>p2 move outrage\n>p1 switch 5\n>p1 move quiverdance\n>p2 move outrage\n>p1 switch 3\n>p1 move doubleedge\n>p2 move outrage\n>forcelose p1", "uploadtime": 1782827080, "views": 4, "formatid": "gen9randombattle", "rating": null, "private": 0, "password": null, "player_dets": [{"name": "sonnyjimvb2", "avatar": "169", "rating": 1968, "seed": "sodium,3044123facfbf1542a03869f6e093543"}, {"name": "sunsa", "avatar": "fisherman-gen4", "rating": 2009, "seed": "sodium,1bf69b3cec4f527fd25889befdad37be"}], "teams_full": [{"Volcarona": {"name": "Volcarona", "species": "Volcarona", "speciesId": "volcarona", "gender": "M", "shiny": false, "level": 77, "moves": ["quiverdance", "terablast", "gigadrain", "fierydance"], "ability": "Flame Body", "evs": {"hp": 85, "atk": 0, "def": 85, "spa": 85, "spd": 85, "spe": 85}, "ivs": {"hp": 31, "atk": 0, "def": 31, "spa": 31, "spd": 31, "spe": 31}, "item": "Heavy-Duty Boots", "teraType": "Water", "role": "Tera Blast user", "bvs": {"hp": 85, "atk": 60, "def": 65, "spa": 135, "spd": 105, "spe": 100}, "stats": {"hp": 257, "atk": 97, "def": 145, "spa": 252, "spd": 206, "spe": 199}, "types": ["Bug", "Fire"]}, "Houndoom": {"name": "Houndoom", "species": "Houndoom", "speciesId": "houndoom", "gender": "M", "shiny": false, "level": 87, "moves": ["fireblast", "sludgebomb", "darkpulse", "nastyplot"], "ability": "Flash Fire", "evs": {"hp": 85, "atk": 0, "def": 85, "spa": 85, "spd": 85, "spe": 85}, "ivs": {"hp": 31, "atk": 0, "def": 31, "spa": 31, "spd": 31, "spe": 31}, "item": "Heavy-Duty Boots", "teraType": "Poison", "role": "Fast Attacker", "bvs": {"hp": 75, "atk": 90, "def": 50, "spa": 110, "spd": 80, "spe": 95}, "stats": {"hp": 272, "atk": 161, "def": 137, "spa": 241, "spd": 189, "spe": 215}, "types": ["Dark", "Fire"]}, "Squawkabilly": {"name": "Squawkabilly", "species": "Squawkabilly-Yellow", "speciesId": "squawkabillyyellow", "gender": "F", "shiny": false, "level": 89, "moves": ["doubleedge", "partingshot", "quickattack", "bravebird"], "ability": "Hustle", "evs": {"hp": 85, "atk": 85, "def": 85, "spa": 85, "spd": 85, "spe": 85}, "ivs": {"hp": 31, "atk": 31, "def": 31, "spa": 31, "spd": 31, "spe": 31}, "item": "Heavy-Duty Boots", "teraType": "Flying", "role": "Wallbreaker", "bvs": {"hp": 82, "atk": 96, "def": 51, "spa": 45, "spd": 51, "spe": 92}, "stats": {"hp": 291, "atk": 222, "def": 142, "spa": 131, "spd": 142, "spe": 215}, "types": ["Normal", "Flying"]}, "Veluza": {"name": "Veluza", "species": "Veluza", "speciesId": "veluza", "gender": "M", "shiny": false, "level": 85, "moves": ["psychocut", "nightslash", "aquajet", "aquacutter"], "ability": "Sharpness", "evs": {"hp": 85, "atk": 85, "def": 85, "spa": 85, "spd": 85, "spe": 85}, "ivs": {"hp": 31, "atk": 31, "def": 31, "spa": 31, "spd": 31, "spe": 31}, "item": "Choice Band", "teraType": "Water", "role": "Fast Attacker", "bvs": {"hp": 90, "atk": 102, "def": 73, "spa": 78, "spd": 65, "spe": 70}, "stats": {"hp": 292, "atk": 222, "def": 173, "spa": 181, "spd": 159, "spe": 168}, "types": ["Water", "Psychic"]}, "Banette": {"name": "Banette", "species": "Banette", "speciesId": "banette", "gender": "M", "shiny": false, "level": 93, "moves": ["gunkshot", "poltergeist", "shadowsneak", "thunderwave"], "ability": "Cursed Body", "evs": {"hp": 85, "atk": 85, "def": 85, "spa": 85, "spd": 85, "spe": 85}, "ivs": {"hp": 31, "atk": 31, "def": 31, "spa": 31, "spd": 31, "spe": 31}, "item": "Life Orb", "teraType": "Ghost", "role": "Wallbreaker", "bvs": {"hp": 64, "atk": 115, "def": 65, "spa": 83, "spd": 63, "spe": 65}, "stats": {"hp": 270, "atk": 267, "def": 174, "spa": 207, "spd": 170, "spe": 174}, "types": ["Ghost"]}, "Grumpig": {"name": "Grumpig", "species": "Grumpig", "speciesId": "grumpig", "gender": "F", "shiny": false, "level": 92, "moves": ["psyshock", "earthpower", "shadowball", "trick"], "ability": "Thick Fat", "evs": {"hp": 85, "atk": 0, "def": 85, "spa": 85, "spd": 85, "spe": 85}, "ivs": {"hp": 31, "atk": 0, "def": 31, "spa": 31, "spd": 31, "spe": 31}, "item": "Choice Scarf", "teraType": "Ground", "role": "Bulky Attacker", "bvs": {"hp": 80, "atk": 45, "def": 65, "spa": 90, "spd": 110, "spe": 80}, "stats": {"hp": 297, "atk": 87, "def": 172, "spa": 218, "spd": 255, "spe": 200}, "types": ["Psychic"]}}, {"Salamence": {"name": "Salamence", "species": "Salamence", "speciesId": "salamence", "gender": "F", "shiny": false, "level": 77, "moves": ["earthquake", "outrage", "dualwingbeat", "dragondance"], "ability": "Moxie", "evs": {"hp": 85, "atk": 85, "def": 85, "spa": 85, "spd": 85, "spe": 85}, "ivs": {"hp": 31, "atk": 31, "def": 31, "spa": 31, "spd": 31, "spe": 31}, "item": "Heavy-Duty Boots", "teraType": "Ground", "role": "Setup Sweeper", "bvs": {"hp": 95, "atk": 135, "def": 80, "spa": 110, "spd": 80, "spe": 100}, "stats": {"hp": 273, "atk": 252, "def": 168, "spa": 214, "spd": 168, "spe": 199}, "types": ["Dragon", "Flying"]}, "Hatterene": {"name": "Hatterene", "species": "Hatterene", "speciesId": "hatterene", "gender": "F", "shiny": false, "level": 85, "moves": ["mysticalfire", "nuzzle", "drainingkiss", "psychic"], "ability": "Magic Bounce", "evs": {"hp": 85, "atk": 85, "def": 85, "spa": 85, "spd": 85, "spe": 85}, "ivs": {"hp": 31, "atk": 31, "def": 31, "spa": 31, "spd": 31, "spe": 31}, "item": "Assault Vest", "teraType": "Steel", "role": "AV Pivot", "bvs": {"hp": 57, "atk": 90, "def": 95, "spa": 136, "spd": 103, "spe": 29}, "stats": {"hp": 236, "atk": 202, "def": 210, "spa": 280, "spd": 224, "spe": 98}, "types": ["Psychic", "Fairy"]}, "Zekrom": {"name": "Zekrom", "species": "Zekrom", "speciesId": "zekrom", "gender": "N", "shiny": false, "level": 71, "moves": ["substitute", "dragondance", "outrage", "boltstrike"], "ability": "Teravolt", "evs": {"hp": 85, "atk": 85, "def": 85, "spa": 85, "spd": 85, "spe": 85}, "ivs": {"hp": 31, "atk": 31, "def": 31, "spa": 31, "spd": 31, "spe": 31}, "item": "Leftovers", "teraType": "Fairy", "role": "Setup Sweeper", "bvs": {"hp": 100, "atk": 150, "def": 120, "spa": 120, "spd": 100, "spe": 90}, "stats": {"hp": 259, "atk": 254, "def": 212, "spa": 212, "spd": 183, "spe": 169}, "types": ["Dragon", "Electric"]}, "Lucario": {"name": "Lucario", "species": "Lucario", "speciesId": "lucario", "gender": "M", "shiny": false, "level": 84, "moves": ["swordsdance", "closecombat", "meteormash", "extremespeed"], "ability": "Justified", "evs": {"hp": 85, "atk": 85, "def": 85, "spa": 85, "spd": 85, "spe": 85}, "ivs": {"hp": 31, "atk": 31, "def": 31, "spa": 31, "spd": 31, "spe": 31}, "item": "Life Orb", "teraType": "Normal", "role": "Fast Attacker", "bvs": {"hp": 70, "atk": 110, "def": 70, "spa": 115, "spd": 70, "spe": 90}, "stats": {"hp": 255, "atk": 233, "def": 166, "spa": 241, "spd": 166, "spe": 199}, "types": ["Fighting", "Steel"]}, "Moltres": {"name": "Moltres", "species": "Moltres", "speciesId": "moltres", "gender": "N", "shiny": false, "level": 81, "moves": ["fireblast", "roost", "bravebird", "scorchingsands"], "ability": "Flame Body", "evs": {"hp": 85, "atk": 85, "def": 85, "spa": 85, "spd": 85, "spe": 85}, "ivs": {"hp": 31, "atk": 31, "def": 31, "spa": 31, "spd": 31, "spe": 31}, "item": "Heavy-Duty Boots", "teraType": "Ground", "role": "Bulky Attacker", "bvs": {"hp": 90, "atk": 100, "def": 90, "spa": 125, "spd": 85, "spe": 90}, "stats": {"hp": 278, "atk": 209, "def": 192, "spa": 249, "spd": 184, "spe": 192}, "types": ["Fire", "Flying"]}, "Great Tusk": {"name": "Great Tusk", "species": "Great Tusk", "speciesId": "greattusk", "gender": "N", "shiny": false, "level": 77, "moves": ["earthquake", "closecombat", "stoneedge", "bulkup"], "ability": "Protosynthesis", "evs": {"hp": 85, "atk": 85, "def": 85, "spa": 85, "spd": 85, "spe": 85}, "ivs": {"hp": 31, "atk": 31, "def": 31, "spa": 31, "spd": 31, "spe": 31}, "item": "Leftovers", "teraType": "Steel", "role": "Bulky Setup", "bvs": {"hp": 115, "atk": 131, "def": 131, "spa": 53, "spd": 53, "spe": 87}, "stats": {"hp": 304, "atk": 246, "def": 246, "spa": 126, "spd": 126, "spe": 179}, "types": ["Ground", "Fighting"]}}]}