{"id": "gen9randombattle-2641566130", "format": "[Gen 9] Random Battle", "players": ["Lenho", "AlohaNE"], "log": "|j|\u2606Lenho\n|j|\u2606AlohaNE\n|t:|1782809384\n|gametype|singles\n|player|p1|Lenho|169|2090\n|player|p2|AlohaNE|nessa|2033\n|gen|9\n|tier|[Gen 9] Random Battle\n|rated|\n|rule|Species Clause: Limit one of each Pok\u00e9mon\n|rule|HP Percentage Mod: HP is shown in percentages\n|rule|Sleep Clause Mod: Limit one foe put to sleep\n|rule|Illusion Level Mod: Illusion disguises the Pok\u00e9mon's true level\n|\n|t:|1782809384\n|teamsize|p1|6\n|teamsize|p2|6\n|start\n|switch|p1a: Skeledirge|Skeledirge, L79, F|294/294\n|switch|p2a: Raichu|Raichu-Alola, L87, M|246/246\n|turn|1\n|inactive|Battle timer is ON: inactive players will automatically lose when time's up. (requested by Lenho)\n|\n|t:|1782809413\n|switch|p2a: Hydreigon|Hydreigon, L79, M|275/275\n|move|p1a: Skeledirge|Torch Song|p2a: Hydreigon\n|-resisted|p2a: Hydreigon\n|-damage|p2a: Hydreigon|234/275\n|-boost|p1a: Skeledirge|spa|1\n|\n|upkeep\n|turn|2\n|\n|t:|1782809424\n|switch|p1a: Charizard|Charizard, L85, M|271/271\n|move|p2a: Hydreigon|Nasty Plot|p2a: Hydreigon\n|-boost|p2a: Hydreigon|spa|2\n|\n|upkeep\n|turn|3\n|\n|t:|1782809433\n|move|p1a: Charizard|Hurricane|p2a: Hydreigon\n|-damage|p2a: Hydreigon|92/275\n|move|p2a: Hydreigon|Draco Meteor|p1a: Charizard\n|-damage|p1a: Charizard|0 fnt\n|-unboost|p2a: Hydreigon|spa|2\n|faint|p1a: Charizard\n|-damage|p2a: Hydreigon|65/275|[from] item: Life Orb\n|\n|upkeep\n|\n|t:|1782809448\n|switch|p1a: Venusaur|Venusaur, L84, F|272/272\n|turn|4\n|\n|t:|1782809471\n|switch|p2a: Girafarig|Girafarig, L89, F|269/269\n|move|p1a: Venusaur|Sludge Bomb|p2a: Girafarig\n|-damage|p2a: Girafarig|196/269\n|\n|upkeep\n|turn|5\n|\n|t:|1782809480\n|move|p2a: Girafarig|Psyshock|p1a: Venusaur\n|-supereffective|p1a: Venusaur\n|-damage|p1a: Venusaur|86/272\n|move|p1a: Venusaur|Knock Off|p2a: Girafarig\n|-supereffective|p2a: Girafarig\n|-damage|p2a: Girafarig|106/269\n|-enditem|p2a: Girafarig|Eviolite|[from] move: Knock Off|[of] p1a: Venusaur\n|\n|-heal|p1a: Venusaur|103/272|[from] item: Leftovers\n|upkeep\n|turn|6\n|\n|t:|1782809488\n|move|p2a: Girafarig|Psyshock|p1a: Venusaur\n|-supereffective|p1a: Venusaur\n|-damage|p1a: Venusaur|0 fnt\n|faint|p1a: Venusaur\n|\n|upkeep\n|\n|t:|1782809493\n|switch|p1a: Gholdengo|Gholdengo, L77|261/261\n|turn|7\n|\n|t:|1782809510\n|move|p2a: Girafarig|Thunderbolt|p1a: Gholdengo\n|-damage|p1a: Gholdengo|184/261\n|move|p1a: Gholdengo|Make It Rain|p2a: Girafarig\n|-damage|p2a: Girafarig|0 fnt\n|-unboost|p1a: Gholdengo|spa|1\n|faint|p2a: Girafarig\n|\n|-heal|p1a: Gholdengo|200/261|[from] item: Leftovers\n|upkeep\n|inactive|AlohaNE has 120 seconds left.\n|\n|t:|1782809534\n|switch|p2a: Magmortar|Magmortar, L88, M|275/275\n|turn|8\n|\n|t:|1782809539\n|move|p2a: Magmortar|Earthquake|p1a: Gholdengo\n|-supereffective|p1a: Gholdengo\n|-damage|p1a: Gholdengo|54/261\n|move|p1a: Gholdengo|Thunder Wave|p2a: Magmortar\n|-status|p2a: Magmortar|par\n|\n|-heal|p1a: Gholdengo|70/261|[from] item: Leftovers\n|upkeep\n|turn|9\n|inactive|AlohaNE has 120 seconds left.\n|\n|t:|1782809561\n|move|p1a: Gholdengo|Recover|p1a: Gholdengo\n|-heal|p1a: Gholdengo|201/261\n|move|p2a: Magmortar|Earthquake|p1a: Gholdengo\n|-supereffective|p1a: Gholdengo\n|-damage|p1a: Gholdengo|51/261\n|\n|-heal|p1a: Gholdengo|67/261|[from] item: Leftovers\n|upkeep\n|turn|10\n|\n|t:|1782809563\n|move|p1a: Gholdengo|Recover|p1a: Gholdengo\n|-heal|p1a: Gholdengo|198/261\n|move|p2a: Magmortar|Knock Off|p1a: Gholdengo\n|-supereffective|p1a: Gholdengo\n|-damage|p1a: Gholdengo|54/261\n|-enditem|p1a: Gholdengo|Leftovers|[from] move: Knock Off|[of] p2a: Magmortar\n|\n|upkeep\n|turn|11\n|\n|t:|1782809569\n|move|p1a: Gholdengo|Recover|p1a: Gholdengo\n|-heal|p1a: Gholdengo|185/261\n|cant|p2a: Magmortar|par\n|\n|upkeep\n|turn|12\n|\n|t:|1782809577\n|switch|p1a: Skeledirge|Skeledirge, L79, F|294/294\n|move|p2a: Magmortar|Earthquake|p1a: Skeledirge\n|-supereffective|p1a: Skeledirge\n|-damage|p1a: Skeledirge|158/294\n|\n|upkeep\n|turn|13\n|\n|t:|1782809586\n|move|p1a: Skeledirge|Hex|p2a: Magmortar\n|-damage|p2a: Magmortar|149/275 par\n|move|p2a: Magmortar|Knock Off|p1a: Skeledirge\n|-supereffective|p1a: Skeledirge\n|-damage|p1a: Skeledirge|2/294\n|-enditem|p1a: Skeledirge|Heavy-Duty Boots|[from] move: Knock Off|[of] p2a: Magmortar\n|\n|upkeep\n|turn|14\n|\n|t:|1782809591\n|move|p1a: Skeledirge|Slack Off|p1a: Skeledirge\n|-heal|p1a: Skeledirge|149/294\n|move|p2a: Magmortar|Earthquake|p1a: Skeledirge\n|-supereffective|p1a: Skeledirge\n|-damage|p1a: Skeledirge|1/294\n|\n|upkeep\n|turn|15\n|\n|t:|1782809602\n|switch|p2a: Hydreigon|Hydreigon, L79, M|65/275\n|move|p1a: Skeledirge|Slack Off|p1a: Skeledirge\n|-heal|p1a: Skeledirge|148/294\n|\n|upkeep\n|turn|16\n|\n|t:|1782809607\n|move|p2a: Hydreigon|Dark Pulse|p1a: Skeledirge\n|-supereffective|p1a: Skeledirge\n|-damage|p1a: Skeledirge|0 fnt\n|faint|p1a: Skeledirge\n|-damage|p2a: Hydreigon|38/275|[from] item: Life Orb\n|\n|upkeep\n|\n|t:|1782809611\n|switch|p1a: Avalugg|Avalugg, L88, F|310/310\n|turn|17\n|\n|t:|1782809615\n|move|p2a: Hydreigon|Flash Cannon|p1a: Avalugg\n|-supereffective|p1a: Avalugg\n|-damage|p1a: Avalugg|89/310\n|-damage|p2a: Hydreigon|11/275|[from] item: Life Orb\n|move|p1a: Avalugg|Body Press|p2a: Hydreigon\n|-supereffective|p2a: Hydreigon\n|-damage|p2a: Hydreigon|0 fnt\n|faint|p2a: Hydreigon\n|\n|upkeep\n|\n|t:|1782809623\n|switch|p2a: Raichu|Raichu-Alola, L87, M|246/246\n|turn|18\n|\n|t:|1782809626\n|move|p2a: Raichu|Thunderbolt|p1a: Avalugg\n|-damage|p1a: Avalugg|0 fnt\n|faint|p1a: Avalugg\n|\n|upkeep\n|\n|t:|1782809630\n|switch|p1a: Gholdengo|Gholdengo, L77|185/261\n|turn|19\n|\n|t:|1782809659\n|move|p2a: Raichu|Thunderbolt|p1a: Gholdengo\n|-damage|p1a: Gholdengo|38/261\n|move|p1a: Gholdengo|Shadow Ball|p2a: Raichu\n|-supereffective|p2a: Raichu\n|-damage|p2a: Raichu|72/246\n|-unboost|p2a: Raichu|spd|1\n|\n|upkeep\n|turn|20\n|\n|t:|1782809662\n|move|p2a: Raichu|Thunderbolt|p1a: Gholdengo\n|-damage|p1a: Gholdengo|0 fnt\n|faint|p1a: Gholdengo\n|\n|upkeep\n|\n|t:|1782809663\n|switch|p1a: Suicune|Suicune, L82|298/298\n|-ability|p1a: Suicune|Pressure\n|turn|21\n|\n|t:|1782809668\n|-terastallize|p1a: Suicune|Steel\n|move|p2a: Raichu|Thunderbolt|p1a: Suicune\n|-damage|p1a: Suicune|172/298\n|move|p1a: Suicune|Calm Mind|p1a: Suicune\n|-boost|p1a: Suicune|spa|1\n|-boost|p1a: Suicune|spd|1\n|\n|-heal|p1a: Suicune|190/298|[from] item: Leftovers\n|upkeep\n|turn|22\n|\n|t:|1782809671\n|move|p2a: Raichu|Thunderbolt|p1a: Suicune\n|-damage|p1a: Suicune|109/298\n|move|p1a: Suicune|Calm Mind|p1a: Suicune\n|-boost|p1a: Suicune|spa|1\n|-boost|p1a: Suicune|spd|1\n|\n|-heal|p1a: Suicune|127/298|[from] item: Leftovers\n|upkeep\n|turn|23\n|\n|t:|1782809674\n|move|p2a: Raichu|Thunderbolt|p1a: Suicune\n|-damage|p1a: Suicune|69/298\n|-status|p1a: Suicune|par\n|move|p1a: Suicune|Scald|p2a: Raichu\n|-damage|p2a: Raichu|0 fnt\n|faint|p2a: Raichu\n|\n|-heal|p1a: Suicune|87/298 par|[from] item: Leftovers\n|upkeep\n|inactive|AlohaNE has 120 seconds left.\n|\n|t:|1782809705\n|switch|p2a: Iron Jugulis|Iron Jugulis, L77|271/271\n|turn|24\n|\n|t:|1782809709\n|move|p2a: Iron Jugulis|Earth Power|p1a: Suicune\n|-supereffective|p1a: Suicune\n|-damage|p1a: Suicune|31/298 par\n|cant|p1a: Suicune|par\n|\n|-heal|p1a: Suicune|49/298 par|[from] item: Leftovers\n|upkeep\n|turn|25\n|\n|t:|1782809713\n|move|p2a: Iron Jugulis|Earth Power|p1a: Suicune\n|-supereffective|p1a: Suicune\n|-damage|p1a: Suicune|0 fnt\n|faint|p1a: Suicune\n|\n|win|AlohaNE\n", "inputlog": ">version f8ac14003a5f27e1bdc8d8c59608a773c1cb96e5\n>start {\"formatid\":\"gen9randombattle\",\"seed\":\"sodium,2698958a2af0758578bcccb5d9d22d42\",\"rated\":\"Rated battle\"}\n>player p1 {\"name\":\"Lenho\",\"avatar\":\"169\",\"rating\":2090,\"seed\":\"sodium,26f174d24304ef887c0d6ff6169504f4\"}\n>player p2 {\"name\":\"AlohaNE\",\"avatar\":\"nessa\",\"rating\":2033,\"seed\":\"sodium,05c2ff0994a40044347dac710fb7760c\"}\n>p1 move torchsong\n>p2 switch 6\n>p1 switch 3\n>p2 move nastyplot\n>p1 move hurricane\n>p2 move dracometeor\n>p1 switch 5\n>p1 move sludgebomb\n>p2 switch 5\n>p1 move knockoff\n>p2 move psyshock\n>p1 move sludgebomb\n>p2 move psyshock\n>p1 switch 4\n>p1 move makeitrain\n>p2 move thunderbolt\n>p2 switch 3\n>p1 move thunderwave\n>p2 move earthquake\n>p1 move recover\n>p2 move earthquake\n>p1 move recover\n>p2 move knockoff\n>p1 move recover\n>p2 move earthquake\n>p1 switch 3\n>p2 move earthquake\n>p1 move hex\n>p2 move knockoff\n>p1 move slackoff\n>p2 move earthquake\n>p1 move slackoff\n>p2 switch 5\n>p1 move torchsong\n>p2 move darkpulse\n>p1 switch 2\n>p1 move bodypress\n>p2 move flashcannon\n>p2 switch 6\n>p1 move avalanche\n>p2 move thunderbolt\n>p1 switch 3\n>p1 move shadowball\n>p2 move thunderbolt\n>p1 move shadowball\n>p2 move thunderbolt\n>p1 switch 6\n>p1 move calmmind terastallize\n>p2 move thunderbolt\n>p1 move calmmind\n>p2 move thunderbolt\n>p1 move scald\n>p2 move thunderbolt\n>p2 switch 4\n>p1 move icebeam\n>p2 move earthpower\n>p1 move icebeam\n>p2 move earthpower", "uploadtime": 1782809386, "views": 3, "formatid": "gen9randombattle", "rating": null, "private": 0, "password": null, "player_dets": [{"name": "Lenho", "avatar": "169", "rating": 2090, "seed": "sodium,26f174d24304ef887c0d6ff6169504f4"}, {"name": "AlohaNE", "avatar": "nessa", "rating": 2033, "seed": "sodium,05c2ff0994a40044347dac710fb7760c"}], "teams_full": [{"Skeledirge": {"name": "Skeledirge", "species": "Skeledirge", "speciesId": "skeledirge", "gender": "F", "shiny": false, "level": 79, "moves": ["slackoff", "hex", "torchsong", "willowisp"], "ability": "Unaware", "evs": {"hp": 85, "atk": 0, "def": 85, "spa": 85, "spd": 85, "spe": 85}, "ivs": {"hp": 31, "atk": 0, "def": 31, "spa": 31, "spd": 31, "spe": 31}, "item": "Heavy-Duty Boots", "teraType": "Fairy", "role": "Bulky Support", "bvs": {"hp": 104, "atk": 75, "def": 100, "spa": 110, "spd": 75, "spe": 66}, "stats": {"hp": 294, "atk": 123, "def": 204, "spa": 219, "spd": 164, "spe": 150}, "types": ["Fire", "Ghost"]}, "Avalugg": {"name": "Avalugg", "species": "Avalugg", "speciesId": "avalugg", "gender": "F", "shiny": false, "level": 88, "moves": ["recover", "bodypress", "avalanche", "rapidspin"], "ability": "Sturdy", "evs": {"hp": 85, "atk": 85, "def": 85, "spa": 85, "spd": 85, "spe": 85}, "ivs": {"hp": 31, "atk": 31, "def": 31, "spa": 31, "spd": 31, "spe": 31}, "item": "Heavy-Duty Boots", "teraType": "Fighting", "role": "Bulky Support", "bvs": {"hp": 95, "atk": 117, "def": 184, "spa": 44, "spd": 46, "spe": 28}, "stats": {"hp": 310, "atk": 256, "def": 374, "spa": 128, "spd": 131, "spe": 100}, "types": ["Ice"]}, "Charizard": {"name": "Charizard", "species": "Charizard", "speciesId": "charizard", "gender": "M", "shiny": false, "level": 85, "moves": ["willowisp", "hurricane", "earthquake", "flamethrower"], "ability": "Blaze", "evs": {"hp": 85, "atk": 85, "def": 85, "spa": 85, "spd": 85, "spe": 85}, "ivs": {"hp": 31, "atk": 31, "def": 31, "spa": 31, "spd": 31, "spe": 31}, "item": "Heavy-Duty Boots", "teraType": "Ground", "role": "Fast Attacker", "bvs": {"hp": 78, "atk": 84, "def": 78, "spa": 109, "spd": 85, "spe": 100}, "stats": {"hp": 271, "atk": 192, "def": 181, "spa": 234, "spd": 193, "spe": 219}, "types": ["Fire", "Flying"]}, "Gholdengo": {"name": "Gholdengo", "species": "Gholdengo", "speciesId": "gholdengo", "gender": "N", "shiny": false, "level": 77, "moves": ["recover", "shadowball", "makeitrain", "thunderwave"], "ability": "Good as Gold", "evs": {"hp": 85, "atk": 0, "def": 85, "spa": 85, "spd": 85, "spe": 85}, "ivs": {"hp": 31, "atk": 0, "def": 31, "spa": 31, "spd": 31, "spe": 31}, "item": "Leftovers", "teraType": "Steel", "role": "Bulky Support", "bvs": {"hp": 87, "atk": 60, "def": 95, "spa": 133, "spd": 91, "spe": 84}, "stats": {"hp": 261, "atk": 97, "def": 191, "spa": 249, "spd": 185, "spe": 174}, "types": ["Steel", "Ghost"]}, "Venusaur": {"name": "Venusaur", "species": "Venusaur", "speciesId": "venusaur", "gender": "F", "shiny": false, "level": 84, "moves": ["synthesis", "knockoff", "earthpower", "sludgebomb"], "ability": "Chlorophyll", "evs": {"hp": 85, "atk": 85, "def": 85, "spa": 85, "spd": 85, "spe": 85}, "ivs": {"hp": 31, "atk": 31, "def": 31, "spa": 31, "spd": 31, "spe": 31}, "item": "Leftovers", "teraType": "Steel", "role": "Bulky Attacker", "bvs": {"hp": 80, "atk": 82, "def": 83, "spa": 100, "spd": 100, "spe": 80}, "stats": {"hp": 272, "atk": 186, "def": 188, "spa": 216, "spd": 216, "spe": 183}, "types": ["Grass", "Poison"]}, "Suicune": {"name": "Suicune", "species": "Suicune", "speciesId": "suicune", "gender": "N", "shiny": false, "level": 82, "moves": ["scald", "icebeam", "calmmind", "substitute"], "ability": "Pressure", "evs": {"hp": 85, "atk": 0, "def": 85, "spa": 85, "spd": 85, "spe": 85}, "ivs": {"hp": 31, "atk": 0, "def": 31, "spa": 31, "spd": 31, "spe": 31}, "item": "Leftovers", "teraType": "Steel", "role": "Bulky Setup", "bvs": {"hp": 100, "atk": 75, "def": 115, "spa": 90, "spd": 115, "spe": 85}, "stats": {"hp": 298, "atk": 127, "def": 236, "spa": 195, "spd": 236, "spe": 187}, "types": ["Water"]}}, {"Raichu": {"name": "Raichu", "species": "Raichu-Alola", "speciesId": "raichualola", "gender": "M", "shiny": false, "level": 87, "moves": ["psyshock", "grassknot", "alluringvoice", "thunderbolt"], "ability": "Surge Surfer", "evs": {"hp": 85, "atk": 0, "def": 85, "spa": 85, "spd": 85, "spe": 85}, "ivs": {"hp": 31, "atk": 0, "def": 31, "spa": 31, "spd": 31, "spe": 31}, "item": "Choice Specs", "teraType": "Fairy", "role": "Fast Attacker", "bvs": {"hp": 60, "atk": 85, "def": 50, "spa": 95, "spd": 85, "spe": 110}, "stats": {"hp": 246, "atk": 152, "def": 137, "spa": 215, "spd": 198, "spe": 241}, "types": ["Electric", "Psychic"]}, "Dedenne": {"name": "Dedenne", "species": "Dedenne", "speciesId": "dedenne", "gender": "M", "shiny": false, "level": 88, "moves": ["nuzzle", "uturn", "dazzlinggleam", "thunderbolt"], "ability": "Cheek Pouch", "evs": {"hp": 85, "atk": 85, "def": 85, "spa": 85, "spd": 85, "spe": 85}, "ivs": {"hp": 31, "atk": 31, "def": 31, "spa": 31, "spd": 31, "spe": 31}, "item": "Sitrus Berry", "teraType": "Flying", "role": "Fast Support", "bvs": {"hp": 67, "atk": 58, "def": 57, "spa": 81, "spd": 67, "spe": 101}, "stats": {"hp": 261, "atk": 152, "def": 151, "spa": 193, "spd": 168, "spe": 228}, "types": ["Electric", "Fairy"]}, "Magmortar": {"name": "Magmortar", "species": "Magmortar", "speciesId": "magmortar", "gender": "M", "shiny": false, "level": 88, "moves": ["thunderbolt", "earthquake", "fireblast", "knockoff"], "ability": "Flame Body", "evs": {"hp": 85, "atk": 85, "def": 85, "spa": 85, "spd": 85, "spe": 85}, "ivs": {"hp": 31, "atk": 31, "def": 31, "spa": 31, "spd": 31, "spe": 31}, "item": "Heavy-Duty Boots", "teraType": "Electric", "role": "Fast Attacker", "bvs": {"hp": 75, "atk": 95, "def": 67, "spa": 125, "spd": 95, "spe": 83}, "stats": {"hp": 275, "atk": 217, "def": 168, "spa": 270, "spd": 217, "spe": 196}, "types": ["Fire"]}, "Iron Jugulis": {"name": "Iron Jugulis", "species": "Iron Jugulis", "speciesId": "ironjugulis", "gender": "N", "shiny": false, "level": 77, "moves": ["hurricane", "earthpower", "meteorbeam", "darkpulse"], "ability": "Quark Drive", "evs": {"hp": 85, "atk": 0, "def": 85, "spa": 85, "spd": 85, "spe": 85}, "ivs": {"hp": 31, "atk": 0, "def": 31, "spa": 31, "spd": 31, "spe": 31}, "item": "Power Herb", "teraType": "Dark", "role": "Setup Sweeper", "bvs": {"hp": 94, "atk": 80, "def": 86, "spa": 122, "spd": 80, "spe": 108}, "stats": {"hp": 271, "atk": 128, "def": 177, "spa": 232, "spd": 168, "spe": 211}, "types": ["Dark", "Flying"]}, "Girafarig": {"name": "Girafarig", "species": "Girafarig", "speciesId": "girafarig", "gender": "F", "shiny": false, "level": 89, "moves": ["psyshock", "thunderbolt", "hypervoice", "nastyplot"], "ability": "Sap Sipper", "evs": {"hp": 85, "atk": 0, "def": 85, "spa": 85, "spd": 85, "spe": 85}, "ivs": {"hp": 31, "atk": 0, "def": 31, "spa": 31, "spd": 31, "spe": 31}, "item": "Eviolite", "teraType": "Electric", "role": "Fast Bulky Setup", "bvs": {"hp": 70, "atk": 80, "def": 65, "spa": 90, "spd": 65, "spe": 85}, "stats": {"hp": 269, "atk": 147, "def": 166, "spa": 211, "spd": 166, "spe": 202}, "types": ["Normal", "Psychic"]}, "Hydreigon": {"name": "Hydreigon", "species": "Hydreigon", "speciesId": "hydreigon", "gender": "M", "shiny": false, "level": 79, "moves": ["darkpulse", "nastyplot", "dracometeor", "flashcannon"], "ability": "Levitate", "evs": {"hp": 85, "atk": 0, "def": 85, "spa": 85, "spd": 85, "spe": 85}, "ivs": {"hp": 31, "atk": 0, "def": 31, "spa": 31, "spd": 31, "spe": 31}, "item": "Life Orb", "teraType": "Steel", "role": "Fast Attacker", "bvs": {"hp": 92, "atk": 105, "def": 90, "spa": 125, "spd": 90, "spe": 98}, "stats": {"hp": 275, "atk": 170, "def": 188, "spa": 243, "spd": 188, "spe": 200}, "types": ["Dark", "Dragon"]}}]}