{"id": "gen9randombattle-2641085814", "format": "[Gen 9] Random Battle", "players": ["1414144l", "Gliese 484"], "log": "|j|\u26061414144l\n|j|\u2606Gliese 484\n|t:|1782738374\n|gametype|singles\n|player|p1|1414144l|170|2028\n|player|p2|Gliese 484|265|1996\n|gen|9\n|tier|[Gen 9] Random Battle\n|rated|\n|rule|Species Clause: Limit one of each Pok\u00e9mon\n|rule|HP Percentage Mod: HP is shown in percentages\n|rule|Sleep Clause Mod: Limit one foe put to sleep\n|rule|Illusion Level Mod: Illusion disguises the Pok\u00e9mon's true level\n|\n|t:|1782738374\n|teamsize|p1|6\n|teamsize|p2|6\n|start\n|switch|p1a: Sandslash|Sandslash-Alola, L88, M|275/275\n|switch|p2a: Azelf|Azelf, L82|257/257\n|turn|1\n|inactive|Battle timer is ON: inactive players will automatically lose when time's up. (requested by Gliese 484)\n|\n|t:|1782738396\n|move|p2a: Azelf|Fire Blast|p1a: Sandslash\n|-supereffective|p1a: Sandslash\n|-damage|p1a: Sandslash|0 fnt\n|faint|p1a: Sandslash\n|-damage|p2a: Azelf|232/257|[from] item: Life Orb\n|\n|upkeep\n|\n|t:|1782738403\n|switch|p1a: Araquanid|Araquanid, L82, M|246/246\n|turn|2\n|\n|t:|1782738421\n|move|p2a: Azelf|Psychic|p1a: Araquanid\n|-damage|p1a: Araquanid|147/246\n|-damage|p2a: Azelf|207/257|[from] item: Life Orb\n|move|p1a: Araquanid|Sticky Web|p2a: Azelf\n|-sidestart|p2: Gliese 484|move: Sticky Web\n|\n|upkeep\n|turn|3\n|\n|t:|1782738427\n|move|p2a: Azelf|Encore|p1a: Araquanid\n|-start|p1a: Araquanid|Encore\n|move|p1a: Araquanid|Sticky Web||[still]\n|-fail|p1a: Araquanid\n|\n|upkeep\n|turn|4\n|\n|t:|1782738435\n|switch|p1a: Kilowattrel|Kilowattrel, L83, F|252/252\n|move|p2a: Azelf|Psychic|p1a: Kilowattrel\n|-damage|p1a: Kilowattrel|77/252\n|-unboost|p1a: Kilowattrel|spd|1\n|-damage|p2a: Azelf|182/257|[from] item: Life Orb\n|\n|upkeep\n|turn|5\n|\n|t:|1782738448\n|move|p1a: Kilowattrel|U-turn|p2a: Azelf\n|-supereffective|p2a: Azelf\n|-damage|p2a: Azelf|96/257\n|\n|t:|1782738450\n|switch|p1a: Araquanid|Araquanid, L82, M|147/246|[from] U-turn\n|move|p2a: Azelf|Psychic|p1a: Araquanid\n|-damage|p1a: Araquanid|40/246\n|-damage|p2a: Azelf|71/257|[from] item: Life Orb\n|\n|upkeep\n|turn|6\n|\n|t:|1782738453\n|move|p2a: Azelf|Psychic|p1a: Araquanid\n|-damage|p1a: Araquanid|0 fnt\n|faint|p1a: Araquanid\n|-damage|p2a: Azelf|46/257|[from] item: Life Orb\n|\n|upkeep\n|\n|t:|1782738468\n|switch|p1a: Kilowattrel|Kilowattrel, L83, F|77/252\n|turn|7\n|\n|t:|1782738477\n|move|p1a: Kilowattrel|Roost|p1a: Kilowattrel\n|-heal|p1a: Kilowattrel|203/252\n|-singleturn|p1a: Kilowattrel|move: Roost\n|move|p2a: Azelf|Psychic|p1a: Kilowattrel\n|-damage|p1a: Kilowattrel|26/252\n|-damage|p2a: Azelf|21/257|[from] item: Life Orb\n|\n|upkeep\n|turn|8\n|\n|t:|1782738483\n|move|p1a: Kilowattrel|Thunderbolt|p2a: Azelf\n|-damage|p2a: Azelf|0 fnt\n|faint|p2a: Azelf\n|\n|upkeep\n|\n|t:|1782738488\n|switch|p2a: Avalugg|Avalugg, L88, M|310/310\n|turn|9\n|\n|t:|1782738516\n|move|p1a: Kilowattrel|Roost|p1a: Kilowattrel\n|-heal|p1a: Kilowattrel|152/252\n|-singleturn|p1a: Kilowattrel|move: Roost\n|move|p2a: Avalugg|Rapid Spin|p1a: Kilowattrel\n|-damage|p1a: Kilowattrel|91/252\n|-boost|p2a: Avalugg|spe|1\n|-sideend|p2: Gliese 484|Sticky Web|[from] move: Rapid Spin|[of] p2a: Avalugg\n|\n|upkeep\n|turn|10\n|\n|t:|1782738529\n|move|p1a: Kilowattrel|Thunderbolt|p2a: Avalugg\n|-damage|p2a: Avalugg|174/310\n|-status|p2a: Avalugg|par\n|move|p2a: Avalugg|Avalanche|p1a: Kilowattrel\n|-supereffective|p1a: Kilowattrel\n|-damage|p1a: Kilowattrel|0 fnt\n|faint|p1a: Kilowattrel\n|\n|upkeep\n|inactive|1414144l has 120 seconds left.\n|\n|t:|1782738547\n|switch|p1a: Salazzle|Salazzle, L83, F|249/249\n|turn|11\n|l|\u2606Gliese 484\n|inactive|Gliese 484 disconnected and has a minute to reconnect!\n|player|p2|\n|j|\u2606Gliese 484\n|inactive|Gliese 484 reconnected and has 130 seconds left.\n|player|p2|Gliese 484|265|\n|\n|t:|1782738571\n|switch|p2a: Grumpig|Grumpig, L92, F|297/297\n|move|p1a: Salazzle|Nasty Plot|p1a: Salazzle\n|-boost|p1a: Salazzle|spa|2\n|\n|upkeep\n|turn|12\n|\n|t:|1782738590\n|-terastallize|p1a: Salazzle|Grass\n|move|p1a: Salazzle|Sludge Wave|p2a: Grumpig\n|-damage|p2a: Grumpig|123/297\n|move|p2a: Grumpig|Psychic|p1a: Salazzle\n|-damage|p1a: Salazzle|110/249\n|\n|-heal|p2a: Grumpig|141/297|[from] item: Leftovers\n|upkeep\n|turn|13\n|l|\u2606Gliese 484\n|inactive|Gliese 484 disconnected and has a minute to reconnect!\n|player|p2|\n|j|\u2606Gliese 484\n|inactive|Gliese 484 reconnected and has 135 seconds left.\n|player|p2|Gliese 484|265|\n|\n|t:|1782738614\n|move|p1a: Salazzle|Sludge Wave|p2a: Grumpig\n|-damage|p2a: Grumpig|0 fnt\n|faint|p2a: Grumpig\n|\n|upkeep\n|\n|t:|1782738618\n|switch|p2a: Wugtrio|Wugtrio, L91, F|212/212\n|turn|14\n|inactive|Gliese 484 has 120 seconds left.\n|\n|t:|1782738645\n|switch|p2a: Avalugg|Avalugg, L88, M|174/310 par\n|move|p1a: Salazzle|Tera Blast|p2a: Avalugg|[anim] Tera Blast Grass\n|-damage|p2a: Avalugg|0 fnt\n|faint|p2a: Avalugg\n|\n|upkeep\n|\n|t:|1782738647\n|switch|p2a: Hydreigon|Hydreigon, L79, M|275/275\n|turn|15\n|\n|t:|1782738654\n|move|p1a: Salazzle|Sludge Wave|p2a: Hydreigon\n|-damage|p2a: Hydreigon|41/275\n|move|p2a: Hydreigon|Dark Pulse|p1a: Salazzle\n|-damage|p1a: Salazzle|0 fnt\n|faint|p1a: Salazzle\n|-damage|p2a: Hydreigon|14/275|[from] item: Life Orb\n|\n|upkeep\n|inactive|1414144l has 120 seconds left.\n|\n|t:|1782738690\n|switch|p1a: Azumarill|Azumarill, L82, M|298/298\n|turn|16\n|\n|t:|1782738698\n|move|p2a: Hydreigon|Flash Cannon|p1a: Azumarill\n|-damage|p1a: Azumarill|214/298\n|-damage|p2a: Hydreigon|0 fnt|[from] item: Life Orb\n|faint|p2a: Hydreigon\n|move|p1a: Azumarill|Play Rough|p2: Hydreigon|[notarget]\n|-fail|p1a: Azumarill\n|\n|upkeep\n|\n|t:|1782738703\n|switch|p2a: Rampardos|Rampardos, L90, F|321/321\n|turn|17\n|inactive|1414144l has 120 seconds left.\n|\n|t:|1782738738\n|move|p2a: Rampardos|Head Smash|p1a: Azumarill\n|-damage|p1a: Azumarill|0 fnt\n|faint|p1a: Azumarill\n|-damage|p2a: Rampardos|214/321|[from] Recoil\n|\n|upkeep\n|\n|t:|1782738742\n|switch|p1a: Ursaring|Ursaring, L84, F|288/288\n|turn|18\n|\n|t:|1782738754\n|-terastallize|p2a: Rampardos|Rock\n|move|p2a: Rampardos|Head Smash|p1a: Ursaring\n|-damage|p1a: Ursaring|0 fnt\n|faint|p1a: Ursaring\n|-damage|p2a: Rampardos|70/321|[from] Recoil\n|\n|win|Gliese 484\n", "inputlog": ">version f8ac14003a5f27e1bdc8d8c59608a773c1cb96e5\n>start {\"formatid\":\"gen9randombattle\",\"seed\":\"sodium,44974fb32f7ae515c0a4035ce3c5b02f\",\"rated\":\"Rated battle\"}\n>player p1 {\"name\":\"1414144l\",\"avatar\":\"170\",\"rating\":2028,\"seed\":\"sodium,518a6b68c1c4487f65a2e97705949078\"}\n>player p2 {\"name\":\"Gliese 484\",\"avatar\":\"265\",\"rating\":1996,\"seed\":\"sodium,b8bfebbb09c46df5bf76a93812c7d8c4\"}\n>p1 move rapidspin\n>p2 move fireblast\n>p1 switch 4\n>p1 move stickyweb\n>p2 move psychic\n>p1 move leechlife\n>p2 move encore\n>p1 switch 5\n>p2 move psychic\n>p1 move uturn\n>p2 move psychic\n>p1 switch 5\n>p1 move leechlife\n>p2 move psychic\n>p1 switch 5\n>p1 move roost\n>p2 move psychic\n>p1 move thunderbolt\n>p2 move explosion\n>p2 switch 4\n>p1 move roost\n>p2 move rapidspin\n>p1 move thunderbolt\n>p2 move avalanche\n>p1 switch 2\n>p1 move nastyplot\n>p2 switch 2\n>p1 move sludgewave terastallize\n>p2 move psychic\n>p1 move sludgewave\n>p2 move psychic\n>p2 switch 5\n>p1 move terablast\n>p2 switch 2\n>p2 switch 3\n>p1 move sludgewave\n>p2 move darkpulse\n>p1 switch 3\n>p1 move playrough\n>p2 move flashcannon\n>p2 switch 6\n>p1 move playrough\n>p2 move headsmash\n>p1 switch 6\n>p1 move closecombat\n>p2 move headsmash terastallize", "uploadtime": 1782738375, "views": 4, "formatid": "gen9randombattle", "rating": null, "private": 0, "password": null, "player_dets": [{"name": "1414144l", "avatar": "170", "rating": 2028, "seed": "sodium,518a6b68c1c4487f65a2e97705949078"}, {"name": "Gliese 484", "avatar": "265", "rating": 1996, "seed": "sodium,b8bfebbb09c46df5bf76a93812c7d8c4"}], "teams_full": [{"Sandslash": {"name": "Sandslash", "species": "Sandslash-Alola", "speciesId": "sandslashalola", "gender": "M", "shiny": false, "level": 88, "moves": ["ironhead", "earthquake", "rapidspin", "tripleaxel"], "ability": "Slush Rush", "evs": {"hp": 85, "atk": 85, "def": 85, "spa": 85, "spd": 85, "spe": 85}, "ivs": {"hp": 31, "atk": 31, "def": 31, "spa": 31, "spd": 31, "spe": 31}, "item": "Assault Vest", "teraType": "Flying", "role": "Bulky Support", "bvs": {"hp": 75, "atk": 100, "def": 120, "spa": 25, "spd": 65, "spe": 65}, "stats": {"hp": 275, "atk": 226, "def": 261, "spa": 94, "spd": 165, "spe": 165}, "types": ["Ice", "Steel"]}, "Salazzle": {"name": "Salazzle", "species": "Salazzle", "speciesId": "salazzle", "gender": "F", "shiny": false, "level": 83, "moves": ["fireblast", "nastyplot", "terablast", "sludgewave"], "ability": "Corrosion", "evs": {"hp": 85, "atk": 0, "def": 85, "spa": 85, "spd": 85, "spe": 85}, "ivs": {"hp": 31, "atk": 0, "def": 31, "spa": 31, "spd": 31, "spe": 31}, "item": "Heavy-Duty Boots", "teraType": "Grass", "role": "Tera Blast user", "bvs": {"hp": 68, "atk": 64, "def": 60, "spa": 111, "spd": 60, "spe": 117}, "stats": {"hp": 249, "atk": 111, "def": 147, "spa": 232, "spd": 147, "spe": 242}, "types": ["Poison", "Fire"]}, "Azumarill": {"name": "Azumarill", "species": "Azumarill", "speciesId": "azumarill", "gender": "M", "shiny": false, "level": 82, "moves": ["playrough", "knockoff", "liquidation", "aquajet"], "ability": "Huge Power", "evs": {"hp": 85, "atk": 85, "def": 85, "spa": 85, "spd": 85, "spe": 85}, "ivs": {"hp": 31, "atk": 31, "def": 31, "spa": 31, "spd": 31, "spe": 31}, "item": "Choice Band", "teraType": "Water", "role": "Bulky Attacker", "bvs": {"hp": 100, "atk": 50, "def": 80, "spa": 60, "spd": 80, "spe": 50}, "stats": {"hp": 298, "atk": 129, "def": 178, "spa": 146, "spd": 178, "spe": 129}, "types": ["Water", "Fairy"]}, "Araquanid": {"name": "Araquanid", "species": "Araquanid", "speciesId": "araquanid", "gender": "M", "shiny": false, "level": 82, "moves": ["hydropump", "liquidation", "stickyweb", "leechlife"], "ability": "Water Bubble", "evs": {"hp": 85, "atk": 85, "def": 85, "spa": 85, "spd": 85, "spe": 85}, "ivs": {"hp": 31, "atk": 31, "def": 31, "spa": 31, "spd": 31, "spe": 31}, "item": "Heavy-Duty Boots", "teraType": "Water", "role": "Bulky Attacker", "bvs": {"hp": 68, "atk": 70, "def": 92, "spa": 50, "spd": 132, "spe": 42}, "stats": {"hp": 246, "atk": 162, "def": 198, "spa": 129, "spd": 264, "spe": 116}, "types": ["Water", "Bug"]}, "Kilowattrel": {"name": "Kilowattrel", "species": "Kilowattrel", "speciesId": "kilowattrel", "gender": "F", "shiny": false, "level": 83, "moves": ["uturn", "hurricane", "roost", "thunderbolt"], "ability": "Volt Absorb", "evs": {"hp": 85, "atk": 85, "def": 85, "spa": 85, "spd": 85, "spe": 85}, "ivs": {"hp": 31, "atk": 31, "def": 31, "spa": 31, "spd": 31, "spe": 31}, "item": "Heavy-Duty Boots", "teraType": "Steel", "role": "Bulky Attacker", "bvs": {"hp": 70, "atk": 70, "def": 60, "spa": 105, "spd": 60, "spe": 125}, "stats": {"hp": 252, "atk": 164, "def": 147, "spa": 222, "spd": 147, "spe": 255}, "types": ["Electric", "Flying"]}, "Ursaring": {"name": "Ursaring", "species": "Ursaring", "speciesId": "ursaring", "gender": "F", "shiny": false, "level": 84, "moves": ["crunch", "swordsdance", "facade", "closecombat"], "ability": "Quick Feet", "evs": {"hp": 85, "atk": 85, "def": 85, "spa": 85, "spd": 85, "spe": 85}, "ivs": {"hp": 31, "atk": 31, "def": 31, "spa": 31, "spd": 31, "spe": 31}, "item": "Toxic Orb", "teraType": "Normal", "role": "Setup Sweeper", "bvs": {"hp": 90, "atk": 130, "def": 75, "spa": 75, "spd": 75, "spe": 55}, "stats": {"hp": 288, "atk": 267, "def": 174, "spa": 174, "spd": 174, "spe": 141}, "types": ["Normal"]}}, {"Azelf": {"name": "Azelf", "species": "Azelf", "speciesId": "azelf", "gender": "N", "shiny": false, "level": 82, "moves": ["encore", "fireblast", "explosion", "psychic"], "ability": "Levitate", "evs": {"hp": 85, "atk": 85, "def": 85, "spa": 85, "spd": 85, "spe": 85}, "ivs": {"hp": 31, "atk": 31, "def": 31, "spa": 31, "spd": 31, "spe": 31}, "item": "Life Orb", "teraType": "Fire", "role": "Fast Support", "bvs": {"hp": 75, "atk": 125, "def": 70, "spa": 125, "spd": 70, "spe": 115}, "stats": {"hp": 257, "atk": 252, "def": 162, "spa": 252, "spd": 162, "spe": 236}, "types": ["Psychic"]}, "Grumpig": {"name": "Grumpig", "species": "Grumpig", "speciesId": "grumpig", "gender": "F", "shiny": false, "level": 92, "moves": ["nastyplot", "focusblast", "psychic", "shadowball"], "ability": "Thick Fat", "evs": {"hp": 85, "atk": 0, "def": 85, "spa": 85, "spd": 85, "spe": 85}, "ivs": {"hp": 31, "atk": 0, "def": 31, "spa": 31, "spd": 31, "spe": 31}, "item": "Leftovers", "teraType": "Fighting", "role": "Bulky Setup", "bvs": {"hp": 80, "atk": 45, "def": 65, "spa": 90, "spd": 110, "spe": 80}, "stats": {"hp": 297, "atk": 87, "def": 172, "spa": 218, "spd": 255, "spe": 200}, "types": ["Psychic"]}, "Hydreigon": {"name": "Hydreigon", "species": "Hydreigon", "speciesId": "hydreigon", "gender": "M", "shiny": false, "level": 79, "moves": ["flashcannon", "darkpulse", "nastyplot", "dracometeor"], "ability": "Levitate", "evs": {"hp": 85, "atk": 0, "def": 85, "spa": 85, "spd": 85, "spe": 85}, "ivs": {"hp": 31, "atk": 0, "def": 31, "spa": 31, "spd": 31, "spe": 31}, "item": "Life Orb", "teraType": "Dragon", "role": "Fast Attacker", "bvs": {"hp": 92, "atk": 105, "def": 90, "spa": 125, "spd": 90, "spe": 98}, "stats": {"hp": 275, "atk": 170, "def": 188, "spa": 243, "spd": 188, "spe": 200}, "types": ["Dark", "Dragon"]}, "Avalugg": {"name": "Avalugg", "species": "Avalugg", "speciesId": "avalugg", "gender": "M", "shiny": false, "level": 88, "moves": ["avalanche", "rapidspin", "recover", "bodypress"], "ability": "Sturdy", "evs": {"hp": 85, "atk": 85, "def": 85, "spa": 85, "spd": 85, "spe": 85}, "ivs": {"hp": 31, "atk": 31, "def": 31, "spa": 31, "spd": 31, "spe": 31}, "item": "Heavy-Duty Boots", "teraType": "Fighting", "role": "Bulky Support", "bvs": {"hp": 95, "atk": 117, "def": 184, "spa": 44, "spd": 46, "spe": 28}, "stats": {"hp": 310, "atk": 256, "def": 374, "spa": 128, "spd": 131, "spe": 100}, "types": ["Ice"]}, "Wugtrio": {"name": "Wugtrio", "species": "Wugtrio", "speciesId": "wugtrio", "gender": "F", "shiny": false, "level": 91, "moves": ["stompingtantrum", "throatchop", "liquidation", "aquajet"], "ability": "Gooey", "evs": {"hp": 85, "atk": 85, "def": 85, "spa": 85, "spd": 85, "spe": 85}, "ivs": {"hp": 31, "atk": 31, "def": 31, "spa": 31, "spd": 31, "spe": 31}, "item": "Choice Band", "teraType": "Ground", "role": "Fast Attacker", "bvs": {"hp": 35, "atk": 100, "def": 50, "spa": 50, "spd": 70, "spe": 120}, "stats": {"hp": 212, "atk": 234, "def": 143, "spa": 143, "spd": 179, "spe": 270}, "types": ["Water"]}, "Rampardos": {"name": "Rampardos", "species": "Rampardos", "speciesId": "rampardos", "gender": "F", "shiny": false, "level": 90, "moves": ["rockslide", "headsmash", "earthquake", "firepunch"], "ability": "Sheer Force", "evs": {"hp": 85, "atk": 85, "def": 85, "spa": 85, "spd": 85, "spe": 85}, "ivs": {"hp": 31, "atk": 31, "def": 31, "spa": 31, "spd": 31, "spe": 31}, "item": "Choice Scarf", "teraType": "Rock", "role": "Fast Attacker", "bvs": {"hp": 97, "atk": 165, "def": 60, "spa": 65, "spd": 50, "spe": 58}, "stats": {"hp": 321, "atk": 348, "def": 159, "spa": 168, "spd": 141, "spe": 156}, "types": ["Rock"]}}]}