{"id": "gen9randombattle-2641293306", "format": "[Gen 9] Random Battle", "players": ["FranA123", "myworldinflames"], "log": "|j|\u2606FranA123\n|j|\u2606myworldinflames\n|t:|1782764192\n|gametype|singles\n|player|p1|FranA123|cynthia-gen4|1242\n|player|p2|myworldinflames|265|1194\n|gen|9\n|tier|[Gen 9] Random Battle\n|rated|\n|rule|Species Clause: Limit one of each Pok\u00e9mon\n|rule|HP Percentage Mod: HP is shown in percentages\n|rule|Sleep Clause Mod: Limit one foe put to sleep\n|rule|Illusion Level Mod: Illusion disguises the Pok\u00e9mon's true level\n|\n|t:|1782764192\n|teamsize|p1|6\n|teamsize|p2|6\n|start\n|switch|p1a: Metagross|Metagross, L79|256/256\n|switch|p2a: Flapple|Flapple, L88, M|266/266\n|turn|1\n|inactive|Battle timer is ON: inactive players will automatically lose when time's up. (requested by myworldinflames)\n|\n|t:|1782764202\n|move|p2a: Flapple|Sucker Punch||[still]\n|-fail|p2a: Flapple\n|move|p1a: Metagross|Stealth Rock|p2a: Flapple\n|-sidestart|p2: myworldinflames|move: Stealth Rock\n|\n|upkeep\n|turn|2\n|\n|t:|1782764215\n|switch|p1a: Sylveon|Sylveon, L85, M|300/300\n|move|p2a: Flapple|Dragon Dance|p2a: Flapple\n|-boost|p2a: Flapple|atk|1\n|-boost|p2a: Flapple|spe|1\n|\n|upkeep\n|turn|3\n|\n|t:|1782764224\n|move|p2a: Flapple|Grav Apple|p1a: Sylveon\n|-damage|p1a: Sylveon|26/300\n|-unboost|p1a: Sylveon|def|1\n|move|p1a: Sylveon|Hyper Voice|p2a: Flapple\n|-supereffective|p2a: Flapple\n|-damage|p2a: Flapple|0 fnt\n|faint|p2a: Flapple\n|\n|-heal|p1a: Sylveon|44/300|[from] item: Leftovers\n|upkeep\n|\n|t:|1782764242\n|switch|p2a: Muk|Muk-Alola, L82, F|306/306\n|-damage|p2a: Muk|268/306|[from] Stealth Rock\n|turn|4\n|\n|t:|1782764256\n|switch|p1a: Metagross|Metagross, L79|256/256\n|move|p2a: Muk|Knock Off|p1a: Metagross\n|-supereffective|p1a: Metagross\n|-crit|p1a: Metagross\n|-damage|p1a: Metagross|20/256\n|-enditem|p1a: Metagross|Leftovers|[from] move: Knock Off|[of] p2a: Muk\n|\n|upkeep\n|turn|5\n|\n|t:|1782764267\n|move|p2a: Muk|Shadow Sneak|p1a: Metagross\n|-supereffective|p1a: Metagross\n|-damage|p1a: Metagross|0 fnt\n|faint|p1a: Metagross\n|\n|upkeep\n|inactive|FranA123 has 120 seconds left.\n|\n|t:|1782764303\n|switch|p1a: Oinkologne|Oinkologne, L92, M|352/352\n|turn|6\n|\n|t:|1782764308\n|move|p1a: Oinkologne|High Horsepower|p2a: Muk\n|-supereffective|p2a: Muk\n|-damage|p2a: Muk|94/306\n|move|p2a: Muk|Drain Punch|p1a: Oinkologne\n|-supereffective|p1a: Oinkologne\n|-damage|p1a: Oinkologne|242/352\n|-heal|p2a: Muk|149/306|[from] drain|[of] p1a: Oinkologne\n|\n|-heal|p1a: Oinkologne|264/352|[from] item: Leftovers\n|upkeep\n|turn|7\n|inactive|FranA123 has 120 seconds left.\n|\n|t:|1782764331\n|move|p1a: Oinkologne|Curse|p1a: Oinkologne\n|-unboost|p1a: Oinkologne|spe|1\n|-boost|p1a: Oinkologne|atk|1\n|-boost|p1a: Oinkologne|def|1\n|move|p2a: Muk|Drain Punch|p1a: Oinkologne\n|-supereffective|p1a: Oinkologne\n|-damage|p1a: Oinkologne|196/352\n|-heal|p2a: Muk|183/306|[from] drain|[of] p1a: Oinkologne\n|\n|-heal|p1a: Oinkologne|218/352|[from] item: Leftovers\n|upkeep\n|turn|8\n|inactive|FranA123 has 120 seconds left.\n|\n|t:|1782764343\n|move|p2a: Muk|Knock Off|p1a: Oinkologne\n|-damage|p1a: Oinkologne|146/352\n|-enditem|p1a: Oinkologne|Leftovers|[from] move: Knock Off|[of] p2a: Muk\n|move|p1a: Oinkologne|Curse|p1a: Oinkologne\n|-unboost|p1a: Oinkologne|spe|1\n|-boost|p1a: Oinkologne|atk|1\n|-boost|p1a: Oinkologne|def|1\n|\n|upkeep\n|turn|9\n|\n|t:|1782764357\n|move|p2a: Muk|Drain Punch|p1a: Oinkologne\n|-supereffective|p1a: Oinkologne\n|-damage|p1a: Oinkologne|88/352\n|-heal|p2a: Muk|212/306|[from] drain|[of] p1a: Oinkologne\n|move|p1a: Oinkologne|High Horsepower|p2a: Muk\n|-supereffective|p2a: Muk\n|-damage|p2a: Muk|0 fnt\n|faint|p2a: Muk\n|\n|upkeep\n|inactive|myworldinflames has 120 seconds left.\n|\n|t:|1782764386\n|switch|p2a: Basculegion|Basculegion-F, L83, F|335/335\n|-damage|p2a: Basculegion|294/335|[from] Stealth Rock\n|turn|10\n|\n|t:|1782764395\n|move|p2a: Basculegion|Hydro Pump|p1a: Oinkologne\n|-damage|p1a: Oinkologne|0 fnt\n|faint|p1a: Oinkologne\n|\n|upkeep\n|\n|t:|1782764409\n|switch|p1a: Meowscarada|Meowscarada, L78, M|247/247\n|turn|11\n|inactive|myworldinflames has 120 seconds left.\n|\n|t:|1782764433\n|move|p1a: Meowscarada|Knock Off|p2a: Basculegion\n|-start|p1a: Meowscarada|typechange|Dark|[from] ability: Protean\n|-supereffective|p2a: Basculegion\n|-damage|p2a: Basculegion|0 fnt\n|-enditem|p2a: Basculegion|Assault Vest|[from] move: Knock Off|[of] p1a: Meowscarada\n|faint|p2a: Basculegion\n|-damage|p1a: Meowscarada|223/247|[from] item: Life Orb\n|\n|upkeep\n|inactive|myworldinflames has 120 seconds left.\n|\n|t:|1782764446\n|switch|p2a: Gallade|Gallade, L80, M|240/240\n|-damage|p2a: Gallade|225/240|[from] Stealth Rock\n|turn|12\n|inactive|myworldinflames has 120 seconds left.\n|\n|t:|1782764458\n|move|p2a: Gallade|Sacred Sword|p1a: Meowscarada\n|-supereffective|p1a: Meowscarada\n|-crit|p1a: Meowscarada\n|-damage|p1a: Meowscarada|0 fnt\n|faint|p1a: Meowscarada\n|\n|upkeep\n|\n|t:|1782764466\n|switch|p1a: Ho-Oh|Ho-Oh, L71|268/268\n|turn|13\n|\n|t:|1782764473\n|switch|p2a: Swampert|Swampert, L83, M|302/302\n|-damage|p2a: Swampert|284/302|[from] Stealth Rock\n|move|p1a: Ho-Oh|Brave Bird|p2a: Swampert\n|-damage|p2a: Swampert|160/302\n|-damage|p1a: Ho-Oh|227/268|[from] Recoil\n|\n|-heal|p2a: Swampert|178/302|[from] item: Leftovers\n|upkeep\n|turn|14\n|\n|t:|1782764492\n|switch|p1a: Sylveon|Sylveon, L85, M|44/300\n|move|p2a: Swampert|Knock Off|p1a: Sylveon\n|-resisted|p1a: Sylveon\n|-damage|p1a: Sylveon|0 fnt\n|-enditem|p1a: Sylveon|Leftovers|[from] move: Knock Off|[of] p2a: Swampert\n|faint|p1a: Sylveon\n|\n|-heal|p2a: Swampert|196/302|[from] item: Leftovers\n|upkeep\n|\n|t:|1782764500\n|switch|p1a: Terrakion|Terrakion, L79|273/273\n|turn|15\n|\n|t:|1782764511\n|-terastallize|p1a: Terrakion|Ground\n|move|p1a: Terrakion|Earthquake|p2a: Swampert\n|-damage|p2a: Swampert|40/302\n|-damage|p1a: Terrakion|246/273|[from] item: Life Orb\n|move|p2a: Swampert|Earthquake|p1a: Terrakion\n|-damage|p1a: Terrakion|126/273\n|\n|-heal|p2a: Swampert|58/302|[from] item: Leftovers\n|upkeep\n|turn|16\n|\n|t:|1782764522\n|move|p1a: Terrakion|Earthquake|p2a: Swampert\n|-damage|p2a: Swampert|0 fnt\n|faint|p2a: Swampert\n|-damage|p1a: Terrakion|99/273|[from] item: Life Orb\n|\n|upkeep\n|\n|t:|1782764530\n|switch|p2a: Gallade|Gallade, L80, M|225/240\n|-damage|p2a: Gallade|210/240|[from] Stealth Rock\n|turn|17\n|\n|t:|1782764541\n|move|p2a: Gallade|Leaf Blade|p1a: Terrakion\n|-supereffective|p1a: Terrakion\n|-damage|p1a: Terrakion|0 fnt\n|faint|p1a: Terrakion\n|\n|upkeep\n|\n|t:|1782764546\n|switch|p1a: Ho-Oh|Ho-Oh, L71|268/268\n|turn|18\n|\n|t:|1782764552\n|switch|p2a: Iron Valiant|Iron Valiant, L78|244/244\n|-damage|p2a: Iron Valiant|229/244|[from] Stealth Rock\n|move|p1a: Ho-Oh|Brave Bird|p2a: Iron Valiant\n|-supereffective|p2a: Iron Valiant\n|-damage|p2a: Iron Valiant|0 fnt\n|faint|p2a: Iron Valiant\n|-end|p2a: Iron Valiant|Quark Drive|[silent]\n|-damage|p1a: Ho-Oh|192/268|[from] Recoil\n|\n|upkeep\n|\n|t:|1782764562\n|switch|p2a: Gallade|Gallade, L80, M|210/240\n|-damage|p2a: Gallade|195/240|[from] Stealth Rock\n|turn|19\n|\n|t:|1782764568\n|-terastallize|p2a: Gallade|Dark\n|move|p2a: Gallade|Night Slash|p1a: Ho-Oh\n|-damage|p1a: Ho-Oh|41/268\n|move|p1a: Ho-Oh|Brave Bird|p2a: Gallade\n|-damage|p2a: Gallade|36/240\n|-damage|p1a: Ho-Oh|0 fnt|[from] Recoil\n|faint|p1a: Ho-Oh\n|\n|win|myworldinflames\n|raw|FranA123's rating: 1242 &rarr; <strong>1214</strong><br />(-28 for losing)\n|raw|myworldinflames's rating: 1194 &rarr; <strong>1222</strong><br />(+28 for winning)\n|l|\u2606FranA123\n|player|p1|\n|l|\u2606myworldinflames\n|player|p2|\n|j|\u2606myworldinflames\n|player|p2|myworldinflames|265|\n", "inputlog": ">version f8ac14003a5f27e1bdc8d8c59608a773c1cb96e5\n>start {\"formatid\":\"gen9randombattle\",\"seed\":\"sodium,13c6d4a688fd0bb93168543f1ffbb29e\",\"rated\":\"Rated battle\"}\n>player p1 {\"name\":\"FranA123\",\"avatar\":\"cynthia-gen4\",\"rating\":1242,\"seed\":\"sodium,065e599688ade8e3e0770c81e7b81d5b\"}\n>player p2 {\"name\":\"myworldinflames\",\"avatar\":\"265\",\"rating\":1194,\"seed\":\"sodium,7249a099bf4522167d92b1bc0a5051dc\"}\n>p1 move stealthrock\n>p2 move suckerpunch\n>p1 switch 6\n>p2 move dragondance\n>p1 move hypervoice\n>p2 move gravapple\n>p2 switch 2\n>p1 switch 6\n>p2 move knockoff\n>p1 move earthquake\n>p2 move shadowsneak\n>p1 switch 5\n>p1 move highhorsepower\n>p2 move drainpunch\n>p1 move curse\n>p2 move drainpunch\n>p1 move curse\n>p2 move knockoff\n>p1 move highhorsepower\n>p2 move drainpunch\n>p2 switch 6\n>p1 move lashout\n>p2 move hydropump\n>p1 switch 4\n>p1 move knockoff\n>p2 move wavecrash\n>p2 switch 5\n>p1 move flowertrick\n>p2 move sacredsword\n>p1 switch 3\n>p1 move bravebird\n>p2 switch 4\n>p1 switch 6\n>p2 move knockoff\n>p1 switch 2\n>p1 move earthquake terastallize\n>p2 move earthquake\n>p1 move earthquake\n>p2 move icebeam\n>p2 switch 4\n>p1 move earthquake\n>p2 move leafblade\n>p1 switch 6\n>p1 move bravebird\n>p2 switch 3\n>p2 switch 3\n>p1 move bravebird\n>p2 move nightslash terastallize", "uploadtime": 1782764655, "views": 7, "formatid": "gen9randombattle", "rating": 1214, "private": 0, "password": null, "player_dets": [{"name": "FranA123", "avatar": "cynthia-gen4", "rating": 1242, "seed": "sodium,065e599688ade8e3e0770c81e7b81d5b"}, {"name": "myworldinflames", "avatar": "265", "rating": 1194, "seed": "sodium,7249a099bf4522167d92b1bc0a5051dc"}], "teams_full": [{"Metagross": {"name": "Metagross", "species": "Metagross", "speciesId": "metagross", "gender": "N", "shiny": false, "level": 79, "moves": ["earthquake", "heavyslam", "stealthrock", "bulletpunch"], "ability": "Clear Body", "evs": {"hp": 85, "atk": 85, "def": 85, "spa": 85, "spd": 85, "spe": 85}, "ivs": {"hp": 31, "atk": 31, "def": 31, "spa": 31, "spd": 31, "spe": 31}, "item": "Leftovers", "teraType": "Water", "role": "Bulky Support", "bvs": {"hp": 80, "atk": 135, "def": 130, "spa": 95, "spd": 90, "spe": 70}, "stats": {"hp": 256, "atk": 259, "def": 251, "spa": 196, "spd": 188, "spe": 156}, "types": ["Steel", "Psychic"]}, "Terrakion": {"name": "Terrakion", "species": "Terrakion", "speciesId": "terrakion", "gender": "N", "shiny": false, "level": 79, "moves": ["closecombat", "stoneedge", "swordsdance", "earthquake"], "ability": "Justified", "evs": {"hp": 85, "atk": 85, "def": 85, "spa": 85, "spd": 85, "spe": 85}, "ivs": {"hp": 31, "atk": 31, "def": 31, "spa": 31, "spd": 31, "spe": 31}, "item": "Life Orb", "teraType": "Ground", "role": "Setup Sweeper", "bvs": {"hp": 91, "atk": 129, "def": 90, "spa": 72, "spd": 90, "spe": 108}, "stats": {"hp": 273, "atk": 249, "def": 188, "spa": 159, "spd": 188, "spe": 216}, "types": ["Rock", "Fighting"]}, "Ho-Oh": {"name": "Ho-Oh", "species": "Ho-Oh", "speciesId": "hooh", "gender": "N", "shiny": false, "level": 71, "moves": ["bravebird", "sacredfire", "earthquake", "recover"], "ability": "Regenerator", "evs": {"hp": 85, "atk": 85, "def": 85, "spa": 85, "spd": 85, "spe": 85}, "ivs": {"hp": 31, "atk": 31, "def": 31, "spa": 31, "spd": 31, "spe": 31}, "item": "Heavy-Duty Boots", "teraType": "Ground", "role": "Bulky Attacker", "bvs": {"hp": 106, "atk": 130, "def": 90, "spa": 110, "spd": 154, "spe": 90}, "stats": {"hp": 268, "atk": 226, "def": 169, "spa": 198, "spd": 260, "spe": 169}, "types": ["Fire", "Flying"]}, "Meowscarada": {"name": "Meowscarada", "species": "Meowscarada", "speciesId": "meowscarada", "gender": "M", "shiny": false, "level": 78, "moves": ["toxicspikes", "knockoff", "tripleaxel", "flowertrick"], "ability": "Protean", "evs": {"hp": 85, "atk": 85, "def": 85, "spa": 85, "spd": 85, "spe": 85}, "ivs": {"hp": 31, "atk": 31, "def": 31, "spa": 31, "spd": 31, "spe": 31}, "item": "Life Orb", "teraType": "Grass", "role": "Fast Support", "bvs": {"hp": 76, "atk": 110, "def": 70, "spa": 81, "spd": 70, "spe": 123}, "stats": {"hp": 247, "atk": 217, "def": 154, "spa": 171, "spd": 154, "spe": 237}, "types": ["Grass", "Dark"]}, "Oinkologne": {"name": "Oinkologne", "species": "Oinkologne", "speciesId": "oinkologne", "gender": "M", "shiny": false, "level": 92, "moves": ["bodyslam", "curse", "lashout", "highhorsepower"], "ability": "Thick Fat", "evs": {"hp": 85, "atk": 85, "def": 85, "spa": 85, "spd": 85, "spe": 85}, "ivs": {"hp": 31, "atk": 31, "def": 31, "spa": 31, "spd": 31, "spe": 31}, "item": "Leftovers", "teraType": "Ground", "role": "Bulky Setup", "bvs": {"hp": 110, "atk": 100, "def": 75, "spa": 59, "spd": 80, "spe": 65}, "stats": {"hp": 352, "atk": 236, "def": 190, "spa": 161, "spd": 200, "spe": 172}, "types": ["Normal"]}, "Sylveon": {"name": "Sylveon", "species": "Sylveon", "speciesId": "sylveon", "gender": "M", "shiny": false, "level": 85, "moves": ["hypervoice", "protect", "wish", "calmmind"], "ability": "Pixilate", "evs": {"hp": 85, "atk": 0, "def": 85, "spa": 85, "spd": 85, "spe": 85}, "ivs": {"hp": 31, "atk": 0, "def": 31, "spa": 31, "spd": 31, "spe": 31}, "item": "Leftovers", "teraType": "Steel", "role": "Bulky Setup", "bvs": {"hp": 95, "atk": 65, "def": 65, "spa": 110, "spd": 130, "spe": 60}, "stats": {"hp": 300, "atk": 115, "def": 159, "spa": 236, "spd": 270, "spe": 151}, "types": ["Fairy"]}}, {"Flapple": {"name": "Flapple", "species": "Flapple", "speciesId": "flapple", "gender": "M", "shiny": false, "level": 88, "moves": ["outrage", "gravapple", "suckerpunch", "dragondance"], "ability": "Hustle", "evs": {"hp": 85, "atk": 85, "def": 85, "spa": 85, "spd": 85, "spe": 85}, "ivs": {"hp": 31, "atk": 31, "def": 31, "spa": 31, "spd": 31, "spe": 31}, "item": "Wide Lens", "teraType": "Steel", "role": "Fast Attacker", "bvs": {"hp": 70, "atk": 110, "def": 80, "spa": 95, "spd": 60, "spe": 70}, "stats": {"hp": 266, "atk": 244, "def": 191, "spa": 217, "spd": 156, "spe": 173}, "types": ["Grass", "Dragon"]}, "Muk": {"name": "Muk", "species": "Muk-Alola", "speciesId": "mukalola", "gender": "F", "shiny": false, "level": 82, "moves": ["knockoff", "drainpunch", "shadowsneak", "poisonjab"], "ability": "Poison Touch", "evs": {"hp": 85, "atk": 85, "def": 85, "spa": 85, "spd": 85, "spe": 85}, "ivs": {"hp": 31, "atk": 31, "def": 31, "spa": 31, "spd": 31, "spe": 31}, "item": "Assault Vest", "teraType": "Fighting", "role": "AV Pivot", "bvs": {"hp": 105, "atk": 105, "def": 75, "spa": 65, "spd": 100, "spe": 50}, "stats": {"hp": 306, "atk": 219, "def": 170, "spa": 154, "spd": 211, "spe": 129}, "types": ["Poison", "Dark"]}, "Iron Valiant": {"name": "Iron Valiant", "species": "Iron Valiant", "speciesId": "ironvaliant", "gender": "N", "shiny": false, "level": 78, "moves": ["swordsdance", "spiritbreak", "closecombat", "knockoff"], "ability": "Quark Drive", "evs": {"hp": 85, "atk": 85, "def": 85, "spa": 85, "spd": 85, "spe": 85}, "ivs": {"hp": 31, "atk": 31, "def": 31, "spa": 31, "spd": 31, "spe": 31}, "item": "Life Orb", "teraType": "Dark", "role": "Setup Sweeper", "bvs": {"hp": 74, "atk": 130, "def": 90, "spa": 120, "spd": 60, "spe": 116}, "stats": {"hp": 244, "atk": 248, "def": 185, "spa": 232, "spd": 139, "spe": 226}, "types": ["Fairy", "Fighting"]}, "Swampert": {"name": "Swampert", "species": "Swampert", "speciesId": "swampert", "gender": "M", "shiny": false, "level": 83, "moves": ["roar", "icebeam", "knockoff", "earthquake"], "ability": "Damp", "evs": {"hp": 85, "atk": 85, "def": 85, "spa": 85, "spd": 85, "spe": 85}, "ivs": {"hp": 31, "atk": 31, "def": 31, "spa": 31, "spd": 31, "spe": 31}, "item": "Leftovers", "teraType": "Steel", "role": "Bulky Support", "bvs": {"hp": 100, "atk": 110, "def": 90, "spa": 85, "spd": 90, "spe": 60}, "stats": {"hp": 302, "atk": 230, "def": 197, "spa": 189, "spd": 197, "spe": 147}, "types": ["Water", "Ground"]}, "Gallade": {"name": "Gallade", "species": "Gallade", "speciesId": "gallade", "gender": "M", "shiny": false, "level": 80, "moves": ["psychocut", "nightslash", "leafblade", "sacredsword"], "ability": "Sharpness", "evs": {"hp": 85, "atk": 85, "def": 85, "spa": 85, "spd": 85, "spe": 85}, "ivs": {"hp": 31, "atk": 31, "def": 31, "spa": 31, "spd": 31, "spe": 31}, "item": "Choice Scarf", "teraType": "Dark", "role": "Fast Attacker", "bvs": {"hp": 68, "atk": 125, "def": 65, "spa": 65, "spd": 115, "spe": 80}, "stats": {"hp": 240, "atk": 246, "def": 150, "spa": 150, "spd": 230, "spe": 174}, "types": ["Psychic", "Fighting"]}, "Basculegion": {"name": "Basculegion", "species": "Basculegion-F", "speciesId": "basculegionf", "gender": "F", "shiny": false, "level": 83, "moves": ["hydropump", "flipturn", "shadowball", "wavecrash"], "ability": "Adaptability", "evs": {"hp": 85, "atk": 85, "def": 85, "spa": 85, "spd": 85, "spe": 85}, "ivs": {"hp": 31, "atk": 31, "def": 31, "spa": 31, "spd": 31, "spe": 31}, "item": "Assault Vest", "teraType": "Water", "role": "AV Pivot", "bvs": {"hp": 120, "atk": 92, "def": 65, "spa": 100, "spd": 75, "spe": 78}, "stats": {"hp": 335, "atk": 200, "def": 156, "spa": 214, "spd": 172, "spe": 177}, "types": ["Water", "Ghost"]}}]}