{"id": "gen9randombattle-2641590072", "format": "[Gen 9] Random Battle", "players": ["bakavelique", "marrickchill"], "log": "|j|\u2606bakavelique\n|j|\u2606marrickchill\n|t:|1782814313\n|gametype|singles\n|player|p1|bakavelique|2|1975\n|player|p2|marrickchill|170|2023\n|gen|9\n|tier|[Gen 9] Random Battle\n|rated|\n|rule|Species Clause: Limit one of each Pok\u00e9mon\n|rule|HP Percentage Mod: HP is shown in percentages\n|rule|Sleep Clause Mod: Limit one foe put to sleep\n|rule|Illusion Level Mod: Illusion disguises the Pok\u00e9mon's true level\n|\n|t:|1782814313\n|teamsize|p1|6\n|teamsize|p2|6\n|start\n|switch|p1a: Slaking|Slaking, L84, M|389/389\n|switch|p2a: Espeon|Espeon, L84, M|246/246\n|turn|1\n|\n|t:|1782814329\n|switch|p2a: Diancie|Diancie, L82|216/216\n|move|p1a: Slaking|Knock Off|p2a: Diancie\n|-resisted|p2a: Diancie\n|-damage|p2a: Diancie|161/216\n|-enditem|p2a: Diancie|Leftovers|[from] move: Knock Off|[of] p1a: Slaking\n|\n|upkeep\n|turn|2\n|\n|t:|1782814336\n|switch|p1a: Skarmory|Skarmory, L80, F|235/235\n|move|p2a: Diancie|Diamond Storm|p1a: Skarmory\n|-damage|p1a: Skarmory|162/235\n|\n|upkeep\n|turn|3\n|\n|t:|1782814343\n|move|p1a: Skarmory|Stealth Rock|p2a: Diancie\n|-sidestart|p2: marrickchill|move: Stealth Rock\n|move|p2a: Diancie|Diamond Storm|p1a: Skarmory\n|-damage|p1a: Skarmory|93/235\n|-boost|p2a: Diancie|def|2\n|\n|upkeep\n|turn|4\n|\n|t:|1782814347\n|switch|p1a: Tinkaton|Tinkaton, L82, F|274/274\n|-ability|p1a: Tinkaton|Mold Breaker\n|move|p2a: Diancie|Calm Mind|p2a: Diancie\n|-boost|p2a: Diancie|spa|1\n|-boost|p2a: Diancie|spd|1\n|\n|upkeep\n|turn|5\n|\n|t:|1782814360\n|move|p1a: Tinkaton|Encore|p2a: Diancie\n|-start|p2a: Diancie|Encore\n|move|p2a: Diancie|Calm Mind|p2a: Diancie\n|-boost|p2a: Diancie|spa|1\n|-boost|p2a: Diancie|spd|1\n|\n|upkeep\n|turn|6\n|\n|t:|1782814365\n|move|p1a: Tinkaton|Gigaton Hammer|p2a: Diancie\n|-supereffective|p2a: Diancie\n|-damage|p2a: Diancie|0 fnt\n|faint|p2a: Diancie\n|\n|upkeep\n|\n|t:|1782814368\n|switch|p2a: Gumshoos|Gumshoos, L95, F|321/321\n|-damage|p2a: Gumshoos|281/321|[from] Stealth Rock\n|turn|7\n|\n|t:|1782814371\n|move|p1a: Tinkaton|Knock Off|p2a: Gumshoos\n|-damage|p2a: Gumshoos|213/321\n|-enditem|p2a: Gumshoos|Choice Band|[from] move: Knock Off|[of] p1a: Tinkaton\n|move|p2a: Gumshoos|Double-Edge|p1a: Tinkaton\n|-resisted|p1a: Tinkaton\n|-damage|p1a: Tinkaton|179/274\n|-damage|p2a: Gumshoos|182/321|[from] Recoil\n|\n|-heal|p1a: Tinkaton|196/274|[from] item: Leftovers\n|upkeep\n|turn|8\n|\n|t:|1782814376\n|move|p1a: Tinkaton|Encore|p2a: Gumshoos\n|-start|p2a: Gumshoos|Encore\n|move|p2a: Gumshoos|Double-Edge|p1a: Tinkaton\n|-resisted|p1a: Tinkaton\n|-damage|p1a: Tinkaton|97/274\n|-damage|p2a: Gumshoos|149/321|[from] Recoil\n|\n|-heal|p1a: Tinkaton|114/274|[from] item: Leftovers\n|upkeep\n|turn|9\n|\n|t:|1782814379\n|move|p1a: Tinkaton|Gigaton Hammer|p2a: Gumshoos\n|-damage|p2a: Gumshoos|4/321\n|move|p2a: Gumshoos|Double-Edge|p1a: Tinkaton\n|-resisted|p1a: Tinkaton\n|-damage|p1a: Tinkaton|19/274\n|-damage|p2a: Gumshoos|0 fnt|[from] Recoil\n|faint|p2a: Gumshoos\n|\n|-heal|p1a: Tinkaton|36/274|[from] item: Leftovers\n|upkeep\n|\n|t:|1782814385\n|switch|p2a: Espeon|Espeon, L84, M|246/246\n|-damage|p2a: Espeon|216/246|[from] Stealth Rock\n|turn|10\n|\n|t:|1782814389\n|switch|p1a: Skarmory|Skarmory, L80, F|93/235\n|move|p2a: Espeon|Psyshock|p1a: Skarmory\n|-resisted|p1a: Skarmory\n|-damage|p1a: Skarmory|46/235\n|-damage|p2a: Espeon|192/246|[from] item: Life Orb\n|\n|upkeep\n|turn|11\n|\n|t:|1782814392\n|move|p2a: Espeon|Shadow Ball|p1a: Skarmory\n|-damage|p1a: Skarmory|0 fnt\n|faint|p1a: Skarmory\n|-damage|p2a: Espeon|168/246|[from] item: Life Orb\n|\n|upkeep\n|\n|t:|1782814395\n|switch|p1a: Slaking|Slaking, L84, M|389/389\n|turn|12\n|\n|t:|1782814398\n|move|p2a: Espeon|Psyshock|p1a: Slaking\n|-damage|p1a: Slaking|251/389\n|-damage|p2a: Espeon|144/246|[from] item: Life Orb\n|move|p1a: Slaking|Knock Off|p2a: Espeon\n|-supereffective|p2a: Espeon\n|-damage|p2a: Espeon|0 fnt\n|-enditem|p2a: Espeon|Life Orb|[from] move: Knock Off|[of] p1a: Slaking\n|faint|p2a: Espeon\n|\n|upkeep\n|\n|t:|1782814405\n|switch|p2a: Calyrex|Calyrex, L93|337/337\n|-ability|p2a: Calyrex|Unnerve\n|-damage|p2a: Calyrex|295/337|[from] Stealth Rock\n|turn|13\n|\n|t:|1782814411\n|cant|p1a: Slaking|ability: Truant\n|move|p2a: Calyrex|Giga Drain|p1a: Slaking\n|-damage|p1a: Slaking|145/389\n|-heal|p2a: Calyrex|337/337|[from] drain|[of] p1a: Slaking\n|\n|upkeep\n|turn|14\n|\n|t:|1782814418\n|move|p1a: Slaking|Knock Off|p2a: Calyrex\n|-supereffective|p2a: Calyrex\n|-damage|p2a: Calyrex|33/337\n|-enditem|p2a: Calyrex|Leftovers|[from] move: Knock Off|[of] p1a: Slaking\n|move|p2a: Calyrex|Body Press|p1a: Slaking\n|-supereffective|p1a: Slaking\n|-crit|p1a: Slaking\n|-damage|p1a: Slaking|0 fnt\n|faint|p1a: Slaking\n|\n|upkeep\n|\n|t:|1782814427\n|switch|p1a: Electivire|Electivire, L84, M|263/263\n|turn|15\n|\n|t:|1782814431\n|move|p1a: Electivire|Ice Punch|p2a: Calyrex\n|-supereffective|p2a: Calyrex\n|-damage|p2a: Calyrex|0 fnt\n|faint|p2a: Calyrex\n|-damage|p1a: Electivire|237/263|[from] item: Life Orb\n|\n|upkeep\n|\n|t:|1782814434\n|switch|p2a: Lokix|Lokix, L82, F|251/251\n|-damage|p2a: Lokix|189/251|[from] Stealth Rock\n|turn|16\n|\n|t:|1782814439\n|move|p2a: Lokix|First Impression|p1a: Electivire\n|-damage|p1a: Electivire|95/263\n|move|p1a: Electivire|Bulk Up|p1a: Electivire\n|-boost|p1a: Electivire|atk|1\n|-boost|p1a: Electivire|def|1\n|\n|upkeep\n|turn|17\n|\n|t:|1782814443\n|move|p2a: Lokix|Sucker Punch|p1a: Electivire\n|-damage|p1a: Electivire|31/263\n|move|p1a: Electivire|Supercell Slam|p2a: Lokix\n|-damage|p2a: Lokix|0 fnt\n|faint|p2a: Lokix\n|-damage|p1a: Electivire|5/263|[from] item: Life Orb\n|\n|upkeep\n|\n|t:|1782814447\n|switch|p2a: Florges|Florges-White, L85, F|271/271\n|-damage|p2a: Florges|238/271|[from] Stealth Rock\n|turn|18\n|\n|t:|1782814454\n|-terastallize|p2a: Florges|Ground\n|move|p1a: Electivire|Ice Punch|p2a: Florges\n|-supereffective|p2a: Florges\n|-damage|p2a: Florges|0 fnt\n|faint|p2a: Florges\n|-damage|p1a: Electivire|0 fnt|[from] item: Life Orb\n|faint|p1a: Electivire\n|\n|win|bakavelique\n", "inputlog": ">version f8ac14003a5f27e1bdc8d8c59608a773c1cb96e5\n>start {\"formatid\":\"gen9randombattle\",\"seed\":\"sodium,d6239e50d6e7ed66abf60cc92a2f37ba\",\"rated\":\"Rated battle\"}\n>player p1 {\"name\":\"bakavelique\",\"avatar\":\"2\",\"rating\":1975,\"seed\":\"sodium,016335e8d10a67e48f6d11accc5329da\"}\n>player p2 {\"name\":\"marrickchill\",\"avatar\":\"170\",\"rating\":2023,\"seed\":\"sodium,74b07204c6d1f4c07ffbba9e7a3d6e4c\"}\n>p1 move knockoff\n>p2 switch 2\n>p1 switch 5\n>p2 move diamondstorm\n>p1 move stealthrock\n>p2 move diamondstorm\n>p1 switch 2\n>p2 move calmmind\n>p1 move encore\n>p2 move earthpower\n>p1 move gigatonhammer\n>p2 move calmmind\n>p2 switch 4\n>p1 move knockoff\n>p2 move doubleedge\n>p1 move encore\n>p2 move earthquake\n>p1 move gigatonhammer\n>p2 move doubleedge\n>p2 switch 2\n>p1 switch 2\n>p2 move psyshock\n>p1 move roost\n>p2 move shadowball\n>p1 switch 5\n>p1 move knockoff\n>p2 move psyshock\n>p2 switch 3\n>p1 move knockoff\n>p2 move gigadrain\n>p1 move knockoff\n>p2 move bodypress\n>p1 switch 3\n>p1 move icepunch\n>p2 move encore\n>p2 switch 5\n>p1 move bulkup\n>p2 move firstimpression\n>p1 move supercellslam\n>p2 move suckerpunch\n>p2 switch 6\n>p1 move icepunch\n>p2 move moonblast terastallize", "uploadtime": 1782814314, "views": 7, "formatid": "gen9randombattle", "rating": null, "private": 0, "password": null, "player_dets": [{"name": "bakavelique", "avatar": "2", "rating": 1975, "seed": "sodium,016335e8d10a67e48f6d11accc5329da"}, {"name": "marrickchill", "avatar": "170", "rating": 2023, "seed": "sodium,74b07204c6d1f4c07ffbba9e7a3d6e4c"}], "teams_full": [{"Slaking": {"name": "Slaking", "species": "Slaking", "speciesId": "slaking", "gender": "M", "shiny": false, "level": 84, "moves": ["gigaimpact", "knockoff", "earthquake", "doubleedge"], "ability": "Truant", "evs": {"hp": 85, "atk": 85, "def": 85, "spa": 85, "spd": 85, "spe": 85}, "ivs": {"hp": 31, "atk": 31, "def": 31, "spa": 31, "spd": 31, "spe": 31}, "item": "Choice Band", "teraType": "Ground", "role": "Wallbreaker", "bvs": {"hp": 150, "atk": 160, "def": 100, "spa": 95, "spd": 65, "spe": 100}, "stats": {"hp": 389, "atk": 317, "def": 216, "spa": 208, "spd": 157, "spe": 216}, "types": ["Normal"]}, "Tinkaton": {"name": "Tinkaton", "species": "Tinkaton", "speciesId": "tinkaton", "gender": "F", "shiny": false, "level": 82, "moves": ["playrough", "knockoff", "gigatonhammer", "encore"], "ability": "Mold Breaker", "evs": {"hp": 85, "atk": 85, "def": 85, "spa": 85, "spd": 85, "spe": 85}, "ivs": {"hp": 31, "atk": 31, "def": 31, "spa": 31, "spd": 31, "spe": 31}, "item": "Leftovers", "teraType": "Water", "role": "Bulky Attacker", "bvs": {"hp": 85, "atk": 75, "def": 77, "spa": 70, "spd": 105, "spe": 94}, "stats": {"hp": 274, "atk": 170, "def": 173, "spa": 162, "spd": 219, "spe": 201}, "types": ["Fairy", "Steel"]}, "Electivire": {"name": "Electivire", "species": "Electivire", "speciesId": "electivire", "gender": "M", "shiny": false, "level": 84, "moves": ["bulkup", "supercellslam", "earthquake", "icepunch"], "ability": "Motor Drive", "evs": {"hp": 85, "atk": 85, "def": 85, "spa": 85, "spd": 85, "spe": 85}, "ivs": {"hp": 31, "atk": 31, "def": 31, "spa": 31, "spd": 31, "spe": 31}, "item": "Life Orb", "teraType": "Flying", "role": "Setup Sweeper", "bvs": {"hp": 75, "atk": 123, "def": 67, "spa": 95, "spd": 85, "spe": 95}, "stats": {"hp": 263, "atk": 255, "def": 161, "spa": 208, "spd": 191, "spe": 208}, "types": ["Electric"]}, "Trevenant": {"name": "Trevenant", "species": "Trevenant", "speciesId": "trevenant", "gender": "F", "shiny": false, "level": 89, "moves": ["protect", "poltergeist", "drainpunch", "toxic"], "ability": "Harvest", "evs": {"hp": 85, "atk": 85, "def": 85, "spa": 85, "spd": 85, "spe": 85}, "ivs": {"hp": 31, "atk": 31, "def": 31, "spa": 31, "spd": 31, "spe": 31}, "item": "Sitrus Berry", "teraType": "Fighting", "role": "Bulky Support", "bvs": {"hp": 85, "atk": 110, "def": 76, "spa": 65, "spd": 82, "spe": 56}, "stats": {"hp": 296, "atk": 247, "def": 186, "spa": 166, "spd": 197, "spe": 150}, "types": ["Ghost", "Grass"]}, "Skarmory": {"name": "Skarmory", "species": "Skarmory", "speciesId": "skarmory", "gender": "F", "shiny": false, "level": 80, "moves": ["spikes", "roost", "stealthrock", "bravebird"], "ability": "Sturdy", "evs": {"hp": 85, "atk": 85, "def": 85, "spa": 85, "spd": 85, "spe": 85}, "ivs": {"hp": 31, "atk": 31, "def": 31, "spa": 31, "spd": 31, "spe": 31}, "item": "Rocky Helmet", "teraType": "Dragon", "role": "Bulky Support", "bvs": {"hp": 65, "atk": 80, "def": 140, "spa": 40, "spd": 70, "spe": 70}, "stats": {"hp": 235, "atk": 174, "def": 270, "spa": 110, "spd": 158, "spe": 158}, "types": ["Steel", "Flying"]}, "Pelipper": {"name": "Pelipper", "species": "Pelipper", "speciesId": "pelipper", "gender": "F", "shiny": false, "level": 86, "moves": ["uturn", "hurricane", "roost", "surf"], "ability": "Drizzle", "evs": {"hp": 85, "atk": 85, "def": 85, "spa": 85, "spd": 85, "spe": 85}, "ivs": {"hp": 31, "atk": 31, "def": 31, "spa": 31, "spd": 31, "spe": 31}, "item": "Heavy-Duty Boots", "teraType": "Ground", "role": "Bulky Attacker", "bvs": {"hp": 60, "atk": 50, "def": 100, "spa": 95, "spd": 70, "spe": 65}, "stats": {"hp": 243, "atk": 135, "def": 221, "spa": 213, "spd": 170, "spe": 161}, "types": ["Water", "Flying"]}}, {"Espeon": {"name": "Espeon", "species": "Espeon", "speciesId": "espeon", "gender": "M", "shiny": false, "level": 84, "moves": ["psyshock", "alluringvoice", "shadowball", "calmmind"], "ability": "Magic Bounce", "evs": {"hp": 85, "atk": 0, "def": 85, "spa": 85, "spd": 85, "spe": 85}, "ivs": {"hp": 31, "atk": 0, "def": 31, "spa": 31, "spd": 31, "spe": 31}, "item": "Life Orb", "teraType": "Fairy", "role": "Fast Attacker", "bvs": {"hp": 65, "atk": 65, "def": 60, "spa": 130, "spd": 95, "spe": 110}, "stats": {"hp": 246, "atk": 114, "def": 149, "spa": 267, "spd": 208, "spe": 233}, "types": ["Psychic"]}, "Diancie": {"name": "Diancie", "species": "Diancie", "speciesId": "diancie", "gender": "N", "shiny": false, "level": 82, "moves": ["drainingkiss", "calmmind", "diamondstorm", "earthpower"], "ability": "Clear Body", "evs": {"hp": 85, "atk": 85, "def": 85, "spa": 85, "spd": 85, "spe": 85}, "ivs": {"hp": 31, "atk": 31, "def": 31, "spa": 31, "spd": 31, "spe": 31}, "item": "Leftovers", "teraType": "Fairy", "role": "Bulky Setup", "bvs": {"hp": 50, "atk": 100, "def": 150, "spa": 100, "spd": 150, "spe": 50}, "stats": {"hp": 216, "atk": 211, "def": 293, "spa": 211, "spd": 293, "spe": 129}, "types": ["Rock", "Fairy"]}, "Calyrex": {"name": "Calyrex", "species": "Calyrex", "speciesId": "calyrex", "gender": "N", "shiny": false, "level": 93, "moves": ["bodypress", "psyshock", "encore", "gigadrain"], "ability": "Unnerve", "evs": {"hp": 85, "atk": 0, "def": 85, "spa": 85, "spd": 85, "spe": 85}, "ivs": {"hp": 31, "atk": 0, "def": 31, "spa": 31, "spd": 31, "spe": 31}, "item": "Leftovers", "teraType": "Steel", "role": "Bulky Attacker", "bvs": {"hp": 100, "atk": 80, "def": 80, "spa": 80, "spd": 80, "spe": 80}, "stats": {"hp": 337, "atk": 153, "def": 202, "spa": 202, "spd": 202, "spe": 202}, "types": ["Psychic", "Grass"]}, "Gumshoos": {"name": "Gumshoos", "species": "Gumshoos", "speciesId": "gumshoos", "gender": "F", "shiny": false, "level": 95, "moves": ["doubleedge", "uturn", "knockoff", "earthquake"], "ability": "Stakeout", "evs": {"hp": 85, "atk": 85, "def": 85, "spa": 85, "spd": 85, "spe": 85}, "ivs": {"hp": 31, "atk": 31, "def": 31, "spa": 31, "spd": 31, "spe": 31}, "item": "Choice Band", "teraType": "Normal", "role": "Wallbreaker", "bvs": {"hp": 88, "atk": 110, "def": 60, "spa": 55, "spd": 60, "spe": 45}, "stats": {"hp": 321, "atk": 263, "def": 168, "spa": 158, "spd": 168, "spe": 139}, "types": ["Normal"]}, "Lokix": {"name": "Lokix", "species": "Lokix", "speciesId": "lokix", "gender": "F", "shiny": false, "level": 82, "moves": ["knockoff", "firstimpression", "uturn", "suckerpunch"], "ability": "Tinted Lens", "evs": {"hp": 85, "atk": 85, "def": 85, "spa": 85, "spd": 85, "spe": 85}, "ivs": {"hp": 31, "atk": 31, "def": 31, "spa": 31, "spd": 31, "spe": 31}, "item": "Silver Powder", "teraType": "Bug", "role": "Fast Attacker", "bvs": {"hp": 71, "atk": 102, "def": 78, "spa": 52, "spd": 55, "spe": 92}, "stats": {"hp": 251, "atk": 214, "def": 175, "spa": 132, "spd": 137, "spe": 198}, "types": ["Bug", "Dark"]}, "Florges": {"name": "Florges", "species": "Florges-White", "speciesId": "florges", "gender": "F", "shiny": false, "level": 85, "moves": ["calmmind", "synthesis", "moonblast", "terablast"], "ability": "Flower Veil", "evs": {"hp": 85, "atk": 0, "def": 85, "spa": 85, "spd": 85, "spe": 85}, "ivs": {"hp": 31, "atk": 0, "def": 31, "spa": 31, "spd": 31, "spe": 31}, "item": "Leftovers", "teraType": "Ground", "role": "Tera Blast user", "bvs": {"hp": 78, "atk": 65, "def": 68, "spa": 112, "spd": 154, "spe": 75}, "stats": {"hp": 271, "atk": 115, "def": 164, "spa": 239, "spd": 311, "spe": 176}, "types": ["Fairy"]}}]}