{"id": "gen9randombattle-2641677838", "format": "[Gen 9] Random Battle", "players": ["FantasyWind", "Bob Trusty"], "log": "|j|\u203dFantasyWind\n|j|\u2606Bob Trusty\n|t:|1782828675\n|gametype|singles\n|player|p1|FantasyWind|rosa|2117\n|player|p2|Bob Trusty|ingo|2306\n|gen|9\n|tier|[Gen 9] Random Battle\n|rated|\n|rule|Species Clause: Limit one of each Pok\u00e9mon\n|rule|HP Percentage Mod: HP is shown in percentages\n|rule|Sleep Clause Mod: Limit one foe put to sleep\n|rule|Illusion Level Mod: Illusion disguises the Pok\u00e9mon's true level\n|\n|t:|1782828675\n|teamsize|p1|6\n|teamsize|p2|6\n|start\n|switch|p1a: Greninja|Greninja, L80, M|246/246\n|switch|p2a: Venomoth|Venomoth, L84, M|255/255\n|turn|1\n|inactive|Battle timer is ON: inactive players will automatically lose when time's up. (requested by Bob Trusty)\n|inactive|FantasyWind also wants the timer to be on.\n|\n|t:|1782828695\n|move|p1a: Greninja|Dark Pulse|p2a: Venomoth\n|-start|p1a: Greninja|typechange|Dark|[from] ability: Protean\n|-crit|p2a: Venomoth\n|-damage|p2a: Venomoth|80/255\n|-damage|p1a: Greninja|222/246|[from] item: Life Orb\n|move|p2a: Venomoth|Quiver Dance|p2a: Venomoth\n|-boost|p2a: Venomoth|spa|1\n|-boost|p2a: Venomoth|spd|1\n|-boost|p2a: Venomoth|spe|1\n|\n|upkeep\n|turn|2\n|\n|t:|1782828704\n|switch|p1a: Florges|Florges-Yellow, L85, F|271/271\n|move|p2a: Venomoth|Bug Buzz|p1a: Florges\n|-resisted|p1a: Florges\n|-damage|p1a: Florges|193/271\n|\n|-heal|p1a: Florges|209/271|[from] item: Leftovers\n|upkeep\n|turn|3\n|\n|t:|1782828709\n|move|p2a: Venomoth|Sleep Powder|p1a: Florges|[miss]\n|-miss|p2a: Venomoth|p1a: Florges\n|move|p1a: Florges|Tera Blast|p2a: Venomoth\n|-damage|p2a: Venomoth|30/255\n|\n|-heal|p1a: Florges|225/271|[from] item: Leftovers\n|upkeep\n|turn|4\n|\n|t:|1782828711\n|move|p2a: Venomoth|Sleep Powder|p1a: Florges\n|-status|p1a: Florges|slp|[from] move: Sleep Powder\n|cant|p1a: Florges|slp\n|\n|-heal|p1a: Florges|241/271 slp|[from] item: Leftovers\n|upkeep\n|turn|5\n|\n|t:|1782828714\n|switch|p1a: Lokix|Lokix, L82, F|251/251\n|move|p2a: Venomoth|Sludge Wave|p1a: Lokix\n|-damage|p1a: Lokix|50/251\n|\n|upkeep\n|turn|6\n|\n|t:|1782828717\n|move|p1a: Lokix|First Impression|p2a: Venomoth\n|-resisted|p2a: Venomoth\n|-damage|p2a: Venomoth|0 fnt\n|faint|p2a: Venomoth\n|-damage|p1a: Lokix|25/251|[from] item: Life Orb\n|\n|upkeep\n|\n|t:|1782828730\n|switch|p2a: Scyther|Scyther, L82, F|249/249\n|turn|7\n|\n|t:|1782828739\n|switch|p1a: Florges|Florges-Yellow, L85, F|241/271 slp\n|move|p2a: Scyther|Swords Dance|p2a: Scyther\n|-boost|p2a: Scyther|atk|2\n|\n|-heal|p1a: Florges|257/271 slp|[from] item: Leftovers\n|upkeep\n|turn|8\n|\n|t:|1782828743\n|move|p2a: Scyther|Dual Wingbeat|p1a: Florges\n|-damage|p1a: Florges|92/271 slp\n|-damage|p1a: Florges|0 fnt\n|faint|p1a: Florges\n|-hitcount|p1: Florges|2\n|\n|upkeep\n|\n|t:|1782828754\n|switch|p1a: Lokix|Lokix, L82, F|25/251\n|turn|9\n|\n|t:|1782828763\n|move|p1a: Lokix|First Impression|p2a: Scyther\n|-resisted|p2a: Scyther\n|-damage|p2a: Scyther|122/249\n|-damage|p1a: Lokix|0 fnt|[from] item: Life Orb\n|faint|p1a: Lokix\n|move|p2a: Scyther|Swords Dance|p2a: Scyther\n|-boost|p2a: Scyther|atk|2\n|\n|upkeep\n|\n|t:|1782828766\n|switch|p1a: Greninja|Greninja, L80, M|222/246\n|turn|10\n|\n|t:|1782828772\n|move|p1a: Greninja|Hydro Pump|p2a: Scyther\n|-start|p1a: Greninja|typechange|Water|[from] ability: Protean\n|-damage|p2a: Scyther|0 fnt\n|faint|p2a: Scyther\n|-damage|p1a: Greninja|198/246|[from] item: Life Orb\n|\n|upkeep\n|\n|t:|1782828778\n|switch|p2a: Plusle|Plusle, L95, F|268/268\n|turn|11\n|\n|t:|1782828787\n|switch|p1a: Gouging Fire|Gouging Fire, L74|277/277\n|move|p2a: Plusle|Nasty Plot|p2a: Plusle\n|-boost|p2a: Plusle|spa|2\n|\n|upkeep\n|turn|12\n|\n|t:|1782828790\n|move|p2a: Plusle|Alluring Voice|p1a: Gouging Fire\n|-damage|p1a: Gouging Fire|94/277\n|-damage|p2a: Plusle|242/268|[from] item: Life Orb\n|move|p1a: Gouging Fire|Dragon Dance|p1a: Gouging Fire\n|-boost|p1a: Gouging Fire|atk|1\n|-boost|p1a: Gouging Fire|spe|1\n|\n|upkeep\n|turn|13\n|\n|t:|1782828795\n|move|p1a: Gouging Fire|Earthquake|p2a: Plusle\n|-supereffective|p2a: Plusle\n|-damage|p2a: Plusle|0 fnt\n|faint|p2a: Plusle\n|\n|upkeep\n|\n|t:|1782828812\n|switch|p2a: Ludicolo|Ludicolo, L90, F|290/290\n|turn|14\n|\n|t:|1782828815\n|move|p1a: Gouging Fire|Heat Crash|p2a: Ludicolo\n|-damage|p2a: Ludicolo|100/290\n|move|p2a: Ludicolo|Hydro Pump|p1a: Gouging Fire\n|-damage|p1a: Gouging Fire|0 fnt\n|faint|p1a: Gouging Fire\n|-end|p1a: Gouging Fire|Protosynthesis|[silent]\n|\n|upkeep\n|\n|t:|1782828821\n|switch|p1a: Greninja|Greninja, L80, M|198/246\n|turn|15\n|\n|t:|1782828826\n|move|p1a: Greninja|Dark Pulse|p2a: Ludicolo\n|-start|p1a: Greninja|typechange|Dark|[from] ability: Protean\n|-damage|p2a: Ludicolo|6/290\n|-damage|p1a: Greninja|174/246|[from] item: Life Orb\n|cant|p2a: Ludicolo|flinch\n|\n|upkeep\n|turn|16\n|\n|t:|1782828829\n|move|p1a: Greninja|Dark Pulse|p2a: Ludicolo\n|-damage|p2a: Ludicolo|0 fnt\n|faint|p2a: Ludicolo\n|-damage|p1a: Greninja|150/246|[from] item: Life Orb\n|\n|upkeep\n|\n|t:|1782828831\n|switch|p2a: Flutter Mane|Flutter Mane, L74|203/203\n|turn|17\n|\n|t:|1782828844\n|switch|p1a: Oranguru|Oranguru, L92, F|315/315\n|move|p2a: Flutter Mane|Moonblast|p1a: Oranguru\n|-damage|p1a: Oranguru|208/315\n|-damage|p2a: Flutter Mane|183/203|[from] item: Life Orb\n|\n|-heal|p1a: Oranguru|227/315|[from] item: Leftovers\n|upkeep\n|turn|18\n|\n|t:|1782828850\n|-end|p2a: Flutter Mane|Protosynthesis|[silent]\n|switch|p2a: Rhydon|Rhydon, L85, M|317/317\n|move|p1a: Oranguru|Psyshock|p2a: Rhydon\n|-damage|p2a: Rhydon|271/317\n|\n|-heal|p1a: Oranguru|246/315|[from] item: Leftovers\n|upkeep\n|turn|19\n|\n|t:|1782828858\n|move|p1a: Oranguru|Focus Blast|p2a: Rhydon\n|-supereffective|p2a: Rhydon\n|-damage|p2a: Rhydon|67/317\n|move|p2a: Rhydon|Megahorn|p1a: Oranguru\n|-supereffective|p1a: Oranguru\n|-damage|p1a: Oranguru|34/315\n|\n|-heal|p1a: Oranguru|53/315|[from] item: Leftovers\n|upkeep\n|turn|20\n|\n|t:|1782828863\n|move|p1a: Oranguru|Focus Blast|p2a: Rhydon\n|-supereffective|p2a: Rhydon\n|-damage|p2a: Rhydon|0 fnt\n|faint|p2a: Rhydon\n|\n|-heal|p1a: Oranguru|72/315|[from] item: Leftovers\n|upkeep\n|\n|t:|1782828865\n|switch|p2a: Flutter Mane|Flutter Mane, L74|183/203\n|turn|21\n|\n|t:|1782828867\n|move|p2a: Flutter Mane|Moonblast|p1a: Oranguru\n|-damage|p1a: Oranguru|0 fnt\n|faint|p1a: Oranguru\n|-damage|p2a: Flutter Mane|163/203|[from] item: Life Orb\n|\n|upkeep\n|\n|t:|1782828869\n|switch|p1a: Greninja|Greninja, L80, M|150/246\n|turn|22\n|\n|t:|1782828875\n|move|p2a: Flutter Mane|Psyshock|p1a: Greninja\n|-immune|p1a: Greninja\n|move|p1a: Greninja|Gunk Shot|p2a: Flutter Mane\n|-start|p1a: Greninja|typechange|Poison|[from] ability: Protean\n|-damage|p2a: Flutter Mane|0 fnt\n|faint|p2a: Flutter Mane\n|-end|p2a: Flutter Mane|Protosynthesis|[silent]\n|-damage|p1a: Greninja|126/246|[from] item: Life Orb\n|\n|win|FantasyWind\n|raw|FantasyWind's rating: 2117 &rarr; <strong>2147</strong><br />(+30 for winning)\n|raw|Bob Trusty's rating: 2306 &rarr; <strong>2276</strong><br />(-30 for losing)\n|l|\u2606Bob Trusty\n|player|p2|\n", "inputlog": ">version f8ac14003a5f27e1bdc8d8c59608a773c1cb96e5\n>start {\"formatid\":\"gen9randombattle\",\"seed\":\"sodium,77b230469b588d9532b222629f9a5d67\",\"rated\":\"Rated battle\"}\n>player p1 {\"name\":\"FantasyWind\",\"avatar\":\"rosa\",\"rating\":2117,\"seed\":\"sodium,10dc3734df87fa94ba3e78032cbfd9ac\"}\n>player p2 {\"name\":\"Bob Trusty\",\"avatar\":\"ingo\",\"rating\":2306,\"seed\":\"sodium,44d39cea616f1a39e9d194b930d72a63\"}\n>p1 move darkpulse\n>p2 move quiverdance\n>p1 switch 5\n>p2 move bugbuzz\n>p1 move terablast\n>p2 move sleeppowder\n>p1 move terablast\n>p2 move sleeppowder\n>p1 switch 3\n>p2 move sludgewave\n>p1 move firstimpression\n>p2 move sludgewave\n>p2 switch 3\n>p1 switch 3\n>p2 move swordsdance\n>p1 move moonblast\n>p2 move dualwingbeat\n>p1 switch 3\n>p1 move firstimpression\n>p2 move swordsdance\n>p1 switch 5\n>p1 move hydropump\n>p2 move bugbite\n>p2 switch 4\n>p1 switch 6\n>p2 move nastyplot\n>p1 move dragondance\n>p2 move alluringvoice\n>p1 move earthquake\n>p2 move alluringvoice\n>p2 switch 2\n>p1 move heatcrash\n>p2 move hydropump\n>p1 switch 6\n>p1 move darkpulse\n>p2 move hydropump\n>p1 move darkpulse\n>p2 move hydropump\n>p2 switch 5\n>p1 switch 2\n>p2 move moonblast\n>p1 move psyshock\n>p2 switch 6\n>p1 move focusblast\n>p2 move megahorn\n>p1 move focusblast\n>p2 move earthquake\n>p2 switch 6\n>p1 move psyshock\n>p2 move moonblast\n>p1 switch 2\n>p1 move gunkshot\n>p2 move psyshock", "uploadtime": 1782828677, "views": 5, "formatid": "gen9randombattle", "rating": 2147, "private": 0, "password": null, "player_dets": [{"name": "FantasyWind", "avatar": "rosa", "rating": 2117, "seed": "sodium,10dc3734df87fa94ba3e78032cbfd9ac"}, {"name": "Bob Trusty", "avatar": "ingo", "rating": 2306, "seed": "sodium,44d39cea616f1a39e9d194b930d72a63"}], "teams_full": [{"Greninja": {"name": "Greninja", "species": "Greninja", "speciesId": "greninja", "gender": "M", "shiny": false, "level": 80, "moves": ["gunkshot", "hydropump", "darkpulse", "toxicspikes"], "ability": "Protean", "evs": {"hp": 85, "atk": 85, "def": 85, "spa": 85, "spd": 85, "spe": 85}, "ivs": {"hp": 31, "atk": 31, "def": 31, "spa": 31, "spd": 31, "spe": 31}, "item": "Life Orb", "teraType": "Poison", "role": "Fast Attacker", "bvs": {"hp": 72, "atk": 95, "def": 67, "spa": 103, "spd": 71, "spe": 122}, "stats": {"hp": 246, "atk": 198, "def": 153, "spa": 211, "spd": 160, "spe": 241}, "types": ["Water", "Dark"]}, "Oranguru": {"name": "Oranguru", "species": "Oranguru", "speciesId": "oranguru", "gender": "F", "shiny": false, "level": 92, "moves": ["focusblast", "nastyplot", "psyshock", "thunderbolt"], "ability": "Inner Focus", "evs": {"hp": 85, "atk": 0, "def": 85, "spa": 85, "spd": 85, "spe": 85}, "ivs": {"hp": 31, "atk": 0, "def": 31, "spa": 31, "spd": 31, "spe": 31}, "item": "Leftovers", "teraType": "Fighting", "role": "Bulky Attacker", "bvs": {"hp": 90, "atk": 60, "def": 80, "spa": 90, "spd": 110, "spe": 60}, "stats": {"hp": 315, "atk": 115, "def": 200, "spa": 218, "spd": 255, "spe": 163}, "types": ["Normal", "Psychic"]}, "Lokix": {"name": "Lokix", "species": "Lokix", "speciesId": "lokix", "gender": "F", "shiny": false, "level": 82, "moves": ["leechlife", "firstimpression", "knockoff", "suckerpunch"], "ability": "Tinted Lens", "evs": {"hp": 85, "atk": 85, "def": 85, "spa": 85, "spd": 85, "spe": 85}, "ivs": {"hp": 31, "atk": 31, "def": 31, "spa": 31, "spd": 31, "spe": 31}, "item": "Life Orb", "teraType": "Bug", "role": "Wallbreaker", "bvs": {"hp": 71, "atk": 102, "def": 78, "spa": 52, "spd": 55, "spe": 92}, "stats": {"hp": 251, "atk": 214, "def": 175, "spa": 132, "spd": 137, "spe": 198}, "types": ["Bug", "Dark"]}, "Cloyster": {"name": "Cloyster", "species": "Cloyster", "speciesId": "cloyster", "gender": "F", "shiny": false, "level": 80, "moves": ["rockblast", "drillrun", "iciclespear", "shellsmash"], "ability": "Skill Link", "evs": {"hp": 85, "atk": 85, "def": 85, "spa": 85, "spd": 85, "spe": 85}, "ivs": {"hp": 31, "atk": 31, "def": 31, "spa": 31, "spd": 31, "spe": 31}, "item": "White Herb", "teraType": "Ground", "role": "Fast Attacker", "bvs": {"hp": 50, "atk": 95, "def": 180, "spa": 85, "spd": 45, "spe": 70}, "stats": {"hp": 211, "atk": 198, "def": 334, "spa": 182, "spd": 118, "spe": 158}, "types": ["Water", "Ice"]}, "Florges": {"name": "Florges", "species": "Florges-Yellow", "speciesId": "florges", "gender": "F", "shiny": false, "level": 85, "moves": ["terablast", "moonblast", "calmmind", "synthesis"], "ability": "Flower Veil", "evs": {"hp": 85, "atk": 0, "def": 85, "spa": 85, "spd": 85, "spe": 85}, "ivs": {"hp": 31, "atk": 0, "def": 31, "spa": 31, "spd": 31, "spe": 31}, "item": "Leftovers", "teraType": "Ground", "role": "Tera Blast user", "bvs": {"hp": 78, "atk": 65, "def": 68, "spa": 112, "spd": 154, "spe": 75}, "stats": {"hp": 271, "atk": 115, "def": 164, "spa": 239, "spd": 311, "spe": 176}, "types": ["Fairy"]}, "Gouging Fire": {"name": "Gouging Fire", "species": "Gouging Fire", "speciesId": "gougingfire", "gender": "N", "shiny": false, "level": 74, "moves": ["outrage", "earthquake", "heatcrash", "dragondance"], "ability": "Protosynthesis", "evs": {"hp": 85, "atk": 85, "def": 85, "spa": 85, "spd": 85, "spe": 85}, "ivs": {"hp": 31, "atk": 31, "def": 31, "spa": 31, "spd": 31, "spe": 31}, "item": "Heavy-Duty Boots", "teraType": "Ground", "role": "Setup Sweeper", "bvs": {"hp": 105, "atk": 115, "def": 121, "spa": 65, "spd": 93, "spe": 91}, "stats": {"hp": 277, "atk": 213, "def": 222, "spa": 139, "spd": 181, "spe": 178}, "types": ["Fire", "Dragon"]}}, {"Venomoth": {"name": "Venomoth", "species": "Venomoth", "speciesId": "venomoth", "gender": "M", "shiny": false, "level": 84, "moves": ["quiverdance", "sludgewave", "sleeppowder", "bugbuzz"], "ability": "Tinted Lens", "evs": {"hp": 85, "atk": 0, "def": 85, "spa": 85, "spd": 85, "spe": 85}, "ivs": {"hp": 31, "atk": 0, "def": 31, "spa": 31, "spd": 31, "spe": 31}, "item": "Heavy-Duty Boots", "teraType": "Poison", "role": "Setup Sweeper", "bvs": {"hp": 70, "atk": 65, "def": 60, "spa": 90, "spd": 75, "spe": 90}, "stats": {"hp": 255, "atk": 114, "def": 149, "spa": 199, "spd": 174, "spe": 199}, "types": ["Bug", "Poison"]}, "Ludicolo": {"name": "Ludicolo", "species": "Ludicolo", "speciesId": "ludicolo", "gender": "F", "shiny": false, "level": 90, "moves": ["leafstorm", "gigadrain", "hydropump", "icebeam"], "ability": "Swift Swim", "evs": {"hp": 85, "atk": 0, "def": 85, "spa": 85, "spd": 85, "spe": 85}, "ivs": {"hp": 31, "atk": 0, "def": 31, "spa": 31, "spd": 31, "spe": 31}, "item": "Choice Specs", "teraType": "Grass", "role": "Fast Attacker", "bvs": {"hp": 80, "atk": 70, "def": 70, "spa": 90, "spd": 100, "spe": 70}, "stats": {"hp": 290, "atk": 131, "def": 177, "spa": 213, "spd": 231, "spe": 177}, "types": ["Water", "Grass"]}, "Scyther": {"name": "Scyther", "species": "Scyther", "speciesId": "scyther", "gender": "F", "shiny": false, "level": 82, "moves": ["closecombat", "bugbite", "swordsdance", "dualwingbeat"], "ability": "Technician", "evs": {"hp": 85, "atk": 85, "def": 85, "spa": 85, "spd": 85, "spe": 85}, "ivs": {"hp": 31, "atk": 31, "def": 31, "spa": 31, "spd": 31, "spe": 31}, "item": "Heavy-Duty Boots", "teraType": "Fighting", "role": "Setup Sweeper", "bvs": {"hp": 70, "atk": 110, "def": 80, "spa": 55, "spd": 80, "spe": 105}, "stats": {"hp": 249, "atk": 228, "def": 178, "spa": 137, "spd": 178, "spe": 219}, "types": ["Bug", "Flying"]}, "Plusle": {"name": "Plusle", "species": "Plusle", "speciesId": "plusle", "gender": "F", "shiny": false, "level": 95, "moves": ["encore", "thunderbolt", "nastyplot", "alluringvoice"], "ability": "Lightning Rod", "evs": {"hp": 85, "atk": 0, "def": 85, "spa": 85, "spd": 85, "spe": 85}, "ivs": {"hp": 31, "atk": 0, "def": 31, "spa": 31, "spd": 31, "spe": 31}, "item": "Life Orb", "teraType": "Electric", "role": "Setup Sweeper", "bvs": {"hp": 60, "atk": 50, "def": 40, "spa": 85, "spd": 75, "spe": 95}, "stats": {"hp": 268, "atk": 100, "def": 130, "spa": 215, "spd": 196, "spe": 234}, "types": ["Electric"]}, "Flutter Mane": {"name": "Flutter Mane", "species": "Flutter Mane", "speciesId": "fluttermane", "gender": "N", "shiny": false, "level": 74, "moves": ["shadowball", "calmmind", "psyshock", "moonblast"], "ability": "Protosynthesis", "evs": {"hp": 85, "atk": 0, "def": 85, "spa": 85, "spd": 85, "spe": 85}, "ivs": {"hp": 31, "atk": 0, "def": 31, "spa": 31, "spd": 31, "spe": 31}, "item": "Life Orb", "teraType": "Fairy", "role": "Setup Sweeper", "bvs": {"hp": 55, "atk": 55, "def": 55, "spa": 135, "spd": 135, "spe": 135}, "stats": {"hp": 203, "atk": 86, "def": 124, "spa": 243, "spd": 243, "spe": 243}, "types": ["Ghost", "Fairy"]}, "Rhydon": {"name": "Rhydon", "species": "Rhydon", "speciesId": "rhydon", "gender": "M", "shiny": false, "level": 85, "moves": ["stealthrock", "earthquake", "megahorn", "stoneedge"], "ability": "Lightning Rod", "evs": {"hp": 85, "atk": 85, "def": 85, "spa": 85, "spd": 85, "spe": 85}, "ivs": {"hp": 31, "atk": 31, "def": 31, "spa": 31, "spd": 31, "spe": 31}, "item": "Eviolite", "teraType": "Water", "role": "Bulky Attacker", "bvs": {"hp": 105, "atk": 130, "def": 120, "spa": 45, "spd": 45, "spe": 40}, "stats": {"hp": 317, "atk": 270, "def": 253, "spa": 125, "spd": 125, "spe": 117}, "types": ["Ground", "Rock"]}}]}