{"id": "gen9randombattle-2641376718", "format": "[Gen 9] Random Battle", "players": ["superstaline", "jimmythefish69"], "log": "|j|\u2606superstaline\n|j|\u2606jimmythefish69\n|t:|1782775321\n|gametype|singles\n|player|p1|superstaline|169|1458\n|player|p2|jimmythefish69|265|1492\n|gen|9\n|tier|[Gen 9] Random Battle\n|rated|\n|rule|Species Clause: Limit one of each Pok\u00e9mon\n|rule|HP Percentage Mod: HP is shown in percentages\n|rule|Sleep Clause Mod: Limit one foe put to sleep\n|rule|Illusion Level Mod: Illusion disguises the Pok\u00e9mon's true level\n|\n|t:|1782775321\n|teamsize|p1|6\n|teamsize|p2|6\n|start\n|switch|p1a: Houndoom|Houndoom, L87, F|272/272\n|switch|p2a: Raichu|Raichu, L88, M|249/249\n|turn|1\n|inactive|Battle timer is ON: inactive players will automatically lose when time's up. (requested by jimmythefish69)\n|\n|t:|1782775331\n|move|p2a: Raichu|Nasty Plot|p2a: Raichu\n|-boost|p2a: Raichu|spa|2\n|move|p1a: Houndoom|Fire Blast|p2a: Raichu\n|-damage|p2a: Raichu|108/249\n|\n|upkeep\n|turn|2\n|\n|t:|1782775343\n|switch|p1a: Swampert|Swampert, L83, F|302/302\n|move|p2a: Raichu|Surf|p1a: Swampert\n|-damage|p1a: Swampert|136/302\n|-damage|p2a: Raichu|84/249|[from] item: Life Orb\n|\n|-heal|p1a: Swampert|154/302|[from] item: Leftovers\n|upkeep\n|turn|3\n|\n|t:|1782775354\n|move|p2a: Raichu|Surf|p1a: Swampert\n|-damage|p1a: Swampert|0 fnt\n|faint|p1a: Swampert\n|-damage|p2a: Raichu|60/249|[from] item: Life Orb\n|\n|upkeep\n|\n|t:|1782775363\n|switch|p1a: Gumshoos|Gumshoos, L95, F|321/321\n|turn|4\n|\n|t:|1782775371\n|-terastallize|p1a: Gumshoos|Ground\n|move|p2a: Raichu|Thunderbolt|p1a: Gumshoos\n|-immune|p1a: Gumshoos\n|move|p1a: Gumshoos|Earthquake|p2a: Raichu\n|-supereffective|p2a: Raichu\n|-damage|p2a: Raichu|0 fnt\n|faint|p2a: Raichu\n|\n|upkeep\n|\n|t:|1782775393\n|switch|p2a: Noctowl|Noctowl, L95, F|344/344\n|turn|5\n|\n|t:|1782775398\n|switch|p1a: Zebstrika|Zebstrika, L87, F|272/272\n|move|p2a: Noctowl|Hyper Voice|p1a: Zebstrika\n|-damage|p1a: Zebstrika|137/272\n|\n|upkeep\n|turn|6\n|\n|t:|1782775405\n|switch|p2a: Whiscash|Whiscash, L88, F|337/337\n|move|p1a: Zebstrika|Supercell Slam|p2a: Whiscash\n|-immune|p2a: Whiscash\n|-damage|p1a: Zebstrika|1/272|[from] supercellslam\n|\n|upkeep\n|turn|7\n|\n|t:|1782775433\n|switch|p1a: Gumshoos|Gumshoos, L95, F, tera:Ground|321/321\n|move|p2a: Whiscash|Hydro Pump|p1a: Gumshoos\n|-supereffective|p1a: Gumshoos\n|-damage|p1a: Gumshoos|75/321\n|\n|upkeep\n|turn|8\n|inactive|jimmythefish69 has 120 seconds left.\n|\n|t:|1782775467\n|move|p2a: Whiscash|Earthquake|p1a: Gumshoos\n|-damage|p1a: Gumshoos|0 fnt\n|faint|p1a: Gumshoos\n|\n|upkeep\n|inactive|superstaline has 120 seconds left.\n|\n|t:|1782775496\n|switch|p1a: Keldeo|Keldeo-Resolute, L79|273/273\n|turn|9\n|inactive|superstaline has 120 seconds left.\n|\n|t:|1782775502\n|move|p1a: Keldeo|Hydro Pump|p2a: Whiscash|[miss]\n|-miss|p1a: Keldeo|p2a: Whiscash\n|move|p2a: Whiscash|Stealth Rock|p1a: Keldeo\n|-sidestart|p1: superstaline|move: Stealth Rock\n|\n|upkeep\n|turn|10\n|inactive|jimmythefish69 has 120 seconds left.\n|inactive|superstaline has 120 seconds left.\n|\n|t:|1782775516\n|move|p1a: Keldeo|Hydro Pump|p2a: Whiscash|[miss]\n|-miss|p1a: Keldeo|p2a: Whiscash\n|move|p2a: Whiscash|Earthquake|p1a: Keldeo\n|-damage|p1a: Keldeo|162/273\n|\n|upkeep\n|turn|11\n|inactive|jimmythefish69 has 120 seconds left.\n|\n|t:|1782775523\n|move|p1a: Keldeo|Hydro Pump|p2a: Whiscash\n|-damage|p2a: Whiscash|126/337\n|move|p2a: Whiscash|Earthquake|p1a: Keldeo\n|-damage|p1a: Keldeo|56/273\n|\n|-heal|p2a: Whiscash|147/337|[from] item: Leftovers\n|upkeep\n|turn|12\n|inactive|jimmythefish69 has 120 seconds left.\n|\n|t:|1782775536\n|move|p1a: Keldeo|Hydro Pump|p2a: Whiscash|[miss]\n|-miss|p1a: Keldeo|p2a: Whiscash\n|move|p2a: Whiscash|Earthquake|p1a: Keldeo\n|-damage|p1a: Keldeo|0 fnt\n|faint|p1a: Keldeo\n|\n|-heal|p2a: Whiscash|168/337|[from] item: Leftovers\n|upkeep\n|\n|t:|1782775540\n|switch|p1a: Houndoom|Houndoom, L87, F|272/272\n|turn|13\n|c|\u2606jimmythefish69|Oof\n|\n|t:|1782775549\n|move|p1a: Houndoom|Dark Pulse|p2a: Whiscash\n|-damage|p2a: Whiscash|51/337\n|cant|p2a: Whiscash|flinch\n|\n|-heal|p2a: Whiscash|72/337|[from] item: Leftovers\n|upkeep\n|turn|14\n|\n|t:|1782775556\n|move|p1a: Houndoom|Dark Pulse|p2a: Whiscash\n|-damage|p2a: Whiscash|0 fnt\n|faint|p2a: Whiscash\n|\n|upkeep\n|\n|t:|1782775570\n|switch|p2a: Noctowl|Noctowl, L95, F|344/344\n|turn|15\n|\n|t:|1782775573\n|move|p1a: Houndoom|Nasty Plot|p1a: Houndoom\n|-boost|p1a: Houndoom|spa|2\n|move|p2a: Noctowl|Hyper Voice|p1a: Houndoom\n|-damage|p1a: Houndoom|151/272\n|\n|upkeep\n|turn|16\n|\n|t:|1782775586\n|move|p1a: Houndoom|Fire Blast|p2a: Noctowl|[miss]\n|-miss|p1a: Houndoom|p2a: Noctowl\n|move|p2a: Noctowl|Hyper Voice|p1a: Houndoom\n|-damage|p1a: Houndoom|45/272\n|\n|upkeep\n|turn|17\n|\n|t:|1782775595\n|move|p1a: Houndoom|Fire Blast|p2a: Noctowl|[miss]\n|-miss|p1a: Houndoom|p2a: Noctowl\n|move|p2a: Noctowl|Hyper Voice|p1a: Houndoom\n|-damage|p1a: Houndoom|0 fnt\n|faint|p1a: Houndoom\n|\n|upkeep\n|c|\u2606jimmythefish69|Oof\n|c|\u2606jimmythefish69|How many times you gonna miss?\n|\n|t:|1782775615\n|switch|p1a: Armarouge|Armarouge, L80, M|267/267\n|-damage|p1a: Armarouge|201/267|[from] Stealth Rock\n|turn|18\n|\n|t:|1782775624\n|move|p2a: Noctowl|Hurricane|p1a: Armarouge|[miss]\n|-miss|p2a: Noctowl|p1a: Armarouge\n|move|p1a: Armarouge|Armor Cannon|p2a: Noctowl\n|-damage|p2a: Noctowl|160/344\n|-unboost|p1a: Armarouge|def|1\n|-unboost|p1a: Armarouge|spd|1\n|\n|upkeep\n|turn|19\n|\n|t:|1782775627\n|move|p2a: Noctowl|Hyper Voice|p1a: Armarouge\n|-damage|p1a: Armarouge|23/267\n|move|p1a: Armarouge|Armor Cannon|p2a: Noctowl\n|-damage|p2a: Noctowl|0 fnt\n|-unboost|p1a: Armarouge|def|1\n|-unboost|p1a: Armarouge|spd|1\n|faint|p2a: Noctowl\n|\n|upkeep\n|\n|t:|1782775635\n|switch|p2a: Hoopa|Hoopa-Unbound, L80|259/259\n|turn|20\n|\n|t:|1782775639\n|switch|p1a: Zebstrika|Zebstrika, L87, F|1/272\n|-damage|p1a: Zebstrika|0 fnt|[from] Stealth Rock\n|faint|p1a: Zebstrika\n|move|p2a: Hoopa|Psychic|p1: Zebstrika|[notarget]\n|-fail|p2a: Hoopa\n|\n|upkeep\n|\n|t:|1782775641\n|switch|p1a: Armarouge|Armarouge, L80, M|23/267\n|-damage|p1a: Armarouge|0 fnt|[from] Stealth Rock\n|faint|p1a: Armarouge\n|\n|win|jimmythefish69\n|raw|superstaline's rating: 1479 &rarr; <strong>1460</strong><br />(-19 for losing)\n|raw|jimmythefish69's rating: 1492 &rarr; <strong>1511</strong><br />(+19 for winning)\n", "inputlog": ">version f8ac14003a5f27e1bdc8d8c59608a773c1cb96e5\n>start {\"formatid\":\"gen9randombattle\",\"seed\":\"sodium,a0101979674a5659baf87478f6f15624\",\"rated\":\"Rated battle\"}\n>player p1 {\"name\":\"superstaline\",\"avatar\":\"169\",\"rating\":1458,\"seed\":\"sodium,b6cacc51e19fbc5819596a769dfce0f8\"}\n>player p2 {\"name\":\"jimmythefish69\",\"avatar\":\"265\",\"rating\":1492,\"seed\":\"sodium,2ff75ba5285263f607a96c529fc152ef\"}\n>p1 move fireblast\n>p2 move nastyplot\n>p1 switch 6\n>p2 move surf\n>p1 move earthquake\n>p2 move surf\n>p1 switch 4\n>p1 move earthquake terastallize\n>p2 move thunderbolt\n>p2 switch 4\n>p1 switch 2\n>p2 move hypervoice\n>p1 move supercellslam\n>p2 switch 3\n>p1 switch 2\n>p2 move hydropump\n>p1 move doubleedge\n>p2 move earthquake\n>p1 switch 3\n>p1 move hydropump\n>p2 move stealthrock\n>p1 move hydropump\n>p2 move earthquake\n>p1 move hydropump\n>p2 move earthquake\n>p1 move hydropump\n>p2 move earthquake\n>p1 switch 6\n>chat \u2606jimmythefish69|Oof\n>p1 move darkpulse\n>p2 move hydropump\n>p1 move darkpulse\n>p2 move earthquake\n>p2 switch 3\n>p1 move nastyplot\n>p2 move hypervoice\n>p1 move fireblast\n>p2 move hypervoice\n>p1 move fireblast\n>p2 move hypervoice\n>chat \u2606jimmythefish69|Oof\n>chat \u2606jimmythefish69|How many times you gonna miss?\n>p1 switch 5\n>p1 move armorcannon\n>p2 move hurricane\n>p1 move armorcannon\n>p2 move hypervoice\n>p2 switch 6\n>p1 switch 2\n>p2 move psychic\n>p1 switch 2", "uploadtime": 1782775647, "views": 7, "formatid": "gen9randombattle", "rating": 1460, "private": 0, "password": null, "player_dets": [{"name": "superstaline", "avatar": "169", "rating": 1458, "seed": "sodium,b6cacc51e19fbc5819596a769dfce0f8"}, {"name": "jimmythefish69", "avatar": "265", "rating": 1492, "seed": "sodium,2ff75ba5285263f607a96c529fc152ef"}], "teams_full": [{"Houndoom": {"name": "Houndoom", "species": "Houndoom", "speciesId": "houndoom", "gender": "F", "shiny": false, "level": 87, "moves": ["nastyplot", "fireblast", "darkpulse", "sludgebomb"], "ability": "Flash Fire", "evs": {"hp": 85, "atk": 0, "def": 85, "spa": 85, "spd": 85, "spe": 85}, "ivs": {"hp": 31, "atk": 0, "def": 31, "spa": 31, "spd": 31, "spe": 31}, "item": "Heavy-Duty Boots", "teraType": "Poison", "role": "Fast Attacker", "bvs": {"hp": 75, "atk": 90, "def": 50, "spa": 110, "spd": 80, "spe": 95}, "stats": {"hp": 272, "atk": 161, "def": 137, "spa": 241, "spd": 189, "spe": 215}, "types": ["Dark", "Fire"]}, "Zebstrika": {"name": "Zebstrika", "species": "Zebstrika", "speciesId": "zebstrika", "gender": "F", "shiny": false, "level": 87, "moves": ["overheat", "supercellslam", "voltswitch", "highhorsepower"], "ability": "Sap Sipper", "evs": {"hp": 85, "atk": 85, "def": 85, "spa": 85, "spd": 85, "spe": 85}, "ivs": {"hp": 31, "atk": 31, "def": 31, "spa": 31, "spd": 31, "spe": 31}, "item": "Life Orb", "teraType": "Ground", "role": "Fast Attacker", "bvs": {"hp": 75, "atk": 100, "def": 63, "spa": 80, "spd": 63, "spe": 116}, "stats": {"hp": 272, "atk": 224, "def": 159, "spa": 189, "spd": 159, "spe": 252}, "types": ["Electric"]}, "Keldeo": {"name": "Keldeo", "species": "Keldeo-Resolute", "speciesId": "keldeoresolute", "gender": "N", "shiny": false, "level": 79, "moves": ["vacuumwave", "secretsword", "hydropump", "airslash"], "ability": "Justified", "evs": {"hp": 85, "atk": 0, "def": 85, "spa": 85, "spd": 85, "spe": 85}, "ivs": {"hp": 31, "atk": 0, "def": 31, "spa": 31, "spd": 31, "spe": 31}, "item": "Choice Specs", "teraType": "Fighting", "role": "Fast Attacker", "bvs": {"hp": 91, "atk": 72, "def": 90, "spa": 129, "spd": 90, "spe": 108}, "stats": {"hp": 273, "atk": 118, "def": 188, "spa": 249, "spd": 188, "spe": 216}, "types": ["Water", "Fighting"]}, "Gumshoos": {"name": "Gumshoos", "species": "Gumshoos", "speciesId": "gumshoos", "gender": "F", "shiny": false, "level": 95, "moves": ["doubleedge", "uturn", "knockoff", "earthquake"], "ability": "Adaptability", "evs": {"hp": 85, "atk": 85, "def": 85, "spa": 85, "spd": 85, "spe": 85}, "ivs": {"hp": 31, "atk": 31, "def": 31, "spa": 31, "spd": 31, "spe": 31}, "item": "Choice Band", "teraType": "Ground", "role": "Fast Attacker", "bvs": {"hp": 88, "atk": 110, "def": 60, "spa": 55, "spd": 60, "spe": 45}, "stats": {"hp": 321, "atk": 263, "def": 168, "spa": 158, "spd": 168, "spe": 139}, "types": ["Normal"]}, "Armarouge": {"name": "Armarouge", "species": "Armarouge", "speciesId": "armarouge", "gender": "M", "shiny": false, "level": 80, "moves": ["psyshock", "armorcannon", "focusblast", "energyball"], "ability": "Weak Armor", "evs": {"hp": 85, "atk": 0, "def": 85, "spa": 85, "spd": 85, "spe": 85}, "ivs": {"hp": 31, "atk": 0, "def": 31, "spa": 31, "spd": 31, "spe": 31}, "item": "Choice Specs", "teraType": "Fighting", "role": "Wallbreaker", "bvs": {"hp": 85, "atk": 60, "def": 100, "spa": 125, "spd": 80, "spe": 75}, "stats": {"hp": 267, "atk": 101, "def": 206, "spa": 246, "spd": 174, "spe": 166}, "types": ["Fire", "Psychic"]}, "Swampert": {"name": "Swampert", "species": "Swampert", "speciesId": "swampert", "gender": "F", "shiny": false, "level": 83, "moves": ["stealthrock", "roar", "flipturn", "earthquake"], "ability": "Torrent", "evs": {"hp": 85, "atk": 85, "def": 85, "spa": 85, "spd": 85, "spe": 85}, "ivs": {"hp": 31, "atk": 31, "def": 31, "spa": 31, "spd": 31, "spe": 31}, "item": "Leftovers", "teraType": "Poison", "role": "Bulky Support", "bvs": {"hp": 100, "atk": 110, "def": 90, "spa": 85, "spd": 90, "spe": 60}, "stats": {"hp": 302, "atk": 230, "def": 197, "spa": 189, "spd": 197, "spe": 147}, "types": ["Water", "Ground"]}}, {"Raichu": {"name": "Raichu", "species": "Raichu", "speciesId": "raichu", "gender": "M", "shiny": false, "level": 88, "moves": ["nastyplot", "surf", "thunderbolt", "terablast"], "ability": "Lightning Rod", "evs": {"hp": 85, "atk": 0, "def": 85, "spa": 85, "spd": 85, "spe": 85}, "ivs": {"hp": 31, "atk": 0, "def": 31, "spa": 31, "spd": 31, "spe": 31}, "item": "Life Orb", "teraType": "Ice", "role": "Tera Blast user", "bvs": {"hp": 60, "atk": 90, "def": 55, "spa": 90, "spd": 80, "spe": 110}, "stats": {"hp": 249, "atk": 163, "def": 147, "spa": 209, "spd": 191, "spe": 244}, "types": ["Electric"]}, "Lugia": {"name": "Lugia", "species": "Lugia", "speciesId": "lugia", "gender": "N", "shiny": false, "level": 73, "moves": ["earthpower", "calmmind", "recover", "aeroblast"], "ability": "Multiscale", "evs": {"hp": 85, "atk": 0, "def": 85, "spa": 85, "spd": 85, "spe": 85}, "ivs": {"hp": 31, "atk": 0, "def": 31, "spa": 31, "spd": 31, "spe": 31}, "item": "Heavy-Duty Boots", "teraType": "Ground", "role": "Bulky Setup", "bvs": {"hp": 106, "atk": 90, "def": 130, "spa": 90, "spd": 154, "spe": 110}, "stats": {"hp": 275, "atk": 136, "def": 232, "spa": 174, "spd": 267, "spe": 203}, "types": ["Psychic", "Flying"]}, "Whiscash": {"name": "Whiscash", "species": "Whiscash", "speciesId": "whiscash", "gender": "F", "shiny": false, "level": 88, "moves": ["hydropump", "stealthrock", "icebeam", "earthquake"], "ability": "Oblivious", "evs": {"hp": 85, "atk": 85, "def": 85, "spa": 85, "spd": 85, "spe": 85}, "ivs": {"hp": 31, "atk": 31, "def": 31, "spa": 31, "spd": 31, "spe": 31}, "item": "Leftovers", "teraType": "Poison", "role": "Bulky Support", "bvs": {"hp": 110, "atk": 78, "def": 73, "spa": 76, "spd": 71, "spe": 60}, "stats": {"hp": 337, "atk": 188, "def": 179, "spa": 184, "spd": 175, "spe": 156}, "types": ["Water", "Ground"]}, "Noctowl": {"name": "Noctowl", "species": "Noctowl", "speciesId": "noctowl", "gender": "F", "shiny": false, "level": 95, "moves": ["hurricane", "roost", "defog", "hypervoice"], "ability": "Tinted Lens", "evs": {"hp": 85, "atk": 0, "def": 85, "spa": 85, "spd": 85, "spe": 85}, "ivs": {"hp": 31, "atk": 0, "def": 31, "spa": 31, "spd": 31, "spe": 31}, "item": "Heavy-Duty Boots", "teraType": "Steel", "role": "Bulky Attacker", "bvs": {"hp": 100, "atk": 50, "def": 50, "spa": 86, "spd": 96, "spe": 70}, "stats": {"hp": 344, "atk": 100, "def": 149, "spa": 217, "spd": 236, "spe": 187}, "types": ["Normal", "Flying"]}, "Typhlosion": {"name": "Typhlosion", "species": "Typhlosion-Hisui", "speciesId": "typhlosionhisui", "gender": "M", "shiny": false, "level": 83, "moves": ["calmmind", "shadowball", "fireblast", "focusblast"], "ability": "Blaze", "evs": {"hp": 85, "atk": 0, "def": 85, "spa": 85, "spd": 85, "spe": 85}, "ivs": {"hp": 31, "atk": 0, "def": 31, "spa": 31, "spd": 31, "spe": 31}, "item": "Heavy-Duty Boots", "teraType": "Ghost", "role": "Fast Bulky Setup", "bvs": {"hp": 73, "atk": 84, "def": 78, "spa": 119, "spd": 85, "spe": 95}, "stats": {"hp": 257, "atk": 144, "def": 177, "spa": 245, "spd": 189, "spe": 205}, "types": ["Fire", "Ghost"]}, "Hoopa": {"name": "Hoopa", "species": "Hoopa-Unbound", "speciesId": "hoopaunbound", "gender": "N", "shiny": false, "level": 80, "moves": ["gunkshot", "psychic", "hyperspacefury", "focusblast"], "ability": "Magician", "evs": {"hp": 85, "atk": 85, "def": 85, "spa": 85, "spd": 85, "spe": 85}, "ivs": {"hp": 31, "atk": 31, "def": 31, "spa": 31, "spd": 31, "spe": 31}, "item": "Assault Vest", "teraType": "Fighting", "role": "Bulky Attacker", "bvs": {"hp": 80, "atk": 160, "def": 60, "spa": 170, "spd": 130, "spe": 80}, "stats": {"hp": 259, "atk": 302, "def": 142, "spa": 318, "spd": 254, "spe": 174}, "types": ["Psychic", "Dark"]}}]}