{"id": "gen9randombattle-2641701546", "format": "[Gen 9] Random Battle", "players": ["ginigami", "namphong789"], "log": "|j|\u2606ginigami\n|j|\u2606namphong789\n|t:|1782831598\n|gametype|singles\n|player|p1|ginigami|102|1918\n|player|p2|namphong789|yellow|1907\n|gen|9\n|tier|[Gen 9] Random Battle\n|rated|\n|rule|Species Clause: Limit one of each Pok\u00e9mon\n|rule|HP Percentage Mod: HP is shown in percentages\n|rule|Sleep Clause Mod: Limit one foe put to sleep\n|rule|Illusion Level Mod: Illusion disguises the Pok\u00e9mon's true level\n|\n|t:|1782831598\n|teamsize|p1|6\n|teamsize|p2|6\n|start\n|switch|p1a: Arbok|Arbok, L87, M|246/246\n|switch|p2a: Camerupt|Camerupt, L91, F|275/275\n|-ability|p1a: Arbok|Intimidate|boost\n|-unboost|p2a: Camerupt|atk|1\n|turn|1\n|inactive|Battle timer is ON: inactive players will automatically lose when time's up. (requested by namphong789)\n|\n|t:|1782831615\n|move|p1a: Arbok|Coil|p1a: Arbok\n|-boost|p1a: Arbok|atk|1\n|-boost|p1a: Arbok|def|1\n|-boost|p1a: Arbok|accuracy|1\n|move|p2a: Camerupt|Overheat|p1a: Arbok\n|-damage|p1a: Arbok|57/246\n|-unboost|p2a: Camerupt|spa|2\n|\n|-heal|p1a: Arbok|72/246|[from] item: Leftovers\n|upkeep\n|turn|2\n|\n|t:|1782831622\n|move|p1a: Arbok|Earthquake|p2a: Camerupt\n|-supereffective|p2a: Camerupt\n|-damage|p2a: Camerupt|82/275\n|move|p2a: Camerupt|Earthquake|p1a: Arbok\n|-supereffective|p1a: Arbok\n|-damage|p1a: Arbok|0 fnt\n|faint|p1a: Arbok\n|\n|-heal|p2a: Camerupt|99/275|[from] item: Leftovers\n|upkeep\n|\n|t:|1782831633\n|switch|p1a: Pyroar|Pyroar, L88, M|295/295\n|-ability|p1a: Pyroar|Unnerve\n|turn|3\n|\n|t:|1782831638\n|move|p1a: Pyroar|Hyper Voice|p2a: Camerupt\n|-damage|p2a: Camerupt|0 fnt\n|faint|p2a: Camerupt\n|\n|upkeep\n|\n|t:|1782831641\n|switch|p2a: Tauros|Tauros-Paldea-Blaze, L81, M|254/254\n|-ability|p2a: Tauros|Intimidate|boost\n|-unboost|p1a: Pyroar|atk|1\n|turn|4\n|\n|t:|1782831649\n|move|p1a: Pyroar|Hyper Voice|p2a: Tauros\n|-damage|p2a: Tauros|119/254\n|move|p2a: Tauros|Close Combat|p1a: Pyroar\n|-supereffective|p1a: Pyroar\n|-damage|p1a: Pyroar|0 fnt\n|-unboost|p2a: Tauros|def|1\n|-unboost|p2a: Tauros|spd|1\n|faint|p1a: Pyroar\n|\n|upkeep\n|\n|t:|1782831655\n|switch|p1a: Electrode|Electrode-Hisui, L87|246/246\n|turn|5\n|\n|t:|1782831664\n|switch|p2a: Galvantula|Galvantula, L82, M|249/249\n|move|p1a: Electrode|Substitute|p1a: Electrode\n|-start|p1a: Electrode|Substitute\n|-damage|p1a: Electrode|185/246\n|\n|-heal|p1a: Electrode|200/246|[from] item: Leftovers\n|upkeep\n|turn|6\n|\n|t:|1782831675\n|move|p1a: Electrode|Leech Seed|p2a: Galvantula\n|-start|p2a: Galvantula|move: Leech Seed\n|move|p2a: Galvantula|Volt Switch|p1a: Electrode\n|-resisted|p1a: Electrode\n|-activate|p1a: Electrode|move: Substitute|[damage]\n|\n|t:|1782831679\n|switch|p2a: Hitmontop|Hitmontop, L88, M|231/231|[from] Volt Switch\n|\n|-heal|p1a: Electrode|215/246|[from] item: Leftovers\n|upkeep\n|turn|7\n|\n|t:|1782831688\n|switch|p1a: Arceus|Arceus-Steel, L70|284/284\n|move|p2a: Hitmontop|Triple Axel|p1a: Arceus\n|-resisted|p1a: Arceus\n|-damage|p1a: Arceus|273/284\n|-resisted|p1a: Arceus\n|-damage|p1a: Arceus|253/284\n|-resisted|p1a: Arceus\n|-crit|p1a: Arceus\n|-damage|p1a: Arceus|206/284\n|-hitcount|p1a: Arceus|3\n|\n|upkeep\n|turn|8\n|\n|t:|1782831707\n|-terastallize|p1a: Arceus|Ghost\n|move|p1a: Arceus|Judgment|p2a: Hitmontop\n|-damage|p2a: Hitmontop|138/231\n|move|p2a: Hitmontop|Close Combat|p1a: Arceus\n|-immune|p1a: Arceus\n|\n|-heal|p2a: Hitmontop|152/231|[from] item: Leftovers\n|upkeep\n|turn|9\n|\n|t:|1782831720\n|switch|p2a: Tauros|Tauros-Paldea-Blaze, L81, M|119/254\n|-ability|p2a: Tauros|Intimidate|boost\n|-unboost|p1a: Arceus|atk|1\n|move|p1a: Arceus|Calm Mind|p1a: Arceus\n|-boost|p1a: Arceus|spa|1\n|-boost|p1a: Arceus|spd|1\n|\n|upkeep\n|turn|10\n|\n|t:|1782831726\n|move|p1a: Arceus|Earth Power|p2a: Tauros\n|-supereffective|p2a: Tauros\n|-damage|p2a: Tauros|0 fnt\n|faint|p2a: Tauros\n|\n|upkeep\n|\n|t:|1782831741\n|switch|p2a: Galvantula|Galvantula, L82, M|249/249\n|turn|11\n|\n|t:|1782831745\n|move|p2a: Galvantula|Sticky Web|p1a: Arceus\n|-sidestart|p1: ginigami|move: Sticky Web\n|move|p1a: Arceus|Recover|p1a: Arceus\n|-heal|p1a: Arceus|284/284\n|\n|upkeep\n|turn|12\n|\n|t:|1782831750\n|move|p2a: Galvantula|Thunder|p1a: Arceus\n|-damage|p1a: Arceus|217/284\n|move|p1a: Arceus|Calm Mind|p1a: Arceus\n|-boost|p1a: Arceus|spa|1\n|-boost|p1a: Arceus|spd|1\n|\n|upkeep\n|turn|13\n|\n|t:|1782831755\n|move|p2a: Galvantula|Thunder|p1a: Arceus\n|-damage|p1a: Arceus|163/284\n|move|p1a: Arceus|Earth Power|p2a: Galvantula\n|-damage|p2a: Galvantula|112/249\n|\n|upkeep\n|turn|14\n|\n|t:|1782831758\n|switch|p1a: Electrode|Electrode-Hisui, L87|215/246\n|-activate|p1a: Electrode|move: Sticky Web\n|-unboost|p1a: Electrode|spe|1\n|move|p2a: Galvantula|Thunder|p1a: Electrode\n|-resisted|p1a: Electrode\n|-damage|p1a: Electrode|185/246\n|\n|-heal|p1a: Electrode|200/246|[from] item: Leftovers\n|upkeep\n|turn|15\n|\n|t:|1782831763\n|move|p2a: Galvantula|Volt Switch|p1a: Electrode\n|-resisted|p1a: Electrode\n|-damage|p1a: Electrode|183/246\n|\n|t:|1782831765\n|switch|p2a: Hitmontop|Hitmontop, L88, M|152/231|[from] Volt Switch\n|move|p1a: Electrode|Leech Seed|p2a: Hitmontop\n|-start|p2a: Hitmontop|move: Leech Seed\n|\n|-heal|p1a: Electrode|198/246|[from] item: Leftovers\n|-heal|p2a: Hitmontop|166/231|[from] item: Leftovers\n|-damage|p2a: Hitmontop|138/231|[from] Leech Seed|[of] p1a: Electrode\n|-heal|p1a: Electrode|226/246|[silent]\n|upkeep\n|turn|16\n|\n|t:|1782831774\n|move|p1a: Electrode|Giga Drain|p2a: Hitmontop\n|-damage|p2a: Hitmontop|75/231\n|-heal|p1a: Electrode|246/246|[from] drain|[of] p2a: Hitmontop\n|move|p2a: Hitmontop|Triple Axel|p1a: Electrode\n|-supereffective|p1a: Electrode\n|-damage|p1a: Electrode|186/246\n|-supereffective|p1a: Electrode\n|-damage|p1a: Electrode|80/246\n|-supereffective|p1a: Electrode\n|-damage|p1a: Electrode|0 fnt\n|faint|p1a: Electrode\n|-hitcount|p1: Electrode|3\n|\n|-heal|p2a: Hitmontop|89/231|[from] item: Leftovers\n|upkeep\n|\n|t:|1782831780\n|switch|p1a: Zapdos|Zapdos-Galar, L77|265/265\n|turn|17\n|\n|t:|1782831786\n|move|p1a: Zapdos|Brave Bird|p2a: Hitmontop\n|-supereffective|p2a: Hitmontop\n|-damage|p2a: Hitmontop|0 fnt\n|faint|p2a: Hitmontop\n|-damage|p1a: Zapdos|236/265|[from] Recoil\n|-damage|p1a: Zapdos|210/265|[from] item: Life Orb\n|\n|upkeep\n|\n|t:|1782831788\n|switch|p2a: Galvantula|Galvantula, L82, M|112/249\n|turn|18\n|\n|t:|1782831790\n|switch|p1a: Cryogonal|Cryogonal, L89|287/287\n|move|p2a: Galvantula|Thunder|p1a: Cryogonal\n|-damage|p1a: Cryogonal|215/287\n|\n|upkeep\n|turn|19\n|\n|t:|1782831798\n|switch|p2a: Deoxys|Deoxys-Speed, L82|216/216\n|-ability|p2a: Deoxys|Pressure\n|move|p1a: Cryogonal|Rapid Spin|p2a: Deoxys\n|-damage|p2a: Deoxys|190/216\n|-boost|p1a: Cryogonal|spe|1\n|-sideend|p1: ginigami|Sticky Web|[from] move: Rapid Spin|[of] p1a: Cryogonal\n|\n|upkeep\n|turn|20\n|\n|t:|1782831804\n|move|p1a: Cryogonal|Freeze-Dry|p2a: Deoxys\n|-damage|p2a: Deoxys|114/216\n|move|p2a: Deoxys|Superpower|p1a: Cryogonal\n|-supereffective|p1a: Cryogonal\n|-damage|p1a: Cryogonal|0 fnt\n|-unboost|p2a: Deoxys|atk|1\n|-unboost|p2a: Deoxys|def|1\n|faint|p1a: Cryogonal\n|-damage|p2a: Deoxys|93/216|[from] item: Life Orb\n|\n|upkeep\n|\n|t:|1782831807\n|switch|p1a: Arceus|Arceus-Steel, L70, tera:Ghost|163/284\n|turn|21\n|\n|t:|1782831810\n|switch|p2a: Galvantula|Galvantula, L82, M|112/249\n|move|p1a: Arceus|Recover|p1a: Arceus\n|-heal|p1a: Arceus|284/284\n|\n|upkeep\n|turn|22\n|\n|t:|1782831814\n|move|p2a: Galvantula|Thunder|p1a: Arceus\n|-crit|p1a: Arceus\n|-damage|p1a: Arceus|130/284\n|-status|p1a: Arceus|par\n|move|p1a: Arceus|Calm Mind|p1a: Arceus\n|-boost|p1a: Arceus|spa|1\n|-boost|p1a: Arceus|spd|1\n|\n|upkeep\n|turn|23\n|\n|t:|1782831819\n|move|p2a: Galvantula|Thunder|p1a: Arceus\n|-damage|p1a: Arceus|64/284 par\n|move|p1a: Arceus|Recover|p1a: Arceus\n|-heal|p1a: Arceus|206/284 par\n|\n|upkeep\n|turn|24\n|\n|t:|1782831823\n|move|p2a: Galvantula|Thunder|p1a: Arceus\n|-damage|p1a: Arceus|140/284 par\n|move|p1a: Arceus|Recover|p1a: Arceus\n|-heal|p1a: Arceus|282/284 par\n|\n|upkeep\n|turn|25\n|\n|t:|1782831827\n|move|p2a: Galvantula|Thunder|p1a: Arceus\n|-damage|p1a: Arceus|212/284 par\n|cant|p1a: Arceus|par\n|\n|upkeep\n|turn|26\n|\n|t:|1782831832\n|move|p2a: Galvantula|Thunder|p1a: Arceus\n|-damage|p1a: Arceus|140/284 par\n|move|p1a: Arceus|Calm Mind|p1a: Arceus\n|-boost|p1a: Arceus|spa|1\n|-boost|p1a: Arceus|spd|1\n|\n|upkeep\n|turn|27\n|\n|t:|1782831837\n|move|p2a: Galvantula|Volt Switch|p1a: Arceus\n|-damage|p1a: Arceus|107/284 par\n|\n|t:|1782831840\n|switch|p2a: Deoxys|Deoxys-Speed, L82|93/216|[from] Volt Switch\n|-ability|p2a: Deoxys|Pressure\n|move|p1a: Arceus|Recover|p1a: Arceus\n|-heal|p1a: Arceus|249/284 par\n|\n|upkeep\n|turn|28\n|\n|t:|1782831844\n|move|p2a: Deoxys|Knock Off|p1a: Arceus\n|-supereffective|p1a: Arceus\n|-damage|p1a: Arceus|137/284 par\n|-damage|p2a: Deoxys|72/216|[from] item: Life Orb\n|cant|p1a: Arceus|par\n|\n|upkeep\n|turn|29\n|\n|t:|1782831849\n|move|p2a: Deoxys|Knock Off|p1a: Arceus\n|-supereffective|p1a: Arceus\n|-damage|p1a: Arceus|38/284 par\n|-damage|p2a: Deoxys|51/216|[from] item: Life Orb\n|cant|p1a: Arceus|par\n|\n|upkeep\n|turn|30\n|\n|t:|1782831852\n|move|p2a: Deoxys|Knock Off|p1a: Arceus\n|-supereffective|p1a: Arceus\n|-damage|p1a: Arceus|0 fnt\n|faint|p1a: Arceus\n|-damage|p2a: Deoxys|30/216|[from] item: Life Orb\n|\n|upkeep\n|-message|ginigami forfeited.\n|\n|win|namphong789\n|raw|ginigami's rating: 1918 &rarr; <strong>1897</strong><br />(-21 for losing)\n|raw|namphong789's rating: 1907 &rarr; <strong>1928</strong><br />(+21 for winning)\n", "inputlog": ">version f8ac14003a5f27e1bdc8d8c59608a773c1cb96e5\n>start {\"formatid\":\"gen9randombattle\",\"seed\":\"sodium,4ac49f8da21b209fa78c951868312c57\",\"rated\":\"Rated battle\"}\n>player p1 {\"name\":\"ginigami\",\"avatar\":\"102\",\"rating\":1918,\"seed\":\"sodium,d485eb45bb866cde2eeb76696a5f08fd\"}\n>player p2 {\"name\":\"namphong789\",\"avatar\":\"yellow\",\"rating\":1907,\"seed\":\"sodium,e2584f9af05a723d51cdd297180270bb\"}\n>p1 move coil\n>p2 move overheat\n>p1 move earthquake\n>p2 move earthquake\n>p1 switch 2\n>p1 move hypervoice\n>p2 move earthquake\n>p2 switch 6\n>p1 move hypervoice\n>p2 move closecombat\n>p1 switch 5\n>p1 move substitute\n>p2 switch 3\n>p1 move leechseed\n>p2 move voltswitch\n>p2 switch 2\n>p1 switch 3\n>p2 move tripleaxel\n>p1 move judgment terastallize\n>p2 move closecombat\n>p1 move calmmind\n>p2 switch 3\n>p1 move earthpower\n>p2 move flareblitz\n>p2 switch 2\n>p1 move recover\n>p2 move stickyweb\n>p1 move calmmind\n>p2 move thunder\n>p1 move earthpower\n>p2 move thunder\n>p1 switch 3\n>p2 move thunder\n>p1 move leechseed\n>p2 move voltswitch\n>p2 switch 3\n>p1 move gigadrain\n>p2 move tripleaxel\n>p1 switch 6\n>p1 move bravebird\n>p2 move tripleaxel\n>p2 switch 3\n>p1 switch 4\n>p2 move thunder\n>p1 move rapidspin\n>p2 switch 4\n>p1 move freezedry\n>p2 move superpower\n>p1 switch 3\n>p1 move recover\n>p2 switch 4\n>p1 move calmmind\n>p2 move thunder\n>p1 move recover\n>p2 move thunder\n>p1 move recover\n>p2 move thunder\n>p1 move calmmind\n>p2 move thunder\n>p1 move calmmind\n>p2 move thunder\n>p1 move recover\n>p2 move voltswitch\n>p2 switch 4\n>p1 move judgment\n>p2 move knockoff\n>p1 move recover\n>p2 move knockoff\n>p1 move judgment\n>p2 move knockoff\n>forcelose p1", "uploadtime": 1782831601, "views": 4, "formatid": "gen9randombattle", "rating": 1897, "private": 0, "password": null, "player_dets": [{"name": "ginigami", "avatar": "102", "rating": 1918, "seed": "sodium,d485eb45bb866cde2eeb76696a5f08fd"}, {"name": "namphong789", "avatar": "yellow", "rating": 1907, "seed": "sodium,e2584f9af05a723d51cdd297180270bb"}], "teams_full": [{"Arbok": {"name": "Arbok", "species": "Arbok", "speciesId": "arbok", "gender": "M", "shiny": false, "level": 87, "moves": ["suckerpunch", "earthquake", "gunkshot", "coil"], "ability": "Intimidate", "evs": {"hp": 85, "atk": 85, "def": 85, "spa": 85, "spd": 85, "spe": 85}, "ivs": {"hp": 31, "atk": 31, "def": 31, "spa": 31, "spd": 31, "spe": 31}, "item": "Leftovers", "teraType": "Ground", "role": "Bulky Attacker", "bvs": {"hp": 60, "atk": 95, "def": 69, "spa": 65, "spd": 79, "spe": 80}, "stats": {"hp": 246, "atk": 215, "def": 170, "spa": 163, "spd": 187, "spe": 189}, "types": ["Poison"]}, "Pyroar": {"name": "Pyroar", "species": "Pyroar", "speciesId": "pyroar", "gender": "M", "shiny": false, "level": 88, "moves": ["hypervoice", "fireblast", "workup", "willowisp"], "ability": "Unnerve", "evs": {"hp": 85, "atk": 0, "def": 85, "spa": 85, "spd": 85, "spe": 85}, "ivs": {"hp": 31, "atk": 0, "def": 31, "spa": 31, "spd": 31, "spe": 31}, "item": "Heavy-Duty Boots", "teraType": "Fire", "role": "Fast Attacker", "bvs": {"hp": 86, "atk": 68, "def": 72, "spa": 109, "spd": 66, "spe": 106}, "stats": {"hp": 295, "atk": 124, "def": 177, "spa": 242, "spd": 166, "spe": 237}, "types": ["Fire", "Normal"]}, "Arceus": {"name": "Arceus", "species": "Arceus-Steel", "speciesId": "arceussteel", "gender": "N", "shiny": false, "level": 70, "moves": ["calmmind", "earthpower", "recover", "judgment"], "ability": "Multitype", "evs": {"hp": 85, "atk": 0, "def": 85, "spa": 85, "spd": 85, "spe": 85}, "ivs": {"hp": 31, "atk": 0, "def": 31, "spa": 31, "spd": 31, "spe": 31}, "item": "Iron Plate", "teraType": "Ghost", "role": "Bulky Setup", "bvs": {"hp": 120, "atk": 120, "def": 120, "spa": 120, "spd": 120, "spe": 120}, "stats": {"hp": 284, "atk": 173, "def": 209, "spa": 209, "spd": 209, "spe": 209}, "types": ["Steel"]}, "Cryogonal": {"name": "Cryogonal", "species": "Cryogonal", "speciesId": "cryogonal", "gender": "N", "shiny": false, "level": 89, "moves": ["rapidspin", "recover", "flashcannon", "freezedry"], "ability": "Levitate", "evs": {"hp": 85, "atk": 85, "def": 85, "spa": 85, "spd": 85, "spe": 85}, "ivs": {"hp": 31, "atk": 31, "def": 31, "spa": 31, "spd": 31, "spe": 31}, "item": "Heavy-Duty Boots", "teraType": "Steel", "role": "Bulky Support", "bvs": {"hp": 80, "atk": 50, "def": 50, "spa": 95, "spd": 135, "spe": 105}, "stats": {"hp": 287, "atk": 140, "def": 140, "spa": 220, "spd": 291, "spe": 238}, "types": ["Ice"]}, "Electrode": {"name": "Electrode", "species": "Electrode-Hisui", "speciesId": "electrodehisui", "gender": "N", "shiny": false, "level": 87, "moves": ["gigadrain", "thunderbolt", "substitute", "leechseed"], "ability": "Soundproof", "evs": {"hp": 85, "atk": 0, "def": 85, "spa": 85, "spd": 85, "spe": 85}, "ivs": {"hp": 31, "atk": 0, "def": 31, "spa": 31, "spd": 31, "spe": 31}, "item": "Leftovers", "teraType": "Poison", "role": "Fast Support", "bvs": {"hp": 60, "atk": 50, "def": 70, "spa": 80, "spd": 80, "spe": 150}, "stats": {"hp": 246, "atk": 92, "def": 172, "spa": 189, "spd": 189, "spe": 311}, "types": ["Electric", "Grass"]}, "Zapdos": {"name": "Zapdos", "species": "Zapdos-Galar", "speciesId": "zapdosgalar", "gender": "N", "shiny": false, "level": 77, "moves": ["bulkup", "knockoff", "closecombat", "bravebird"], "ability": "Defiant", "evs": {"hp": 85, "atk": 85, "def": 85, "spa": 85, "spd": 85, "spe": 85}, "ivs": {"hp": 31, "atk": 31, "def": 31, "spa": 31, "spd": 31, "spe": 31}, "item": "Life Orb", "teraType": "Dark", "role": "Fast Attacker", "bvs": {"hp": 90, "atk": 125, "def": 90, "spa": 85, "spd": 90, "spe": 100}, "stats": {"hp": 265, "atk": 237, "def": 183, "spa": 175, "spd": 183, "spe": 199}, "types": ["Fighting", "Flying"]}}, {"Camerupt": {"name": "Camerupt", "species": "Camerupt", "speciesId": "camerupt", "gender": "F", "shiny": false, "level": 91, "moves": ["overheat", "roar", "stealthrock", "earthquake"], "ability": "Solid Rock", "evs": {"hp": 85, "atk": 85, "def": 85, "spa": 85, "spd": 85, "spe": 85}, "ivs": {"hp": 31, "atk": 31, "def": 31, "spa": 31, "spd": 31, "spe": 31}, "item": "Leftovers", "teraType": "Grass", "role": "Bulky Support", "bvs": {"hp": 70, "atk": 100, "def": 70, "spa": 105, "spd": 75, "spe": 40}, "stats": {"hp": 275, "atk": 234, "def": 179, "spa": 243, "spd": 188, "spe": 125}, "types": ["Fire", "Ground"]}, "Hitmontop": {"name": "Hitmontop", "species": "Hitmontop", "speciesId": "hitmontop", "gender": "M", "shiny": false, "level": 88, "moves": ["rapidspin", "closecombat", "tripleaxel", "bulkup"], "ability": "Technician", "evs": {"hp": 85, "atk": 85, "def": 85, "spa": 85, "spd": 85, "spe": 85}, "ivs": {"hp": 31, "atk": 31, "def": 31, "spa": 31, "spd": 31, "spe": 31}, "item": "Leftovers", "teraType": "Ice", "role": "Bulky Setup", "bvs": {"hp": 50, "atk": 95, "def": 95, "spa": 35, "spd": 110, "spe": 70}, "stats": {"hp": 231, "atk": 217, "def": 217, "spa": 112, "spd": 244, "spe": 173}, "types": ["Fighting"]}, "Galvantula": {"name": "Galvantula", "species": "Galvantula", "speciesId": "galvantula", "gender": "M", "shiny": false, "level": 82, "moves": ["bugbuzz", "thunder", "voltswitch", "stickyweb"], "ability": "Compound Eyes", "evs": {"hp": 85, "atk": 0, "def": 85, "spa": 85, "spd": 85, "spe": 85}, "ivs": {"hp": 31, "atk": 0, "def": 31, "spa": 31, "spd": 31, "spe": 31}, "item": "Heavy-Duty Boots", "teraType": "Electric", "role": "Fast Support", "bvs": {"hp": 70, "atk": 77, "def": 60, "spa": 97, "spd": 60, "spe": 108}, "stats": {"hp": 249, "atk": 131, "def": 146, "spa": 206, "spd": 146, "spe": 224}, "types": ["Bug", "Electric"]}, "Deoxys": {"name": "Deoxys", "species": "Deoxys-Speed", "speciesId": "deoxysspeed", "gender": "N", "shiny": false, "level": 82, "moves": ["psychoboost", "spikes", "knockoff", "superpower"], "ability": "Pressure", "evs": {"hp": 85, "atk": 85, "def": 85, "spa": 85, "spd": 85, "spe": 85}, "ivs": {"hp": 31, "atk": 31, "def": 31, "spa": 31, "spd": 31, "spe": 31}, "item": "Life Orb", "teraType": "Steel", "role": "Fast Support", "bvs": {"hp": 50, "atk": 95, "def": 90, "spa": 95, "spd": 90, "spe": 180}, "stats": {"hp": 216, "atk": 203, "def": 195, "spa": 203, "spd": 195, "spe": 342}, "types": ["Psychic"]}, "Sceptile": {"name": "Sceptile", "species": "Sceptile", "speciesId": "sceptile", "gender": "F", "shiny": false, "level": 87, "moves": ["swordsdance", "earthquake", "rockslide", "leafblade"], "ability": "Overgrow", "evs": {"hp": 85, "atk": 85, "def": 85, "spa": 85, "spd": 85, "spe": 85}, "ivs": {"hp": 31, "atk": 31, "def": 31, "spa": 31, "spd": 31, "spe": 31}, "item": "Life Orb", "teraType": "Rock", "role": "Setup Sweeper", "bvs": {"hp": 70, "atk": 85, "def": 65, "spa": 105, "spd": 85, "spe": 120}, "stats": {"hp": 264, "atk": 198, "def": 163, "spa": 232, "spd": 198, "spe": 259}, "types": ["Grass"]}, "Tauros": {"name": "Tauros", "species": "Tauros-Paldea-Blaze", "speciesId": "taurospaldeablaze", "gender": "M", "shiny": false, "level": 81, "moves": ["closecombat", "stoneedge", "flareblitz", "wildcharge"], "ability": "Intimidate", "evs": {"hp": 85, "atk": 85, "def": 85, "spa": 85, "spd": 85, "spe": 85}, "ivs": {"hp": 31, "atk": 31, "def": 31, "spa": 31, "spd": 31, "spe": 31}, "item": "Choice Band", "teraType": "Fighting", "role": "Wallbreaker", "bvs": {"hp": 75, "atk": 110, "def": 105, "spa": 30, "spd": 70, "spe": 100}, "stats": {"hp": 254, "atk": 225, "def": 217, "spa": 95, "spd": 160, "spe": 209}, "types": ["Fighting", "Fire"]}}]}