{"id": "gen9randombattle-2641505801", "format": "[Gen 9] Random Battle", "players": ["130hp", "Momo2401"], "log": "|j|\u2606130hp\n|j|\u2606Momo2401\n|t:|1782796479\n|gametype|singles\n|player|p1|130hp|miku-ground|2081\n|player|p2|Momo2401|janitor|2086\n|gen|9\n|tier|[Gen 9] Random Battle\n|rated|\n|rule|Species Clause: Limit one of each Pok\u00e9mon\n|rule|HP Percentage Mod: HP is shown in percentages\n|rule|Sleep Clause Mod: Limit one foe put to sleep\n|rule|Illusion Level Mod: Illusion disguises the Pok\u00e9mon's true level\n|\n|t:|1782796479\n|teamsize|p1|6\n|teamsize|p2|6\n|start\n|switch|p1a: Basculin|Basculin, L86, F|261/261\n|switch|p2a: Scream Tail|Scream Tail, L84|330/330\n|turn|1\n|j| lilboymp4\n|inactive|Battle timer is ON: inactive players will automatically lose when time's up. (requested by Momo2401)\n|\n|t:|1782796484\n|move|p2a: Scream Tail|Thunder Wave|p1a: Basculin\n|-status|p1a: Basculin|par\n|move|p1a: Basculin|Flip Turn|p2a: Scream Tail\n|-damage|p2a: Scream Tail|210/330\n|\n|t:|1782796497\n|switch|p1a: Tyranitar|Tyranitar, L78, M|284/284|[from] Flip Turn\n|-weather|Sandstorm|[from] ability: Sand Stream|[of] p1a: Tyranitar\n|\n|-weather|Sandstorm|[upkeep]\n|-damage|p2a: Scream Tail|190/330|[from] Sandstorm\n|-heal|p2a: Scream Tail|210/330|[from] item: Leftovers\n|upkeep\n|turn|2\n|\n|t:|1782796514\n|move|p2a: Scream Tail|Play Rough|p1a: Tyranitar\n|-supereffective|p1a: Tyranitar\n|-damage|p1a: Tyranitar|158/284\n|-unboost|p1a: Tyranitar|atk|1\n|move|p1a: Tyranitar|Thunder Wave|p2a: Scream Tail\n|-status|p2a: Scream Tail|par\n|\n|-weather|Sandstorm|[upkeep]\n|-damage|p2a: Scream Tail|190/330 par|[from] Sandstorm\n|-heal|p1a: Tyranitar|175/284|[from] item: Leftovers\n|-heal|p2a: Scream Tail|210/330 par|[from] item: Leftovers\n|upkeep\n|turn|3\n|l|\u2606Momo2401\n|inactive|Momo2401 disconnected and has a minute to reconnect!\n|player|p2|\n|j|\u2606Momo2401\n|inactive|Momo2401 reconnected and has 135 seconds left.\n|player|p2|Momo2401|janitor|\n|\n|t:|1782796535\n|switch|p1a: Iron Crown|Iron Crown, L78|268/268\n|cant|p2a: Scream Tail|par\n|\n|-weather|Sandstorm|[upkeep]\n|-damage|p2a: Scream Tail|190/330 par|[from] Sandstorm\n|-heal|p2a: Scream Tail|210/330 par|[from] item: Leftovers\n|upkeep\n|turn|4\n|\n|t:|1782796542\n|-end|p2a: Scream Tail|Protosynthesis|[silent]\n|switch|p2a: Electrode|Electrode-Hisui, L87|246/246\n|move|p1a: Iron Crown|Tachyon Cutter|p2a: Electrode\n|-resisted|p2a: Electrode\n|-damage|p2a: Electrode|200/246\n|-resisted|p2a: Electrode\n|-damage|p2a: Electrode|157/246\n|-hitcount|p2a: Electrode|2\n|\n|-weather|Sandstorm|[upkeep]\n|-damage|p2a: Electrode|142/246|[from] Sandstorm\n|upkeep\n|turn|5\n|\n|t:|1782796550\n|-end|p1a: Iron Crown|Quark Drive|[silent]\n|switch|p1a: Bellossom|Bellossom, L84, M|263/263\n|move|p2a: Electrode|Volt Switch|p1a: Bellossom\n|-resisted|p1a: Bellossom\n|-damage|p1a: Bellossom|224/263\n|-damage|p2a: Electrode|118/246|[from] item: Life Orb\n|\n|t:|1782796566\n|switch|p2a: Hitmonlee|Hitmonlee, L85, M|223/223|[from] Volt Switch\n|\n|-weather|none\n|-heal|p1a: Bellossom|240/263|[from] item: Leftovers\n|upkeep\n|turn|6\n|\n|t:|1782796582\n|move|p2a: Hitmonlee|High Jump Kick|p1a: Bellossom\n|-damage|p1a: Bellossom|0 fnt\n|faint|p1a: Bellossom\n|\n|upkeep\n|\n|t:|1782796591\n|switch|p1a: Medicham|Medicham, L86, F|243/243\n|turn|7\n|\n|t:|1782796601\n|switch|p2a: Scream Tail|Scream Tail, L84|210/330 par\n|move|p1a: Medicham|Zen Headbutt|p2a: Scream Tail\n|-resisted|p2a: Scream Tail\n|-damage|p2a: Scream Tail|150/330 par\n|\n|-heal|p2a: Scream Tail|170/330 par|[from] item: Leftovers\n|upkeep\n|turn|8\n|\n|t:|1782796605\n|switch|p1a: Iron Crown|Iron Crown, L78|268/268\n|cant|p2a: Scream Tail|par\n|\n|-heal|p2a: Scream Tail|190/330 par|[from] item: Leftovers\n|upkeep\n|turn|9\n|\n|t:|1782796614\n|move|p2a: Scream Tail|Protect|p2a: Scream Tail\n|-singleturn|p2a: Scream Tail|Protect\n|move|p1a: Iron Crown|Volt Switch|p2a: Scream Tail\n|-activate|p2a: Scream Tail|move: Protect\n|\n|-heal|p2a: Scream Tail|210/330 par|[from] item: Leftovers\n|upkeep\n|turn|10\n|\n|t:|1782796620\n|-end|p1a: Iron Crown|Quark Drive|[silent]\n|switch|p1a: Tyranitar|Tyranitar, L78, M|175/284\n|-weather|Sandstorm|[from] ability: Sand Stream|[of] p1a: Tyranitar\n|move|p2a: Scream Tail|Wish|p2a: Scream Tail\n|\n|-weather|Sandstorm|[upkeep]\n|-damage|p2a: Scream Tail|190/330 par|[from] Sandstorm\n|-heal|p1a: Tyranitar|192/284|[from] item: Leftovers\n|-heal|p2a: Scream Tail|210/330 par|[from] item: Leftovers\n|upkeep\n|turn|11\n|\n|t:|1782796627\n|-end|p2a: Scream Tail|Protosynthesis|[silent]\n|switch|p2a: Floatzel|Floatzel, L86, F|286/286\n|move|p1a: Tyranitar|Knock Off|p2a: Floatzel\n|-damage|p2a: Floatzel|132/286\n|-enditem|p2a: Floatzel|Leftovers|[from] move: Knock Off|[of] p1a: Tyranitar\n|\n|-weather|Sandstorm|[upkeep]\n|-damage|p2a: Floatzel|115/286|[from] Sandstorm\n|-heal|p2a: Floatzel|280/286|[from] move: Wish|[wisher] Scream Tail\n|-heal|p1a: Tyranitar|209/284|[from] item: Leftovers\n|upkeep\n|turn|12\n|\n|t:|1782796633\n|switch|p1a: Basculin|Basculin, L86, F|261/261 par\n|move|p2a: Floatzel|Bulk Up|p2a: Floatzel\n|-boost|p2a: Floatzel|atk|1\n|-boost|p2a: Floatzel|def|1\n|\n|-weather|Sandstorm|[upkeep]\n|-damage|p2a: Floatzel|263/286|[from] Sandstorm\n|-damage|p1a: Basculin|245/261 par|[from] Sandstorm\n|upkeep\n|turn|13\n|\n|t:|1782796638\n|move|p2a: Floatzel|Bulk Up|p2a: Floatzel\n|-boost|p2a: Floatzel|atk|1\n|-boost|p2a: Floatzel|def|1\n|move|p1a: Basculin|Flip Turn|p2a: Floatzel\n|-resisted|p2a: Floatzel\n|-damage|p2a: Floatzel|222/286\n|\n|t:|1782796645\n|switch|p1a: Medicham|Medicham, L86, F|243/243|[from] Flip Turn\n|\n|-weather|Sandstorm|[upkeep]\n|-damage|p1a: Medicham|228/243|[from] Sandstorm\n|-damage|p2a: Floatzel|205/286|[from] Sandstorm\n|upkeep\n|turn|14\n|\n|t:|1782796648\n|-terastallize|p1a: Medicham|Fighting\n|move|p1a: Medicham|Close Combat|p2a: Floatzel\n|-damage|p2a: Floatzel|37/286\n|-unboost|p1a: Medicham|def|1\n|-unboost|p1a: Medicham|spd|1\n|move|p2a: Floatzel|Wave Crash|p1a: Medicham\n|-damage|p1a: Medicham|0 fnt\n|faint|p1a: Medicham\n|-damage|p2a: Floatzel|0 fnt|[from] Recoil\n|faint|p2a: Floatzel\n|\n|-weather|none\n|upkeep\n|\n|t:|1782796658\n|switch|p2a: Electrode|Electrode-Hisui, L87|118/246\n|switch|p1a: Tyranitar|Tyranitar, L78, M|209/284\n|-weather|Sandstorm|[from] ability: Sand Stream|[of] p1a: Tyranitar\n|turn|15\n|\n|t:|1782796662\n|move|p2a: Electrode|Leaf Storm|p1a: Tyranitar\n|-supereffective|p1a: Tyranitar\n|-damage|p1a: Tyranitar|0 fnt\n|-unboost|p2a: Electrode|spa|2\n|faint|p1a: Tyranitar\n|-damage|p2a: Electrode|94/246|[from] item: Life Orb\n|\n|-weather|Sandstorm|[upkeep]\n|-damage|p2a: Electrode|79/246|[from] Sandstorm\n|upkeep\n|\n|t:|1782796671\n|switch|p1a: Lucario|Lucario, L84, F|255/255\n|turn|16\n|\n|t:|1782796675\n|move|p2a: Electrode|Taunt|p1a: Lucario\n|-start|p1a: Lucario|move: Taunt\n|cant|p1a: Lucario|move: Taunt|Nasty Plot\n|\n|-weather|Sandstorm|[upkeep]\n|-damage|p2a: Electrode|64/246|[from] Sandstorm\n|upkeep\n|turn|17\n|\n|t:|1782796682\n|move|p1a: Lucario|Vacuum Wave|p2a: Electrode\n|-damage|p2a: Electrode|0 fnt\n|faint|p2a: Electrode\n|-damage|p1a: Lucario|230/255|[from] item: Life Orb\n|\n|-weather|Sandstorm|[upkeep]\n|upkeep\n|\n|t:|1782796685\n|switch|p2a: Hitmonlee|Hitmonlee, L85, M|223/223\n|turn|18\n|\n|t:|1782796702\n|move|p1a: Lucario|Aura Sphere|p2a: Hitmonlee\n|-damage|p2a: Hitmonlee|120/223\n|-damage|p1a: Lucario|205/255|[from] item: Life Orb\n|move|p2a: Hitmonlee|High Jump Kick|p1a: Lucario|[miss]\n|-miss|p2a: Hitmonlee|p1a: Lucario\n|-damage|p2a: Hitmonlee|9/223|[from] highjumpkick\n|\n|-weather|Sandstorm|[upkeep]\n|-damage|p2a: Hitmonlee|0 fnt|[from] Sandstorm\n|faint|p2a: Hitmonlee\n|-end|p1a: Lucario|move: Taunt\n|upkeep\n|\n|t:|1782796719\n|switch|p2a: Amoonguss|Amoonguss, L82, M|321/321\n|turn|19\n|\n|t:|1782796725\n|move|p1a: Lucario|Flash Cannon|p2a: Amoonguss\n|-damage|p2a: Amoonguss|185/321\n|-damage|p1a: Lucario|180/255|[from] item: Life Orb\n|move|p2a: Amoonguss|Stomping Tantrum|p1a: Lucario\n|-supereffective|p1a: Lucario\n|-damage|p1a: Lucario|62/255\n|\n|-weather|none\n|-heal|p2a: Amoonguss|205/321|[from] item: Leftovers\n|upkeep\n|turn|20\n|\n|t:|1782796735\n|move|p1a: Lucario|Flash Cannon|p2a: Amoonguss\n|-damage|p2a: Amoonguss|79/321\n|-unboost|p2a: Amoonguss|spd|1\n|-damage|p1a: Lucario|37/255|[from] item: Life Orb\n|move|p2a: Amoonguss|Stomping Tantrum|p1a: Lucario\n|-supereffective|p1a: Lucario\n|-damage|p1a: Lucario|0 fnt\n|faint|p1a: Lucario\n|\n|-heal|p2a: Amoonguss|99/321|[from] item: Leftovers\n|upkeep\n|\n|t:|1782796758\n|switch|p1a: Basculin|Basculin, L86, F|245/261 par\n|turn|21\n|\n|t:|1782796763\n|switch|p2a: Salamence|Salamence, L77, F|273/273\n|-ability|p2a: Salamence|Intimidate|boost\n|-unboost|p1a: Basculin|atk|1\n|move|p1a: Basculin|Wave Crash|p2a: Salamence\n|-resisted|p2a: Salamence\n|-damage|p2a: Salamence|176/273\n|-damage|p1a: Basculin|213/261 par|[from] Recoil\n|\n|upkeep\n|turn|22\n|\n|t:|1782796766\n|switch|p1a: Iron Crown|Iron Crown, L78|268/268\n|move|p2a: Salamence|Dragon Dance|p2a: Salamence\n|-boost|p2a: Salamence|atk|1\n|-boost|p2a: Salamence|spe|1\n|\n|upkeep\n|turn|23\n|\n|t:|1782796770\n|-terastallize|p2a: Salamence|Steel\n|move|p2a: Salamence|Dragon Dance|p2a: Salamence\n|-boost|p2a: Salamence|atk|1\n|-boost|p2a: Salamence|spe|1\n|move|p1a: Iron Crown|Tachyon Cutter|p2a: Salamence\n|-resisted|p2a: Salamence\n|-damage|p2a: Salamence|130/273\n|-resisted|p2a: Salamence\n|-damage|p2a: Salamence|82/273\n|-hitcount|p2a: Salamence|2\n|\n|upkeep\n|turn|24\n|\n|t:|1782796773\n|move|p2a: Salamence|Roost|p2a: Salamence\n|-heal|p2a: Salamence|219/273\n|move|p1a: Iron Crown|Tachyon Cutter|p2a: Salamence\n|-resisted|p2a: Salamence\n|-damage|p2a: Salamence|168/273\n|-resisted|p2a: Salamence\n|-damage|p2a: Salamence|123/273\n|-hitcount|p2a: Salamence|2\n|\n|upkeep\n|turn|25\n|\n|t:|1782796776\n|move|p2a: Salamence|Roost|p2a: Salamence\n|-heal|p2a: Salamence|260/273\n|move|p1a: Iron Crown|Tachyon Cutter|p2a: Salamence\n|-resisted|p2a: Salamence\n|-damage|p2a: Salamence|213/273\n|-resisted|p2a: Salamence\n|-damage|p2a: Salamence|165/273\n|-hitcount|p2a: Salamence|2\n|\n|upkeep\n|turn|26\n|\n|t:|1782796779\n|move|p2a: Salamence|Dragon Dance|p2a: Salamence\n|-boost|p2a: Salamence|atk|1\n|-boost|p2a: Salamence|spe|1\n|move|p1a: Iron Crown|Tachyon Cutter|p2a: Salamence\n|-resisted|p2a: Salamence\n|-damage|p2a: Salamence|117/273\n|-resisted|p2a: Salamence\n|-damage|p2a: Salamence|64/273\n|-hitcount|p2a: Salamence|2\n|\n|upkeep\n|turn|27\n|\n|t:|1782796781\n|move|p2a: Salamence|Roost|p2a: Salamence\n|-heal|p2a: Salamence|201/273\n|move|p1a: Iron Crown|Tachyon Cutter|p2a: Salamence\n|-resisted|p2a: Salamence\n|-damage|p2a: Salamence|151/273\n|-resisted|p2a: Salamence\n|-damage|p2a: Salamence|101/273\n|-hitcount|p2a: Salamence|2\n|\n|upkeep\n|turn|28\n|\n|t:|1782796785\n|move|p2a: Salamence|Roost|p2a: Salamence\n|-heal|p2a: Salamence|238/273\n|move|p1a: Iron Crown|Tachyon Cutter|p2a: Salamence\n|-resisted|p2a: Salamence\n|-damage|p2a: Salamence|187/273\n|-resisted|p2a: Salamence\n|-damage|p2a: Salamence|136/273\n|-hitcount|p2a: Salamence|2\n|\n|upkeep\n|turn|29\n|\n|t:|1782796788\n|move|p2a: Salamence|Roost|p2a: Salamence\n|-heal|p2a: Salamence|273/273\n|move|p1a: Iron Crown|Tachyon Cutter|p2a: Salamence\n|-resisted|p2a: Salamence\n|-crit|p2a: Salamence\n|-damage|p2a: Salamence|197/273\n|-resisted|p2a: Salamence\n|-damage|p2a: Salamence|146/273\n|-hitcount|p2a: Salamence|2\n|\n|upkeep\n|turn|30\n|\n|t:|1782796791\n|move|p2a: Salamence|Outrage|p1a: Iron Crown\n|-resisted|p1a: Iron Crown\n|-damage|p1a: Iron Crown|106/268\n|move|p1a: Iron Crown|Tachyon Cutter|p2a: Salamence\n|-resisted|p2a: Salamence\n|-damage|p2a: Salamence|101/273\n|-resisted|p2a: Salamence\n|-damage|p2a: Salamence|54/273\n|-hitcount|p2a: Salamence|2\n|\n|upkeep\n|turn|31\n|\n|t:|1782796800\n|-end|p1a: Iron Crown|Quark Drive|[silent]\n|switch|p1a: Basculin|Basculin, L86, F|213/261 par\n|move|p2a: Salamence|Outrage|p1a: Basculin|[from] lockedmove\n|-damage|p1a: Basculin|0 fnt\n|faint|p1a: Basculin\n|\n|upkeep\n|-message|130hp forfeited.\n|\n|win|Momo2401\n", "inputlog": ">version f8ac14003a5f27e1bdc8d8c59608a773c1cb96e5\n>start {\"formatid\":\"gen9randombattle\",\"seed\":\"sodium,f827ce93baaa01ec8c61367ab4933f28\",\"rated\":\"Rated battle\"}\n>player p1 {\"name\":\"130hp\",\"avatar\":\"miku-ground\",\"rating\":2081,\"seed\":\"sodium,0010701219f847d39b5cb1ace4a40b1f\"}\n>player p2 {\"name\":\"Momo2401\",\"avatar\":\"janitor\",\"rating\":2086,\"seed\":\"sodium,2881e5445b9c9e1ad3548e9876cb3ca4\"}\n>p1 move flipturn\n>p2 move thunderwave\n>p1 switch 4\n>p1 move thunderwave\n>p2 move playrough\n>p1 switch 3\n>p2 move playrough\n>p1 move tachyoncutter\n>p2 switch 2\n>p1 switch 6\n>p2 move voltswitch\n>p2 switch 4\n>p1 move strengthsap\n>p2 move highjumpkick\n>p1 switch 5\n>p1 move zenheadbutt\n>p2 switch 2\n>p1 switch 6\n>p2 move wish\n>p1 move voltswitch\n>p2 move protect\n>p1 switch 3\n>p2 move wish\n>p1 move knockoff\n>p2 switch 3\n>p1 switch 4\n>p2 move bulkup\n>p1 move flipturn\n>p2 move bulkup\n>p1 switch 6\n>p1 move closecombat terastallize\n>p2 move wavecrash\n>p1 switch 4\n>p2 switch 4\n>p1 move knockoff\n>p2 move leafstorm\n>p1 switch 2\n>p1 move nastyplot\n>p2 move taunt\n>p1 move vacuumwave\n>p2 move voltswitch\n>p2 switch 2\n>p1 move aurasphere\n>p2 move highjumpkick\n>chat \u2606Momo2401|Ouch.\n>p2 switch 5\n>p1 move flashcannon\n>p2 move stompingtantrum\n>p1 move flashcannon\n>p2 move stompingtantrum\n>p1 switch 6\n>p1 move wavecrash\n>p2 switch 6\n>p1 switch 3\n>p2 move dragondance\n>p1 move tachyoncutter\n>p2 move dragondance terastallize\n>p1 move tachyoncutter\n>p2 move roost\n>p1 move tachyoncutter\n>p2 move roost\n>p1 move tachyoncutter\n>p2 move dragondance\n>p1 move tachyoncutter\n>p2 move roost\n>p1 move tachyoncutter\n>p2 move roost\n>p1 move tachyoncutter\n>p2 move roost\n>p1 move tachyoncutter\n>p2 move outrage\n>p1 switch 3\n>p2 move outrage\n>forcelose p1", "uploadtime": 1782796481, "views": 3, "formatid": "gen9randombattle", "rating": null, "private": 0, "password": null, "player_dets": [{"name": "130hp", "avatar": "miku-ground", "rating": 2081, "seed": "sodium,0010701219f847d39b5cb1ace4a40b1f"}, {"name": "Momo2401", "avatar": "janitor", "rating": 2086, "seed": "sodium,2881e5445b9c9e1ad3548e9876cb3ca4"}], "teams_full": [{"Basculin": {"name": "Basculin", "species": "Basculin", "speciesId": "basculin", "gender": "F", "shiny": false, "level": 86, "moves": ["doubleedge", "flipturn", "aquajet", "wavecrash"], "ability": "Adaptability", "evs": {"hp": 85, "atk": 85, "def": 85, "spa": 85, "spd": 85, "spe": 85}, "ivs": {"hp": 31, "atk": 31, "def": 31, "spa": 31, "spd": 31, "spe": 31}, "item": "Choice Band", "teraType": "Water", "role": "Wallbreaker", "bvs": {"hp": 70, "atk": 92, "def": 65, "spa": 80, "spd": 55, "spe": 98}, "stats": {"hp": 261, "atk": 207, "def": 161, "spa": 187, "spd": 144, "spe": 218}, "types": ["Water"]}, "Lucario": {"name": "Lucario", "species": "Lucario", "speciesId": "lucario", "gender": "F", "shiny": false, "level": 84, "moves": ["vacuumwave", "aurasphere", "nastyplot", "flashcannon"], "ability": "Inner Focus", "evs": {"hp": 85, "atk": 0, "def": 85, "spa": 85, "spd": 85, "spe": 85}, "ivs": {"hp": 31, "atk": 0, "def": 31, "spa": 31, "spd": 31, "spe": 31}, "item": "Life Orb", "teraType": "Fighting", "role": "Setup Sweeper", "bvs": {"hp": 70, "atk": 110, "def": 70, "spa": 115, "spd": 70, "spe": 90}, "stats": {"hp": 255, "atk": 189, "def": 166, "spa": 241, "spd": 166, "spe": 199}, "types": ["Fighting", "Steel"]}, "Iron Crown": {"name": "Iron Crown", "species": "Iron Crown", "speciesId": "ironcrown", "gender": "N", "shiny": false, "level": 78, "moves": ["psyshock", "tachyoncutter", "voltswitch", "focusblast"], "ability": "Quark Drive", "evs": {"hp": 85, "atk": 0, "def": 85, "spa": 85, "spd": 85, "spe": 85}, "ivs": {"hp": 31, "atk": 0, "def": 31, "spa": 31, "spd": 31, "spe": 31}, "item": "Choice Specs", "teraType": "Fighting", "role": "Wallbreaker", "bvs": {"hp": 90, "atk": 72, "def": 100, "spa": 122, "spd": 108, "spe": 98}, "stats": {"hp": 268, "atk": 117, "def": 201, "spa": 235, "spd": 214, "spe": 198}, "types": ["Steel", "Psychic"]}, "Tyranitar": {"name": "Tyranitar", "species": "Tyranitar", "speciesId": "tyranitar", "gender": "M", "shiny": false, "level": 78, "moves": ["thunderwave", "stoneedge", "earthquake", "knockoff"], "ability": "Sand Stream", "evs": {"hp": 85, "atk": 85, "def": 85, "spa": 85, "spd": 85, "spe": 85}, "ivs": {"hp": 31, "atk": 31, "def": 31, "spa": 31, "spd": 31, "spe": 31}, "item": "Leftovers", "teraType": "Ghost", "role": "Bulky Support", "bvs": {"hp": 100, "atk": 134, "def": 110, "spa": 95, "spd": 100, "spe": 61}, "stats": {"hp": 284, "atk": 254, "def": 217, "spa": 193, "spd": 201, "spe": 140}, "types": ["Rock", "Dark"]}, "Medicham": {"name": "Medicham", "species": "Medicham", "speciesId": "medicham", "gender": "F", "shiny": false, "level": 86, "moves": ["trick", "icepunch", "closecombat", "zenheadbutt"], "ability": "Pure Power", "evs": {"hp": 85, "atk": 85, "def": 85, "spa": 85, "spd": 85, "spe": 85}, "ivs": {"hp": 31, "atk": 31, "def": 31, "spa": 31, "spd": 31, "spe": 31}, "item": "Choice Scarf", "teraType": "Fighting", "role": "Fast Attacker", "bvs": {"hp": 60, "atk": 60, "def": 75, "spa": 60, "spd": 75, "spe": 80}, "stats": {"hp": 243, "atk": 152, "def": 178, "spa": 152, "spd": 178, "spe": 187}, "types": ["Fighting", "Psychic"]}, "Bellossom": {"name": "Bellossom", "species": "Bellossom", "speciesId": "bellossom", "gender": "M", "shiny": false, "level": 84, "moves": ["quiverdance", "strengthsap", "gigadrain", "moonblast"], "ability": "Chlorophyll", "evs": {"hp": 85, "atk": 0, "def": 85, "spa": 85, "spd": 85, "spe": 85}, "ivs": {"hp": 31, "atk": 0, "def": 31, "spa": 31, "spd": 31, "spe": 31}, "item": "Leftovers", "teraType": "Fairy", "role": "Bulky Setup", "bvs": {"hp": 75, "atk": 80, "def": 95, "spa": 90, "spd": 100, "spe": 50}, "stats": {"hp": 263, "atk": 139, "def": 208, "spa": 199, "spd": 216, "spe": 132}, "types": ["Grass"]}}, {"Scream Tail": {"name": "Scream Tail", "species": "Scream Tail", "speciesId": "screamtail", "gender": "N", "shiny": false, "level": 84, "moves": ["playrough", "wish", "protect", "thunderwave"], "ability": "Protosynthesis", "evs": {"hp": 85, "atk": 85, "def": 85, "spa": 85, "spd": 85, "spe": 85}, "ivs": {"hp": 31, "atk": 31, "def": 31, "spa": 31, "spd": 31, "spe": 31}, "item": "Leftovers", "teraType": "Steel", "role": "Bulky Support", "bvs": {"hp": 115, "atk": 65, "def": 99, "spa": 65, "spd": 115, "spe": 111}, "stats": {"hp": 330, "atk": 157, "def": 215, "spa": 157, "spd": 241, "spe": 235}, "types": ["Fairy", "Psychic"]}, "Electrode": {"name": "Electrode", "species": "Electrode-Hisui", "speciesId": "electrodehisui", "gender": "N", "shiny": false, "level": 87, "moves": ["voltswitch", "thunderbolt", "leafstorm", "taunt"], "ability": "Soundproof", "evs": {"hp": 85, "atk": 0, "def": 85, "spa": 85, "spd": 85, "spe": 85}, "ivs": {"hp": 31, "atk": 0, "def": 31, "spa": 31, "spd": 31, "spe": 31}, "item": "Life Orb", "teraType": "Electric", "role": "Fast Attacker", "bvs": {"hp": 60, "atk": 50, "def": 70, "spa": 80, "spd": 80, "spe": 150}, "stats": {"hp": 246, "atk": 92, "def": 172, "spa": 189, "spd": 189, "spe": 311}, "types": ["Electric", "Grass"]}, "Floatzel": {"name": "Floatzel", "species": "Floatzel", "speciesId": "floatzel", "gender": "F", "shiny": false, "level": 86, "moves": ["bulkup", "icespinner", "wavecrash", "taunt"], "ability": "Water Veil", "evs": {"hp": 85, "atk": 85, "def": 85, "spa": 85, "spd": 85, "spe": 85}, "ivs": {"hp": 31, "atk": 31, "def": 31, "spa": 31, "spd": 31, "spe": 31}, "item": "Leftovers", "teraType": "Water", "role": "Bulky Setup", "bvs": {"hp": 85, "atk": 105, "def": 55, "spa": 85, "spd": 50, "spe": 115}, "stats": {"hp": 286, "atk": 230, "def": 144, "spa": 195, "spd": 135, "spe": 247}, "types": ["Water"]}, "Hitmonlee": {"name": "Hitmonlee", "species": "Hitmonlee", "speciesId": "hitmonlee", "gender": "M", "shiny": false, "level": 85, "moves": ["knockoff", "stoneedge", "machpunch", "highjumpkick"], "ability": "Reckless", "evs": {"hp": 81, "atk": 85, "def": 85, "spa": 85, "spd": 85, "spe": 85}, "ivs": {"hp": 31, "atk": 31, "def": 31, "spa": 31, "spd": 31, "spe": 31}, "item": "Choice Band", "teraType": "Fighting", "role": "Fast Attacker", "bvs": {"hp": 50, "atk": 120, "def": 53, "spa": 35, "spd": 110, "spe": 87}, "stats": {"hp": 223, "atk": 253, "def": 139, "spa": 108, "spd": 236, "spe": 197}, "types": ["Fighting"]}, "Amoonguss": {"name": "Amoonguss", "species": "Amoonguss", "speciesId": "amoonguss", "gender": "M", "shiny": false, "level": 82, "moves": ["stompingtantrum", "spore", "sludgebomb", "gigadrain"], "ability": "Regenerator", "evs": {"hp": 85, "atk": 85, "def": 85, "spa": 85, "spd": 85, "spe": 85}, "ivs": {"hp": 31, "atk": 31, "def": 31, "spa": 31, "spd": 31, "spe": 31}, "item": "Leftovers", "teraType": "Water", "role": "Bulky Attacker", "bvs": {"hp": 114, "atk": 85, "def": 70, "spa": 85, "spd": 80, "spe": 30}, "stats": {"hp": 321, "atk": 187, "def": 162, "spa": 187, "spd": 178, "spe": 96}, "types": ["Grass", "Poison"]}, "Salamence": {"name": "Salamence", "species": "Salamence", "speciesId": "salamence", "gender": "F", "shiny": false, "level": 77, "moves": ["outrage", "roost", "dualwingbeat", "dragondance"], "ability": "Intimidate", "evs": {"hp": 85, "atk": 85, "def": 85, "spa": 85, "spd": 85, "spe": 85}, "ivs": {"hp": 31, "atk": 31, "def": 31, "spa": 31, "spd": 31, "spe": 31}, "item": "Heavy-Duty Boots", "teraType": "Steel", "role": "Setup Sweeper", "bvs": {"hp": 95, "atk": 135, "def": 80, "spa": 110, "spd": 80, "spe": 100}, "stats": {"hp": 273, "atk": 252, "def": 168, "spa": 214, "spd": 168, "spe": 199}, "types": ["Dragon", "Flying"]}}]}