{"id": "gen9randombattle-2641454611", "format": "[Gen 9] Random Battle", "players": ["munch857", "Charizard is Mid"], "log": "|j|\u2606munch857\n|j|\u2606Charizard is Mid\n|t:|1782787287\n|gametype|singles\n|player|p1|munch857|yellow|2018\n|player|p2|Charizard is Mid|pokekid|2030\n|gen|9\n|tier|[Gen 9] Random Battle\n|rated|\n|rule|Species Clause: Limit one of each Pok\u00e9mon\n|rule|HP Percentage Mod: HP is shown in percentages\n|rule|Sleep Clause Mod: Limit one foe put to sleep\n|rule|Illusion Level Mod: Illusion disguises the Pok\u00e9mon's true level\n|\n|t:|1782787287\n|teamsize|p1|6\n|teamsize|p2|6\n|start\n|switch|p1a: Tornadus|Tornadus-Therian, L79, M|254/254\n|switch|p2a: Walking Wake|Walking Wake, L79|286/286\n|turn|1\n|inactive|Battle timer is ON: inactive players will automatically lose when time's up. (requested by Charizard is Mid)\n|\n|t:|1782787296\n|move|p1a: Tornadus|Bleakwind Storm|p2a: Walking Wake\n|-damage|p2a: Walking Wake|118/286\n|move|p2a: Walking Wake|Sunny Day|p2a: Walking Wake\n|-weather|SunnyDay\n|-activate|p2a: Walking Wake|ability: Protosynthesis\n|-start|p2a: Walking Wake|protosynthesisspa\n|\n|-weather|SunnyDay|[upkeep]\n|upkeep\n|turn|2\n|\n|t:|1782787310\n|-end|p2a: Walking Wake|Protosynthesis|[silent]\n|switch|p2a: Hypno|Hypno, L95, M|315/315\n|move|p1a: Tornadus|Bleakwind Storm|p2a: Hypno\n|-damage|p2a: Hypno|207/315\n|\n|-weather|SunnyDay|[upkeep]\n|-heal|p2a: Hypno|226/315|[from] item: Leftovers\n|upkeep\n|turn|3\n|inactive|munch857 has 120 seconds left.\n|\n|t:|1782787341\n|move|p1a: Tornadus|Bleakwind Storm|p2a: Hypno\n|-damage|p2a: Hypno|108/315\n|-unboost|p2a: Hypno|spe|1\n|move|p2a: Hypno|Knock Off|p1a: Tornadus\n|-crit|p1a: Tornadus\n|-damage|p1a: Tornadus|127/254\n|-enditem|p1a: Tornadus|Choice Specs|[from] move: Knock Off|[of] p2a: Hypno\n|\n|-weather|SunnyDay|[upkeep]\n|-heal|p2a: Hypno|127/315|[from] item: Leftovers\n|upkeep\n|turn|4\n|\n|t:|1782787357\n|move|p1a: Tornadus|U-turn|p2a: Hypno\n|-supereffective|p2a: Hypno\n|-damage|p2a: Hypno|33/315\n|inactive|munch857 has 120 seconds left.\n|\n|t:|1782787383\n|switch|p1a: Tropius|Tropius, L91, M|328/328|[from] U-turn\n|move|p2a: Hypno|Psychic Noise|p1a: Tropius\n|-damage|p1a: Tropius|253/328\n|-start|p1a: Tropius|move: Heal Block\n|\n|-weather|SunnyDay|[upkeep]\n|-heal|p2a: Hypno|52/315|[from] item: Leftovers\n|upkeep\n|turn|5\n|\n|t:|1782787402\n|move|p1a: Tropius|Earthquake|p2a: Hypno\n|-damage|p2a: Hypno|0 fnt\n|faint|p2a: Hypno\n|\n|-weather|none\n|-end|p1a: Tropius|move: Heal Block\n|upkeep\n|\n|t:|1782787411\n|switch|p2a: Walking Wake|Walking Wake, L79|118/286\n|turn|6\n|inactive|munch857 has 90 seconds left.\n|\n|t:|1782787463\n|switch|p1a: Okidogi|Okidogi, L77, M|262/262\n|move|p2a: Walking Wake|Flamethrower|p1a: Okidogi\n|-damage|p1a: Okidogi|193/262\n|-damage|p2a: Walking Wake|90/286|[from] item: Life Orb\n|\n|upkeep\n|turn|7\n|\n|t:|1782787470\n|move|p2a: Walking Wake|Draco Meteor|p1a: Okidogi|[miss]\n|-miss|p2a: Walking Wake|p1a: Okidogi\n|move|p1a: Okidogi|Drain Punch|p2a: Walking Wake\n|-damage|p2a: Walking Wake|0 fnt\n|-heal|p1a: Okidogi|238/262|[from] drain|[of] p2a: Walking Wake\n|faint|p2a: Walking Wake\n|-end|p2a: Walking Wake|Protosynthesis|[silent]\n|\n|upkeep\n|\n|t:|1782787475\n|switch|p2a: Azelf|Azelf, L82|257/257\n|turn|8\n|\n|t:|1782787488\n|-terastallize|p1a: Okidogi|Dark\n|move|p2a: Azelf|Psyshock|p1a: Okidogi\n|-immune|p1a: Okidogi\n|move|p1a: Okidogi|Knock Off|p2a: Azelf\n|-supereffective|p2a: Azelf\n|-damage|p2a: Azelf|0 fnt\n|-enditem|p2a: Azelf|Life Orb|[from] move: Knock Off|[of] p1a: Okidogi\n|faint|p2a: Azelf\n|\n|upkeep\n|inactive|Charizard is Mid has 120 seconds left.\n|\n|t:|1782787530\n|switch|p2a: Dragapult|Dragapult, L77, M|262/262\n|turn|9\n|inactive|munch857 has 90 seconds left.\n|\n|t:|1782787542\n|move|p2a: Dragapult|Will-O-Wisp|p1a: Okidogi\n|-status|p1a: Okidogi|brn\n|move|p1a: Okidogi|Knock Off|p2a: Dragapult\n|-supereffective|p2a: Dragapult\n|-damage|p2a: Dragapult|129/262\n|-enditem|p2a: Dragapult|Heavy-Duty Boots|[from] move: Knock Off|[of] p1a: Okidogi\n|\n|-damage|p1a: Okidogi|222/262 brn|[from] brn\n|upkeep\n|turn|10\n|inactive|munch857 has 90 seconds left.\n|\n|t:|1782787556\n|move|p2a: Dragapult|Dragon Darts|p1a: Okidogi\n|-damage|p1a: Okidogi|179/262 brn\n|-anim|p2a: Dragapult|Dragon Darts|p1a: Okidogi\n|-damage|p1a: Okidogi|130/262 brn\n|move|p1a: Okidogi|Knock Off|p2a: Dragapult\n|-supereffective|p2a: Dragapult\n|-damage|p2a: Dragapult|39/262\n|\n|-damage|p1a: Okidogi|114/262 brn|[from] brn\n|upkeep\n|turn|11\n|\n|t:|1782787560\n|move|p2a: Dragapult|Dragon Darts|p1a: Okidogi\n|-damage|p1a: Okidogi|66/262 brn\n|-anim|p2a: Dragapult|Dragon Darts|p1a: Okidogi\n|-damage|p1a: Okidogi|15/262 brn\n|move|p1a: Okidogi|Knock Off|p2a: Dragapult\n|-supereffective|p2a: Dragapult\n|-damage|p2a: Dragapult|0 fnt\n|faint|p2a: Dragapult\n|\n|-damage|p1a: Okidogi|0 fnt|[from] brn\n|faint|p1a: Okidogi\n|upkeep\n|inactive|munch857 has 90 seconds left.\n|\n|t:|1782787576\n|switch|p2a: Houndoom|Houndoom, L87, F|272/272\n|switch|p1a: Tornadus|Tornadus-Therian, L79, M|211/254\n|turn|12\n|\n|t:|1782787585\n|move|p1a: Tornadus|Bleakwind Storm|p2a: Houndoom\n|-damage|p2a: Houndoom|166/272\n|-unboost|p2a: Houndoom|spe|1\n|move|p2a: Houndoom|Nasty Plot|p2a: Houndoom\n|-boost|p2a: Houndoom|spa|2\n|\n|upkeep\n|turn|13\n|inactive|munch857 has 90 seconds left.\n|\n|t:|1782787614\n|move|p1a: Tornadus|Focus Blast|p2a: Houndoom|[miss]\n|-miss|p1a: Tornadus|p2a: Houndoom\n|move|p2a: Houndoom|Fire Blast|p1a: Tornadus\n|-damage|p1a: Tornadus|0 fnt\n|faint|p1a: Tornadus\n|\n|upkeep\n|inactive|munch857 has 60 seconds left.\n|\n|t:|1782787650\n|switch|p1a: Tropius|Tropius, L91, M|253/328\n|turn|14\n|\n|t:|1782787657\n|switch|p2a: Meganium|Meganium, L90, M|290/290\n|move|p1a: Tropius|Earthquake|p2a: Meganium\n|-resisted|p2a: Meganium\n|-damage|p2a: Meganium|264/290\n|\n|-heal|p2a: Meganium|282/290|[from] item: Leftovers\n|upkeep\n|turn|15\n|\n|t:|1782787669\n|move|p2a: Meganium|Swords Dance|p2a: Meganium\n|-boost|p2a: Meganium|atk|2\n|move|p1a: Tropius|Dragon Dance|p1a: Tropius\n|-boost|p1a: Tropius|atk|1\n|-boost|p1a: Tropius|spe|1\n|\n|-heal|p2a: Meganium|290/290|[from] item: Leftovers\n|upkeep\n|turn|16\n|\n|t:|1782787679\n|move|p1a: Tropius|Dual Wingbeat|p2a: Meganium\n|-supereffective|p2a: Meganium\n|-damage|p2a: Meganium|188/290\n|-supereffective|p2a: Meganium\n|-damage|p2a: Meganium|92/290\n|-hitcount|p2a: Meganium|2\n|move|p2a: Meganium|Knock Off|p1a: Tropius\n|-damage|p1a: Tropius|124/328\n|-enditem|p1a: Tropius|Sitrus Berry|[from] move: Knock Off|[of] p2a: Meganium\n|\n|-heal|p2a: Meganium|110/290|[from] item: Leftovers\n|upkeep\n|turn|17\n|\n|t:|1782787686\n|move|p1a: Tropius|Dual Wingbeat|p2a: Meganium\n|-supereffective|p2a: Meganium\n|-damage|p2a: Meganium|8/290\n|-supereffective|p2a: Meganium\n|-damage|p2a: Meganium|0 fnt\n|faint|p2a: Meganium\n|-hitcount|p2: Meganium|2\n|\n|upkeep\n|\n|t:|1782787689\n|switch|p2a: Houndoom|Houndoom, L87, F|166/272\n|turn|18\n|\n|t:|1782787695\n|move|p1a: Tropius|Earthquake|p2a: Houndoom\n|-supereffective|p2a: Houndoom\n|-damage|p2a: Houndoom|0 fnt\n|faint|p2a: Houndoom\n|\n|win|munch857\n|raw|munch857's rating: 2018 &rarr; <strong>2039</strong><br />(+21 for winning)\n|raw|Charizard is Mid's rating: 2030 &rarr; <strong>2009</strong><br />(-21 for losing)\n", "inputlog": ">version f8ac14003a5f27e1bdc8d8c59608a773c1cb96e5\n>start {\"formatid\":\"gen9randombattle\",\"seed\":\"sodium,c3dd7ffa45af375e9c90c3bca81642d3\",\"rated\":\"Rated battle\"}\n>player p1 {\"name\":\"munch857\",\"avatar\":\"yellow\",\"rating\":2018,\"seed\":\"sodium,a943195685c8299b8ddfaa5d461dbe64\"}\n>player p2 {\"name\":\"Charizard is Mid\",\"avatar\":\"pokekid\",\"rating\":2030,\"seed\":\"sodium,638e7668d88dc04ba9f3ce7967c940cb\"}\n>p1 move bleakwindstorm\n>p2 move sunnyday\n>p1 move bleakwindstorm\n>p2 switch 5\n>p1 move bleakwindstorm\n>p2 move knockoff\n>p1 move uturn\n>p2 move psychicnoise\n>p1 switch 3\n>p1 move earthquake\n>p2 move encore\n>p2 switch 5\n>p1 switch 5\n>p2 move flamethrower\n>p1 move drainpunch\n>p2 move dracometeor\n>p2 switch 4\n>p1 move knockoff terastallize\n>p2 move psyshock\n>p2 switch 3\n>p1 move knockoff\n>p2 move willowisp\n>p1 move knockoff\n>p2 move dragondarts\n>p1 move knockoff\n>p2 move dragondarts\n>p1 switch 3\n>p2 switch 6\n>p1 move bleakwindstorm\n>p2 move nastyplot\n>p1 move focusblast\n>p2 move fireblast\n>p1 switch 5\n>p1 move earthquake\n>p2 switch 2\n>p1 move dragondance\n>p2 move swordsdance\n>p1 move dualwingbeat\n>p2 move knockoff\n>p1 move dualwingbeat\n>p2 move knockoff\n>p2 switch 2\n>p1 move earthquake\n>p2 move sludgebomb", "uploadtime": 1782787288, "views": 4, "formatid": "gen9randombattle", "rating": 2009, "private": 0, "password": null, "player_dets": [{"name": "munch857", "avatar": "yellow", "rating": 2018, "seed": "sodium,a943195685c8299b8ddfaa5d461dbe64"}, {"name": "Charizard is Mid", "avatar": "pokekid", "rating": 2030, "seed": "sodium,638e7668d88dc04ba9f3ce7967c940cb"}], "teams_full": [{"Tornadus": {"name": "Tornadus", "species": "Tornadus-Therian", "speciesId": "tornadustherian", "gender": "M", "shiny": false, "level": 79, "moves": ["heatwave", "bleakwindstorm", "uturn", "focusblast"], "ability": "Regenerator", "evs": {"hp": 85, "atk": 85, "def": 85, "spa": 85, "spd": 85, "spe": 85}, "ivs": {"hp": 31, "atk": 31, "def": 31, "spa": 31, "spd": 31, "spe": 31}, "item": "Choice Specs", "teraType": "Fighting", "role": "Fast Attacker", "bvs": {"hp": 79, "atk": 100, "def": 80, "spa": 110, "spd": 90, "spe": 121}, "stats": {"hp": 254, "atk": 204, "def": 172, "spa": 219, "spd": 188, "spe": 237}, "types": ["Flying"]}, "Inteleon": {"name": "Inteleon", "species": "Inteleon", "speciesId": "inteleon", "gender": "F", "shiny": false, "level": 81, "moves": ["uturn", "hydropump", "icebeam", "scald"], "ability": "Torrent", "evs": {"hp": 85, "atk": 85, "def": 85, "spa": 85, "spd": 85, "spe": 85}, "ivs": {"hp": 31, "atk": 31, "def": 31, "spa": 31, "spd": 31, "spe": 31}, "item": "Choice Specs", "teraType": "Water", "role": "Wallbreaker", "bvs": {"hp": 70, "atk": 85, "def": 65, "spa": 125, "spd": 65, "spe": 120}, "stats": {"hp": 246, "atk": 184, "def": 152, "spa": 249, "spd": 152, "spe": 241}, "types": ["Water"]}, "Tropius": {"name": "Tropius", "species": "Tropius", "speciesId": "tropius", "gender": "M", "shiny": false, "level": 91, "moves": ["leafblade", "earthquake", "dualwingbeat", "dragondance"], "ability": "Harvest", "evs": {"hp": 85, "atk": 85, "def": 85, "spa": 85, "spd": 85, "spe": 85}, "ivs": {"hp": 31, "atk": 31, "def": 31, "spa": 31, "spd": 31, "spe": 31}, "item": "Sitrus Berry", "teraType": "Ground", "role": "Setup Sweeper", "bvs": {"hp": 99, "atk": 68, "def": 83, "spa": 72, "spd": 87, "spe": 51}, "stats": {"hp": 328, "atk": 176, "def": 203, "spa": 183, "spd": 210, "spe": 145}, "types": ["Grass", "Flying"]}, "Armarouge": {"name": "Armarouge", "species": "Armarouge", "speciesId": "armarouge", "gender": "M", "shiny": false, "level": 80, "moves": ["meteorbeam", "energyball", "psyshock", "armorcannon"], "ability": "Weak Armor", "evs": {"hp": 85, "atk": 0, "def": 85, "spa": 85, "spd": 85, "spe": 85}, "ivs": {"hp": 31, "atk": 0, "def": 31, "spa": 31, "spd": 31, "spe": 31}, "item": "Power Herb", "teraType": "Grass", "role": "Setup Sweeper", "bvs": {"hp": 85, "atk": 60, "def": 100, "spa": 125, "spd": 80, "spe": 75}, "stats": {"hp": 267, "atk": 101, "def": 206, "spa": 246, "spd": 174, "spe": 166}, "types": ["Fire", "Psychic"]}, "Okidogi": {"name": "Okidogi", "species": "Okidogi", "speciesId": "okidogi", "gender": "M", "shiny": false, "level": 77, "moves": ["gunkshot", "psychicfangs", "knockoff", "drainpunch"], "ability": "Toxic Chain", "evs": {"hp": 85, "atk": 85, "def": 85, "spa": 85, "spd": 85, "spe": 85}, "ivs": {"hp": 31, "atk": 31, "def": 31, "spa": 31, "spd": 31, "spe": 31}, "item": "Assault Vest", "teraType": "Dark", "role": "AV Pivot", "bvs": {"hp": 88, "atk": 128, "def": 115, "spa": 58, "spd": 86, "spe": 80}, "stats": {"hp": 262, "atk": 242, "def": 222, "spa": 134, "spd": 177, "spe": 168}, "types": ["Poison", "Fighting"]}, "Lycanroc": {"name": "Lycanroc", "species": "Lycanroc-Dusk", "speciesId": "lycanrocdusk", "gender": "F", "shiny": false, "level": 81, "moves": ["throatchop", "accelerock", "closecombat", "stoneedge"], "ability": "Tough Claws", "evs": {"hp": 85, "atk": 85, "def": 85, "spa": 85, "spd": 85, "spe": 85}, "ivs": {"hp": 31, "atk": 31, "def": 31, "spa": 31, "spd": 31, "spe": 31}, "item": "Choice Band", "teraType": "Fighting", "role": "Wallbreaker", "bvs": {"hp": 75, "atk": 117, "def": 65, "spa": 55, "spd": 65, "spe": 110}, "stats": {"hp": 254, "atk": 236, "def": 152, "spa": 136, "spd": 152, "spe": 225}, "types": ["Rock"]}}, {"Walking Wake": {"name": "Walking Wake", "species": "Walking Wake", "speciesId": "walkingwake", "gender": "N", "shiny": false, "level": 79, "moves": ["dracometeor", "hydrosteam", "sunnyday", "flamethrower"], "ability": "Protosynthesis", "evs": {"hp": 85, "atk": 0, "def": 85, "spa": 85, "spd": 85, "spe": 85}, "ivs": {"hp": 31, "atk": 0, "def": 31, "spa": 31, "spd": 31, "spe": 31}, "item": "Life Orb", "teraType": "Fire", "role": "Fast Attacker", "bvs": {"hp": 99, "atk": 83, "def": 91, "spa": 125, "spd": 83, "spe": 109}, "stats": {"hp": 286, "atk": 136, "def": 189, "spa": 243, "spd": 177, "spe": 218}, "types": ["Water", "Dragon"]}, "Meganium": {"name": "Meganium", "species": "Meganium", "speciesId": "meganium", "gender": "M", "shiny": false, "level": 90, "moves": ["earthquake", "petalblizzard", "knockoff", "swordsdance"], "ability": "Overgrow", "evs": {"hp": 85, "atk": 85, "def": 85, "spa": 85, "spd": 85, "spe": 85}, "ivs": {"hp": 31, "atk": 31, "def": 31, "spa": 31, "spd": 31, "spe": 31}, "item": "Leftovers", "teraType": "Water", "role": "Bulky Setup", "bvs": {"hp": 80, "atk": 82, "def": 100, "spa": 83, "spd": 100, "spe": 80}, "stats": {"hp": 290, "atk": 199, "def": 231, "spa": 201, "spd": 231, "spe": 195}, "types": ["Grass"]}, "Dragapult": {"name": "Dragapult", "species": "Dragapult", "speciesId": "dragapult", "gender": "M", "shiny": false, "level": 77, "moves": ["dragondarts", "hex", "willowisp", "uturn"], "ability": "Infiltrator", "evs": {"hp": 85, "atk": 85, "def": 85, "spa": 85, "spd": 85, "spe": 85}, "ivs": {"hp": 31, "atk": 31, "def": 31, "spa": 31, "spd": 31, "spe": 31}, "item": "Heavy-Duty Boots", "teraType": "Dragon", "role": "Fast Support", "bvs": {"hp": 88, "atk": 120, "def": 75, "spa": 100, "spd": 75, "spe": 142}, "stats": {"hp": 262, "atk": 229, "def": 160, "spa": 199, "spd": 160, "spe": 263}, "types": ["Dragon", "Ghost"]}, "Azelf": {"name": "Azelf", "species": "Azelf", "speciesId": "azelf", "gender": "N", "shiny": false, "level": 82, "moves": ["psyshock", "dazzlinggleam", "nastyplot", "fireblast"], "ability": "Levitate", "evs": {"hp": 85, "atk": 0, "def": 85, "spa": 85, "spd": 85, "spe": 85}, "ivs": {"hp": 31, "atk": 0, "def": 31, "spa": 31, "spd": 31, "spe": 31}, "item": "Life Orb", "teraType": "Psychic", "role": "Fast Attacker", "bvs": {"hp": 75, "atk": 125, "def": 70, "spa": 125, "spd": 70, "spe": 115}, "stats": {"hp": 257, "atk": 210, "def": 162, "spa": 252, "spd": 162, "spe": 236}, "types": ["Psychic"]}, "Hypno": {"name": "Hypno", "species": "Hypno", "speciesId": "hypno", "gender": "M", "shiny": false, "level": 95, "moves": ["encore", "toxic", "knockoff", "psychicnoise"], "ability": "Insomnia", "evs": {"hp": 85, "atk": 85, "def": 85, "spa": 85, "spd": 85, "spe": 85}, "ivs": {"hp": 31, "atk": 31, "def": 31, "spa": 31, "spd": 31, "spe": 31}, "item": "Leftovers", "teraType": "Steel", "role": "Bulky Support", "bvs": {"hp": 85, "atk": 73, "def": 70, "spa": 73, "spd": 115, "spe": 67}, "stats": {"hp": 315, "atk": 193, "def": 187, "spa": 193, "spd": 272, "spe": 181}, "types": ["Psychic"]}, "Houndoom": {"name": "Houndoom", "species": "Houndoom", "speciesId": "houndoom", "gender": "F", "shiny": false, "level": 87, "moves": ["darkpulse", "nastyplot", "sludgebomb", "fireblast"], "ability": "Flash Fire", "evs": {"hp": 85, "atk": 0, "def": 85, "spa": 85, "spd": 85, "spe": 85}, "ivs": {"hp": 31, "atk": 0, "def": 31, "spa": 31, "spd": 31, "spe": 31}, "item": "Heavy-Duty Boots", "teraType": "Poison", "role": "Fast Attacker", "bvs": {"hp": 75, "atk": 90, "def": 50, "spa": 110, "spd": 80, "spe": 95}, "stats": {"hp": 272, "atk": 161, "def": 137, "spa": 241, "spd": 189, "spe": 215}, "types": ["Dark", "Fire"]}}]}