{"id": "gen9randombattle-2641574385", "format": "[Gen 9] Random Battle", "players": ["Etjx", "opik8"], "log": "|j|\u2606Etjx@!\n|j|\u2606opik8\n|t:|1782811111\n|gametype|singles\n|player|p1|Etjx|paxton|2138\n|player|p2|opik8|colress|2121\n|gen|9\n|tier|[Gen 9] Random Battle\n|rated|\n|rule|Species Clause: Limit one of each Pok\u00e9mon\n|rule|HP Percentage Mod: HP is shown in percentages\n|rule|Sleep Clause Mod: Limit one foe put to sleep\n|rule|Illusion Level Mod: Illusion disguises the Pok\u00e9mon's true level\n|\n|t:|1782811111\n|teamsize|p1|6\n|teamsize|p2|6\n|start\n|switch|p1a: Staraptor|Staraptor, L79, M|263/263\n|switch|p2a: Wugtrio|Wugtrio, L91, M|212/212\n|turn|1\n|inactive|Battle timer is ON: inactive players will automatically lose when time's up. (requested by Etjx)\n|\n|t:|1782811120\n|switch|p1a: Gyarados|Gyarados, L79, M|280/280\n|-ability|p1a: Gyarados|Intimidate|boost\n|-unboost|p2a: Wugtrio|atk|1\n|move|p2a: Wugtrio|Liquidation|p1a: Gyarados\n|-resisted|p1a: Gyarados\n|-damage|p1a: Gyarados|214/280\n|\n|upkeep\n|turn|2\n|l|\u2606opik8\n|inactive|opik8 disconnected and has a minute to reconnect!\n|player|p2|\n|j|\u2606opik8\n|inactive|opik8 reconnected and has 145 seconds left.\n|player|p2|opik8|colress|\n|\n|t:|1782811134\n|switch|p2a: Arboliva|Arboliva, L91, M|288/288\n|move|p1a: Gyarados|Dragon Dance|p1a: Gyarados\n|-boost|p1a: Gyarados|atk|1\n|-boost|p1a: Gyarados|spe|1\n|\n|upkeep\n|turn|3\n|\n|t:|1782811152\n|move|p1a: Gyarados|Temper Flare|p2a: Arboliva\n|-supereffective|p2a: Arboliva\n|-damage|p2a: Arboliva|142/288\n|-enditem|p2a: Arboliva|Sitrus Berry|[eat]\n|-heal|p2a: Arboliva|214/288|[from] item: Sitrus Berry\n|move|p2a: Arboliva|Leech Seed|p1a: Gyarados|[miss]\n|-miss|p2a: Arboliva|p1a: Gyarados\n|\n|-item|p2a: Arboliva|Sitrus Berry|[from] ability: Harvest\n|upkeep\n|turn|4\n|\n|t:|1782811161\n|switch|p1a: Staraptor|Staraptor, L79, M|263/263\n|move|p2a: Arboliva|Leech Seed|p1a: Staraptor\n|-start|p1a: Staraptor|move: Leech Seed\n|\n|-damage|p1a: Staraptor|231/263|[from] Leech Seed|[of] p2a: Arboliva\n|-heal|p2a: Arboliva|246/288|[silent]\n|upkeep\n|turn|5\n|\n|t:|1782811164\n|move|p2a: Arboliva|Protect|p2a: Arboliva\n|-singleturn|p2a: Arboliva|Protect\n|move|p1a: Staraptor|Brave Bird|p2a: Arboliva\n|-activate|p2a: Arboliva|move: Protect\n|\n|-damage|p1a: Staraptor|199/263|[from] Leech Seed|[of] p2a: Arboliva\n|-heal|p2a: Arboliva|278/288|[silent]\n|upkeep\n|turn|6\n|\n|t:|1782811176\n|switch|p2a: Garchomp|Garchomp, L74, M|282/282\n|move|p1a: Staraptor|Brave Bird|p2a: Garchomp\n|-damage|p2a: Garchomp|47/282\n|-damage|p1a: Staraptor|167/263|[from] ability: Rough Skin|[of] p2a: Garchomp\n|-damage|p1a: Staraptor|89/263|[from] Recoil\n|\n|-damage|p1a: Staraptor|57/263|[from] Leech Seed|[of] p2a: Garchomp\n|-heal|p2a: Garchomp|79/282|[silent]\n|upkeep\n|turn|7\n|\n|t:|1782811191\n|move|p1a: Staraptor|Brave Bird|p2a: Garchomp\n|-damage|p2a: Garchomp|0 fnt\n|-damage|p1a: Staraptor|25/263|[from] ability: Rough Skin|[of] p2a: Garchomp\n|faint|p2a: Garchomp\n|-damage|p1a: Staraptor|0 fnt|[from] Recoil\n|faint|p1a: Staraptor\n|\n|upkeep\n|\n|t:|1782811202\n|switch|p1a: Munkidori|Munkidori, L79, M|269/269\n|switch|p2a: Meloetta|Meloetta, L82|298/298\n|turn|8\n|\n|t:|1782811209\n|move|p1a: Munkidori|Fake Out|p2a: Meloetta\n|-damage|p2a: Meloetta|274/298\n|cant|p2a: Meloetta|flinch\n|\n|-heal|p2a: Meloetta|292/298|[from] item: Leftovers\n|upkeep\n|turn|9\n|\n|t:|1782811239\n|move|p1a: Munkidori|U-turn|p2a: Meloetta\n|-supereffective|p2a: Meloetta\n|-damage|p2a: Meloetta|204/298\n|\n|t:|1782811244\n|switch|p1a: Klawf|Klawf, L90, M|272/272|[from] U-turn\n|move|p2a: Meloetta|Calm Mind|p2a: Meloetta\n|-boost|p2a: Meloetta|spa|1\n|-boost|p2a: Meloetta|spd|1\n|\n|-heal|p2a: Meloetta|222/298|[from] item: Leftovers\n|upkeep\n|turn|10\n|\n|t:|1782811250\n|switch|p1a: Munkidori|Munkidori, L79, M|269/269\n|move|p2a: Meloetta|Focus Blast|p1a: Munkidori|[miss]\n|-miss|p2a: Meloetta|p1a: Munkidori\n|\n|-heal|p2a: Meloetta|240/298|[from] item: Leftovers\n|upkeep\n|turn|11\n|\n|t:|1782811253\n|move|p1a: Munkidori|Fake Out|p2a: Meloetta\n|-damage|p2a: Meloetta|217/298\n|-status|p2a: Meloetta|tox|[from] ability: Toxic Chain|[of] p1a: Munkidori\n|cant|p2a: Meloetta|flinch\n|\n|-heal|p2a: Meloetta|235/298 tox|[from] item: Leftovers\n|-damage|p2a: Meloetta|217/298 tox|[from] psn\n|upkeep\n|turn|12\n|\n|t:|1782811256\n|move|p1a: Munkidori|U-turn|p2a: Meloetta\n|-supereffective|p2a: Meloetta\n|-damage|p2a: Meloetta|141/298 tox\n|\n|t:|1782811259\n|switch|p1a: Klawf|Klawf, L90, M|272/272|[from] U-turn\n|move|p2a: Meloetta|Psyshock|p1a: Klawf\n|-damage|p1a: Klawf|163/272\n|\n|-heal|p2a: Meloetta|159/298 tox|[from] item: Leftovers\n|-damage|p2a: Meloetta|123/298 tox|[from] psn\n|upkeep\n|turn|13\n|\n|t:|1782811262\n|switch|p1a: Munkidori|Munkidori, L79, M|269/269\n|move|p2a: Meloetta|Psyshock|p1a: Munkidori\n|-damage|p1a: Munkidori|61/269\n|\n|-heal|p2a: Meloetta|141/298 tox|[from] item: Leftovers\n|-damage|p2a: Meloetta|87/298 tox|[from] psn\n|upkeep\n|turn|14\n|\n|t:|1782811269\n|move|p1a: Munkidori|U-turn|p2a: Meloetta\n|-supereffective|p2a: Meloetta\n|-damage|p2a: Meloetta|0 fnt\n|faint|p2a: Meloetta\n|\n|t:|1782811275\n|switch|p1a: Sudowoodo|Sudowoodo, L94, M|284/284|[from] U-turn\n|\n|upkeep\n|\n|t:|1782811284\n|switch|p2a: Passimian|Passimian, L83, F|302/302\n|turn|15\n|\n|t:|1782811301\n|move|p2a: Passimian|Knock Off|p1a: Sudowoodo\n|-damage|p1a: Sudowoodo|221/284\n|-enditem|p1a: Sudowoodo|Leftovers|[from] move: Knock Off|[of] p2a: Passimian\n|move|p1a: Sudowoodo|Stealth Rock|p2a: Passimian\n|-sidestart|p2: opik8|move: Stealth Rock\n|\n|upkeep\n|turn|16\n|\n|t:|1782811307\n|move|p2a: Passimian|Knock Off|p1a: Sudowoodo\n|-damage|p1a: Sudowoodo|183/284\n|move|p1a: Sudowoodo|Head Smash|p2a: Passimian|[miss]\n|-miss|p1a: Sudowoodo|p2a: Passimian\n|\n|upkeep\n|turn|17\n|\n|t:|1782811311\n|move|p2a: Passimian|Knock Off|p1a: Sudowoodo\n|-damage|p1a: Sudowoodo|143/284\n|move|p1a: Sudowoodo|Wood Hammer|p2a: Passimian\n|-damage|p2a: Passimian|196/302\n|\n|upkeep\n|turn|18\n|\n|t:|1782811316\n|switch|p2a: Arboliva|Arboliva, L91, M|278/288\n|-damage|p2a: Arboliva|242/288|[from] Stealth Rock\n|move|p1a: Sudowoodo|Head Smash|p2a: Arboliva|[miss]\n|-miss|p1a: Sudowoodo|p2a: Arboliva\n|\n|upkeep\n|turn|19\n|\n|t:|1782811322\n|move|p2a: Arboliva|Leech Seed|p1a: Sudowoodo\n|-start|p1a: Sudowoodo|move: Leech Seed\n|move|p1a: Sudowoodo|Head Smash|p2a: Arboliva\n|-crit|p2a: Arboliva\n|-damage|p2a: Arboliva|0 fnt\n|faint|p2a: Arboliva\n|\n|upkeep\n|\n|t:|1782811333\n|switch|p2a: Wugtrio|Wugtrio, L91, M|212/212\n|-damage|p2a: Wugtrio|186/212|[from] Stealth Rock\n|turn|20\n|\n|t:|1782811361\n|move|p2a: Wugtrio|Liquidation|p1a: Sudowoodo\n|-supereffective|p1a: Sudowoodo\n|-damage|p1a: Sudowoodo|0 fnt\n|faint|p1a: Sudowoodo\n|\n|upkeep\n|\n|t:|1782811365\n|switch|p1a: Gyarados|Gyarados, L79, M|214/280\n|-ability|p1a: Gyarados|Intimidate|boost\n|-unboost|p2a: Wugtrio|atk|1\n|turn|21\n|\n|t:|1782811367\n|switch|p2a: Passimian|Passimian, L83, F|196/302\n|-damage|p2a: Passimian|178/302|[from] Stealth Rock\n|move|p1a: Gyarados|Dragon Dance|p1a: Gyarados\n|-boost|p1a: Gyarados|atk|1\n|-boost|p1a: Gyarados|spe|1\n|\n|upkeep\n|turn|22\n|inactive|Etjx has 120 seconds left.\n|inactive|Etjx has 90 seconds left.\n|inactive|Etjx has 60 seconds left.\n|\n|t:|1782811470\n|move|p2a: Passimian|Rock Slide|p1a: Gyarados\n|-supereffective|p1a: Gyarados\n|-crit|p1a: Gyarados\n|-damage|p1a: Gyarados|0 fnt\n|faint|p1a: Gyarados\n|\n|upkeep\n|\n|t:|1782811472\n|switch|p1a: Klawf|Klawf, L90, M|163/272\n|turn|23\n|\n|t:|1782811476\n|switch|p2a: Wugtrio|Wugtrio, L91, M|186/212\n|-damage|p2a: Wugtrio|160/212|[from] Stealth Rock\n|move|p1a: Klawf|Swords Dance|p1a: Klawf\n|-boost|p1a: Klawf|atk|2\n|\n|upkeep\n|turn|24\n|\n|t:|1782811483\n|-terastallize|p1a: Klawf|Water\n|move|p2a: Wugtrio|Liquidation|p1a: Klawf\n|-resisted|p1a: Klawf\n|-damage|p1a: Klawf|103/272\n|-ability|p1a: Klawf|Anger Shell|boost\n|-boost|p1a: Klawf|atk|1\n|-boost|p1a: Klawf|spa|1\n|-boost|p1a: Klawf|spe|1\n|-unboost|p1a: Klawf|def|1\n|-unboost|p1a: Klawf|spd|1\n|move|p1a: Klawf|Knock Off|p2a: Wugtrio\n|-damage|p2a: Wugtrio|0 fnt\n|-ability|p2a: Wugtrio|Gooey\n|-unboost|p1a: Klawf|spe|1\n|-enditem|p2a: Wugtrio|Choice Band|[from] move: Knock Off|[of] p1a: Klawf\n|faint|p2a: Wugtrio\n|\n|upkeep\n|\n|t:|1782811496\n|switch|p2a: Flutter Mane|Flutter Mane, L74|203/203\n|-damage|p2a: Flutter Mane|178/203|[from] Stealth Rock\n|turn|25\n|\n|t:|1782811509\n|move|p2a: Flutter Mane|Shadow Ball|p1a: Klawf\n|-damage|p1a: Klawf|0 fnt\n|faint|p1a: Klawf\n|\n|upkeep\n|\n|t:|1782811510\n|switch|p1a: Feraligatr|Feraligatr, L79, M|264/264\n|turn|26\n|\n|t:|1782811520\n|move|p2a: Flutter Mane|Shadow Ball|p1a: Feraligatr\n|-damage|p1a: Feraligatr|108/264\n|move|p1a: Feraligatr|Dragon Dance|p1a: Feraligatr\n|-boost|p1a: Feraligatr|atk|1\n|-boost|p1a: Feraligatr|spe|1\n|\n|upkeep\n|turn|27\n|\n|t:|1782811523\n|move|p1a: Feraligatr|Liquidation|p2a: Flutter Mane\n|-damage|p2a: Flutter Mane|0 fnt\n|faint|p2a: Flutter Mane\n|-end|p2a: Flutter Mane|Protosynthesis|[silent]\n|\n|upkeep\n|\n|t:|1782811526\n|switch|p2a: Passimian|Passimian, L83, F|178/302\n|-damage|p2a: Passimian|160/302|[from] Stealth Rock\n|turn|28\n|\n|t:|1782811528\n|-terastallize|p2a: Passimian|Dark\n|move|p2a: Passimian|Knock Off|p1a: Feraligatr\n|-damage|p1a: Feraligatr|0 fnt\n|-enditem|p1a: Feraligatr|Life Orb|[from] move: Knock Off|[of] p2a: Passimian\n|faint|p1a: Feraligatr\n|\n|upkeep\n|\n|t:|1782811530\n|switch|p1a: Munkidori|Munkidori, L79, M|61/269\n|turn|29\n|\n|t:|1782811533\n|move|p1a: Munkidori|Fake Out|p2a: Passimian\n|-damage|p2a: Passimian|140/302\n|cant|p2a: Passimian|flinch\n|\n|upkeep\n|turn|30\n|\n|t:|1782811535\n|move|p2a: Passimian|Knock Off|p1a: Munkidori\n|-supereffective|p1a: Munkidori\n|-damage|p1a: Munkidori|0 fnt\n|-enditem|p1a: Munkidori|Assault Vest|[from] move: Knock Off|[of] p2a: Passimian\n|faint|p1a: Munkidori\n|\n|win|opik8\n", "inputlog": ">version f8ac14003a5f27e1bdc8d8c59608a773c1cb96e5\n>start {\"formatid\":\"gen9randombattle\",\"seed\":\"sodium,ef67ea55e3f9a22bf05102731f59b743\",\"rated\":\"Rated battle\"}\n>player p1 {\"name\":\"Etjx\",\"avatar\":\"paxton\",\"rating\":2138,\"seed\":\"sodium,e2eef3704ae5ee68a535ef9c2578eb4b\"}\n>player p2 {\"name\":\"opik8\",\"avatar\":\"colress\",\"rating\":2121,\"seed\":\"sodium,2b55853a3207459e5a475a6c54a07138\"}\n>p1 switch 3\n>p2 move liquidation\n>p1 move dragondance\n>p2 switch 5\n>p1 move temperflare\n>p2 move leechseed\n>p1 switch 3\n>p2 move leechseed\n>p1 move bravebird\n>p2 move protect\n>p1 move bravebird\n>p2 switch 2\n>p1 move bravebird\n>p2 move scaleshot\n>p1 switch 2\n>p2 switch 6\n>p1 move fakeout\n>p2 move calmmind\n>p1 move uturn\n>p2 move calmmind\n>p1 switch 4\n>p1 switch 4\n>p2 move focusblast\n>p1 move fakeout\n>p2 move psyshock\n>p1 move uturn\n>p2 move psyshock\n>p1 switch 4\n>p1 switch 4\n>p2 move psyshock\n>p1 move uturn\n>p2 move psyshock\n>p1 switch 6\n>p2 switch 4\n>p1 move stealthrock\n>p2 move knockoff\n>p1 move headsmash\n>p2 move knockoff\n>p1 move woodhammer\n>p2 move knockoff\n>p1 move headsmash\n>p2 switch 2\n>p1 move headsmash\n>p2 move leechseed\n>p2 switch 5\n>p1 move woodhammer\n>p2 move liquidation\n>p1 switch 3\n>p1 move dragondance\n>p2 switch 2\n>p1 move waterfall\n>p2 move rockslide\n>p1 switch 4\n>p1 move swordsdance\n>p2 switch 2\n>p1 move knockoff terastallize\n>p2 move liquidation\n>p2 switch 3\n>p1 move knockoff\n>p2 move shadowball\n>p1 switch 5\n>p1 move dragondance\n>p2 move shadowball\n>p1 move liquidation\n>p2 move shadowball\n>p2 switch 2\n>p1 move liquidation\n>p2 move knockoff terastallize\n>p1 switch 6\n>p1 move fakeout\n>p2 move knockoff\n>p1 move uturn\n>p2 move knockoff", "uploadtime": 1782811116, "views": 3, "formatid": "gen9randombattle", "rating": null, "private": 0, "password": null, "player_dets": [{"name": "Etjx", "avatar": "paxton", "rating": 2138, "seed": "sodium,e2eef3704ae5ee68a535ef9c2578eb4b"}, {"name": "opik8", "avatar": "colress", "rating": 2121, "seed": "sodium,2b55853a3207459e5a475a6c54a07138"}], "teams_full": [{"Staraptor": {"name": "Staraptor", "species": "Staraptor", "speciesId": "staraptor", "gender": "M", "shiny": false, "level": 79, "moves": ["quickattack", "bravebird", "closecombat", "uturn"], "ability": "Reckless", "evs": {"hp": 81, "atk": 85, "def": 85, "spa": 85, "spd": 85, "spe": 85}, "ivs": {"hp": 31, "atk": 31, "def": 31, "spa": 31, "spd": 31, "spe": 31}, "item": "Choice Band", "teraType": "Flying", "role": "Fast Attacker", "bvs": {"hp": 85, "atk": 120, "def": 70, "spa": 50, "spd": 60, "spe": 100}, "stats": {"hp": 263, "atk": 235, "def": 156, "spa": 125, "spd": 140, "spe": 204}, "types": ["Normal", "Flying"]}, "Munkidori": {"name": "Munkidori", "species": "Munkidori", "speciesId": "munkidori", "gender": "M", "shiny": false, "level": 79, "moves": ["fakeout", "uturn", "psychicnoise", "sludgewave"], "ability": "Toxic Chain", "evs": {"hp": 85, "atk": 85, "def": 85, "spa": 85, "spd": 85, "spe": 85}, "ivs": {"hp": 31, "atk": 31, "def": 31, "spa": 31, "spd": 31, "spe": 31}, "item": "Assault Vest", "teraType": "Dark", "role": "AV Pivot", "bvs": {"hp": 88, "atk": 75, "def": 66, "spa": 130, "spd": 90, "spe": 106}, "stats": {"hp": 269, "atk": 164, "def": 150, "spa": 251, "spd": 188, "spe": 213}, "types": ["Poison", "Psychic"]}, "Gyarados": {"name": "Gyarados", "species": "Gyarados", "speciesId": "gyarados", "gender": "M", "shiny": false, "level": 79, "moves": ["temperflare", "waterfall", "dragondance", "earthquake"], "ability": "Intimidate", "evs": {"hp": 85, "atk": 85, "def": 85, "spa": 85, "spd": 85, "spe": 85}, "ivs": {"hp": 31, "atk": 31, "def": 31, "spa": 31, "spd": 31, "spe": 31}, "item": "Heavy-Duty Boots", "teraType": "Ground", "role": "Setup Sweeper", "bvs": {"hp": 95, "atk": 125, "def": 79, "spa": 60, "spd": 100, "spe": 81}, "stats": {"hp": 280, "atk": 243, "def": 170, "spa": 140, "spd": 204, "spe": 174}, "types": ["Water", "Flying"]}, "Klawf": {"name": "Klawf", "species": "Klawf", "speciesId": "klawf", "gender": "M", "shiny": false, "level": 90, "moves": ["swordsdance", "crabhammer", "knockoff", "stoneedge"], "ability": "Anger Shell", "evs": {"hp": 85, "atk": 85, "def": 85, "spa": 85, "spd": 85, "spe": 85}, "ivs": {"hp": 31, "atk": 31, "def": 31, "spa": 31, "spd": 31, "spe": 31}, "item": "Lum Berry", "teraType": "Water", "role": "Setup Sweeper", "bvs": {"hp": 70, "atk": 100, "def": 115, "spa": 35, "spd": 55, "spe": 75}, "stats": {"hp": 272, "atk": 231, "def": 258, "spa": 114, "spd": 150, "spe": 186}, "types": ["Rock"]}, "Feraligatr": {"name": "Feraligatr", "species": "Feraligatr", "speciesId": "feraligatr", "gender": "M", "shiny": false, "level": 79, "moves": ["icepunch", "liquidation", "dragondance", "trailblaze"], "ability": "Sheer Force", "evs": {"hp": 85, "atk": 85, "def": 85, "spa": 85, "spd": 85, "spe": 85}, "ivs": {"hp": 31, "atk": 31, "def": 31, "spa": 31, "spd": 31, "spe": 31}, "item": "Life Orb", "teraType": "Water", "role": "Setup Sweeper", "bvs": {"hp": 85, "atk": 105, "def": 100, "spa": 79, "spd": 83, "spe": 78}, "stats": {"hp": 264, "atk": 211, "def": 204, "spa": 170, "spd": 177, "spe": 169}, "types": ["Water"]}, "Sudowoodo": {"name": "Sudowoodo", "species": "Sudowoodo", "speciesId": "sudowoodo", "gender": "M", "shiny": false, "level": 94, "moves": ["stealthrock", "headsmash", "woodhammer", "suckerpunch"], "ability": "Rock Head", "evs": {"hp": 85, "atk": 85, "def": 85, "spa": 85, "spd": 85, "spe": 85}, "ivs": {"hp": 31, "atk": 31, "def": 31, "spa": 31, "spd": 31, "spe": 31}, "item": "Leftovers", "teraType": "Grass", "role": "Bulky Attacker", "bvs": {"hp": 70, "atk": 100, "def": 115, "spa": 30, "spd": 65, "spe": 30}, "stats": {"hp": 284, "atk": 241, "def": 270, "spa": 110, "spd": 176, "spe": 110}, "types": ["Rock"]}}, {"Wugtrio": {"name": "Wugtrio", "species": "Wugtrio", "speciesId": "wugtrio", "gender": "M", "shiny": false, "level": 91, "moves": ["throatchop", "liquidation", "stompingtantrum", "aquajet"], "ability": "Gooey", "evs": {"hp": 85, "atk": 85, "def": 85, "spa": 85, "spd": 85, "spe": 85}, "ivs": {"hp": 31, "atk": 31, "def": 31, "spa": 31, "spd": 31, "spe": 31}, "item": "Choice Band", "teraType": "Water", "role": "Fast Attacker", "bvs": {"hp": 35, "atk": 100, "def": 50, "spa": 50, "spd": 70, "spe": 120}, "stats": {"hp": 212, "atk": 234, "def": 143, "spa": 143, "spd": 179, "spe": 270}, "types": ["Water"]}, "Garchomp": {"name": "Garchomp", "species": "Garchomp", "speciesId": "garchomp", "gender": "M", "shiny": false, "level": 74, "moves": ["swordsdance", "earthquake", "firefang", "scaleshot"], "ability": "Rough Skin", "evs": {"hp": 85, "atk": 85, "def": 85, "spa": 85, "spd": 85, "spe": 85}, "ivs": {"hp": 31, "atk": 31, "def": 31, "spa": 31, "spd": 31, "spe": 31}, "item": "Loaded Dice", "teraType": "Fire", "role": "Setup Sweeper", "bvs": {"hp": 108, "atk": 130, "def": 95, "spa": 80, "spd": 85, "spe": 102}, "stats": {"hp": 282, "atk": 235, "def": 184, "spa": 161, "spd": 169, "spe": 194}, "types": ["Dragon", "Ground"]}, "Flutter Mane": {"name": "Flutter Mane", "species": "Flutter Mane", "speciesId": "fluttermane", "gender": "N", "shiny": false, "level": 74, "moves": ["moonblast", "shadowball", "psyshock", "mysticalfire"], "ability": "Protosynthesis", "evs": {"hp": 85, "atk": 0, "def": 85, "spa": 85, "spd": 85, "spe": 85}, "ivs": {"hp": 31, "atk": 0, "def": 31, "spa": 31, "spd": 31, "spe": 31}, "item": "Choice Specs", "teraType": "Fairy", "role": "Wallbreaker", "bvs": {"hp": 55, "atk": 55, "def": 55, "spa": 135, "spd": 135, "spe": 135}, "stats": {"hp": 203, "atk": 86, "def": 124, "spa": 243, "spd": 243, "spe": 243}, "types": ["Ghost", "Fairy"]}, "Passimian": {"name": "Passimian", "species": "Passimian", "speciesId": "passimian", "gender": "F", "shiny": false, "level": 83, "moves": ["knockoff", "gunkshot", "rockslide", "closecombat"], "ability": "Defiant", "evs": {"hp": 85, "atk": 85, "def": 85, "spa": 85, "spd": 85, "spe": 85}, "ivs": {"hp": 31, "atk": 31, "def": 31, "spa": 31, "spd": 31, "spe": 31}, "item": "Choice Scarf", "teraType": "Dark", "role": "Fast Attacker", "bvs": {"hp": 100, "atk": 120, "def": 90, "spa": 40, "spd": 60, "spe": 80}, "stats": {"hp": 302, "atk": 247, "def": 197, "spa": 114, "spd": 147, "spe": 180}, "types": ["Fighting"]}, "Arboliva": {"name": "Arboliva", "species": "Arboliva", "speciesId": "arboliva", "gender": "M", "shiny": false, "level": 91, "moves": ["substitute", "hypervoice", "leechseed", "protect"], "ability": "Harvest", "evs": {"hp": 77, "atk": 0, "def": 85, "spa": 85, "spd": 85, "spe": 85}, "ivs": {"hp": 31, "atk": 0, "def": 31, "spa": 31, "spd": 31, "spe": 31}, "item": "Sitrus Berry", "teraType": "Poison", "role": "Bulky Support", "bvs": {"hp": 78, "atk": 69, "def": 90, "spa": 125, "spd": 109, "spe": 39}, "stats": {"hp": 288, "atk": 130, "def": 216, "spa": 279, "spd": 250, "spe": 123}, "types": ["Grass", "Normal"]}, "Meloetta": {"name": "Meloetta", "species": "Meloetta", "speciesId": "meloetta", "gender": "N", "shiny": false, "level": 82, "moves": ["hypervoice", "focusblast", "calmmind", "psyshock"], "ability": "Serene Grace", "evs": {"hp": 85, "atk": 0, "def": 85, "spa": 85, "spd": 85, "spe": 85}, "ivs": {"hp": 31, "atk": 0, "def": 31, "spa": 31, "spd": 31, "spe": 31}, "item": "Leftovers", "teraType": "Psychic", "role": "Bulky Attacker", "bvs": {"hp": 100, "atk": 77, "def": 77, "spa": 128, "spd": 128, "spe": 90}, "stats": {"hp": 298, "atk": 131, "def": 173, "spa": 257, "spd": 257, "spe": 195}, "types": ["Normal", "Psychic"]}}]}