{"id": "gen9randombattle-2641279148", "format": "[Gen 9] Random Battle", "players": ["sedu", "pakmail"], "log": "|j|\u2606sedu\n|j|\u2606pakmail\n|t:|1782762558\n|gametype|singles\n|player|p1|sedu|101|1252\n|player|p2|pakmail|cameraman|1252\n|gen|9\n|tier|[Gen 9] Random Battle\n|rated|\n|rule|Species Clause: Limit one of each Pok\u00e9mon\n|rule|HP Percentage Mod: HP is shown in percentages\n|rule|Sleep Clause Mod: Limit one foe put to sleep\n|rule|Illusion Level Mod: Illusion disguises the Pok\u00e9mon's true level\n|\n|t:|1782762558\n|teamsize|p1|6\n|teamsize|p2|6\n|start\n|switch|p1a: Porygon-Z|Porygon-Z, L83|277/277\n|switch|p2a: Regieleki|Regieleki, L79|256/256\n|-ability|p1a: Porygon-Z|Download|boost\n|-boost|p1a: Porygon-Z|spa|1\n|turn|1\n|\n|t:|1782762573\n|move|p2a: Regieleki|Volt Switch|p1a: Porygon-Z\n|-damage|p1a: Porygon-Z|154/277\n|\n|t:|1782762578\n|switch|p2a: Gurdurr|Gurdurr, L85, M|283/283|[from] Volt Switch\n|move|p1a: Porygon-Z|Tri Attack|p2a: Gurdurr\n|-damage|p2a: Gurdurr|71/283\n|-damage|p1a: Porygon-Z|127/277|[from] item: Life Orb\n|\n|upkeep\n|turn|2\n|\n|t:|1782762586\n|move|p2a: Gurdurr|Mach Punch|p1a: Porygon-Z\n|-supereffective|p1a: Porygon-Z\n|-damage|p1a: Porygon-Z|19/277\n|move|p1a: Porygon-Z|Tri Attack|p2a: Gurdurr\n|-damage|p2a: Gurdurr|0 fnt\n|faint|p2a: Gurdurr\n|-damage|p1a: Porygon-Z|0 fnt|[from] item: Life Orb\n|faint|p1a: Porygon-Z\n|\n|upkeep\n|\n|t:|1782762595\n|switch|p1a: Sableye|Sableye, L88, F|231/231\n|switch|p2a: Regieleki|Regieleki, L79|256/256\n|turn|3\n|\n|t:|1782762601\n|move|p2a: Regieleki|Volt Switch|p1a: Sableye\n|-damage|p1a: Sableye|99/231\n|\n|t:|1782762608\n|switch|p2a: Jolteon|Jolteon, L84, M|246/246|[from] Volt Switch\n|move|p1a: Sableye|Knock Off|p2a: Jolteon\n|-damage|p2a: Jolteon|114/246\n|-enditem|p2a: Jolteon|Life Orb|[from] move: Knock Off|[of] p1a: Sableye\n|\n|-heal|p1a: Sableye|113/231|[from] item: Leftovers\n|upkeep\n|turn|4\n|\n|t:|1782762624\n|switch|p1a: Raikou|Raikou, L81|278/278\n|-ability|p1a: Raikou|Pressure\n|move|p2a: Jolteon|Alluring Voice|p1a: Raikou\n|-damage|p1a: Raikou|216/278\n|\n|-heal|p1a: Raikou|233/278|[from] item: Leftovers\n|upkeep\n|turn|5\n|\n|t:|1782762631\n|move|p2a: Jolteon|Calm Mind|p2a: Jolteon\n|-boost|p2a: Jolteon|spa|1\n|-boost|p2a: Jolteon|spd|1\n|move|p1a: Raikou|Shadow Ball|p2a: Jolteon\n|-damage|p2a: Jolteon|79/246\n|-unboost|p2a: Jolteon|spd|1\n|\n|-heal|p1a: Raikou|250/278|[from] item: Leftovers\n|upkeep\n|turn|6\n|\n|t:|1782762639\n|move|p2a: Jolteon|Shadow Ball|p1a: Raikou\n|-damage|p1a: Raikou|164/278\n|move|p1a: Raikou|Shadow Ball|p2a: Jolteon\n|-damage|p2a: Jolteon|24/246\n|-unboost|p2a: Jolteon|spd|1\n|\n|-heal|p1a: Raikou|181/278|[from] item: Leftovers\n|upkeep\n|turn|7\n|\n|t:|1782762645\n|move|p2a: Jolteon|Shadow Ball|p1a: Raikou\n|-damage|p1a: Raikou|86/278\n|move|p1a: Raikou|Shadow Ball|p2a: Jolteon\n|-crit|p2a: Jolteon\n|-damage|p2a: Jolteon|0 fnt\n|faint|p2a: Jolteon\n|\n|-heal|p1a: Raikou|103/278|[from] item: Leftovers\n|upkeep\n|\n|t:|1782762655\n|switch|p2a: Komala|Komala, L88, F|258/258\n|-ability|p2a: Komala|Comatose\n|turn|8\n|\n|t:|1782762661\n|move|p2a: Komala|Earthquake|p1a: Raikou\n|-supereffective|p1a: Raikou\n|-damage|p1a: Raikou|0 fnt\n|faint|p1a: Raikou\n|\n|upkeep\n|\n|t:|1782762675\n|switch|p1a: Zebstrika|Zebstrika, L87, M|272/272\n|turn|9\n|\n|t:|1782762678\n|-terastallize|p1a: Zebstrika|Ground\n|move|p1a: Zebstrika|High Horsepower|p2a: Komala\n|-damage|p2a: Komala|85/258\n|-damage|p1a: Zebstrika|245/272|[from] item: Life Orb\n|move|p2a: Komala|Earthquake|p1a: Zebstrika\n|-crit|p1a: Zebstrika\n|-damage|p1a: Zebstrika|75/272\n|\n|upkeep\n|turn|10\n|\n|t:|1782762688\n|move|p1a: Zebstrika|High Horsepower|p2a: Komala\n|-damage|p2a: Komala|0 fnt\n|faint|p2a: Komala\n|-damage|p1a: Zebstrika|48/272|[from] item: Life Orb\n|\n|upkeep\n|\n|t:|1782762693\n|switch|p2a: Cacturne|Cacturne, L92, F|278/278\n|turn|11\n|\n|t:|1782762697\n|move|p2a: Cacturne|Sucker Punch|p1a: Zebstrika\n|-damage|p1a: Zebstrika|0 fnt\n|faint|p1a: Zebstrika\n|-damage|p2a: Cacturne|251/278|[from] item: Life Orb\n|\n|upkeep\n|\n|t:|1782762703\n|switch|p1a: Pyroar|Pyroar, L88, F|295/295\n|-ability|p1a: Pyroar|Unnerve\n|turn|12\n|\n|t:|1782762711\n|move|p1a: Pyroar|Fire Blast|p2a: Cacturne\n|-supereffective|p2a: Cacturne\n|-damage|p2a: Cacturne|0 fnt\n|faint|p2a: Cacturne\n|\n|upkeep\n|\n|t:|1782762715\n|switch|p2a: Regieleki|Regieleki, L79|256/256\n|turn|13\n|\n|t:|1782762721\n|move|p2a: Regieleki|Thunderbolt|p1a: Pyroar\n|-damage|p1a: Pyroar|126/295\n|move|p1a: Pyroar|Hyper Voice|p2a: Regieleki\n|-damage|p2a: Regieleki|90/256\n|\n|upkeep\n|turn|14\n|\n|t:|1782762725\n|move|p2a: Regieleki|Thunderbolt|p1a: Pyroar\n|-damage|p1a: Pyroar|0 fnt\n|faint|p1a: Pyroar\n|\n|upkeep\n|\n|t:|1782762728\n|switch|p1a: Sableye|Sableye, L88, F|113/231\n|turn|15\n|\n|t:|1782762735\n|move|p1a: Sableye|Recover|p1a: Sableye\n|-heal|p1a: Sableye|229/231\n|move|p2a: Regieleki|Thunderbolt|p1a: Sableye\n|-damage|p1a: Sableye|70/231\n|\n|-heal|p1a: Sableye|84/231|[from] item: Leftovers\n|upkeep\n|turn|16\n|\n|t:|1782762742\n|move|p1a: Sableye|Recover|p1a: Sableye\n|-heal|p1a: Sableye|200/231\n|move|p2a: Regieleki|Thunderbolt|p1a: Sableye\n|-damage|p1a: Sableye|50/231\n|\n|-heal|p1a: Sableye|64/231|[from] item: Leftovers\n|upkeep\n|turn|17\n|\n|t:|1782762748\n|move|p2a: Regieleki|Thunderbolt|p1a: Sableye\n|-damage|p1a: Sableye|0 fnt\n|faint|p1a: Sableye\n|\n|upkeep\n|\n|t:|1782762750\n|switch|p1a: Mewtwo|Mewtwo, L72|272/272\n|-ability|p1a: Mewtwo|Pressure\n|turn|18\n|\n|t:|1782762756\n|move|p2a: Regieleki|Thunderbolt|p1a: Mewtwo\n|-damage|p1a: Mewtwo|127/272\n|move|p1a: Mewtwo|Psystrike|p2a: Regieleki\n|-damage|p2a: Regieleki|0 fnt\n|faint|p2a: Regieleki\n|-damage|p1a: Mewtwo|100/272|[from] item: Life Orb\n|\n|upkeep\n|\n|t:|1782762760\n|switch|p2a: Breloom|Breloom, L83, F|235/235\n|turn|19\n|c|\u2606sedu|gg\n|\n|t:|1782762768\n|-terastallize|p2a: Breloom|Rock\n|move|p1a: Mewtwo|Psystrike|p2a: Breloom\n|-damage|p2a: Breloom|86/235\n|-damage|p1a: Mewtwo|73/272|[from] item: Life Orb\n|move|p2a: Breloom|Bullet Seed|p1a: Mewtwo\n|-damage|p1a: Mewtwo|3/272\n|-damage|p1a: Mewtwo|0 fnt\n|faint|p1a: Mewtwo\n|-hitcount|p1: Mewtwo|2\n|-damage|p2a: Breloom|63/235|[from] item: Life Orb\n|\n|win|pakmail\n|raw|sedu's rating: 1252 &rarr; <strong>1227</strong><br />(-25 for losing)\n|raw|pakmail's rating: 1252 &rarr; <strong>1277</strong><br />(+25 for winning)\n|c|\u2606pakmail|gg\n|l|\u2606sedu\n|player|p1|\n|c|\u2606pakmail|:)\n", "inputlog": ">version f8ac14003a5f27e1bdc8d8c59608a773c1cb96e5\n>start {\"formatid\":\"gen9randombattle\",\"seed\":\"sodium,35575a522367b46b48fc4f6155182c49\",\"rated\":\"Rated battle\"}\n>player p1 {\"name\":\"sedu\",\"avatar\":\"101\",\"rating\":1252,\"seed\":\"sodium,79c2e2167471b82d4f3364211d86d417\"}\n>player p2 {\"name\":\"pakmail\",\"avatar\":\"cameraman\",\"rating\":1252,\"seed\":\"sodium,34e9cd0b937fc80fde8ba9bdba38489a\"}\n>p1 move triattack\n>p2 move voltswitch\n>p2 switch 2\n>p1 move triattack\n>p2 move machpunch\n>p1 switch 2\n>p2 switch 2\n>p1 move knockoff\n>p2 move voltswitch\n>p2 switch 6\n>p1 switch 3\n>p2 move alluringvoice\n>p1 move shadowball\n>p2 move calmmind\n>p1 move shadowball\n>p2 move shadowball\n>p1 move shadowball\n>p2 move shadowball\n>p2 switch 5\n>p1 move calmmind\n>p2 move earthquake\n>p1 switch 4\n>p1 move highhorsepower terastallize\n>p2 move earthquake\n>p1 move highhorsepower\n>p2 move earthquake\n>p2 switch 4\n>p1 move highhorsepower\n>p2 move suckerpunch\n>p1 switch 5\n>p1 move fireblast\n>p2 move knockoff\n>p2 switch 6\n>p1 move hypervoice\n>p2 move thunderbolt\n>p1 move hypervoice\n>p2 move thunderbolt\n>p1 switch 3\n>p1 move recover\n>p2 move thunderbolt\n>p1 move recover\n>p2 move thunderbolt\n>p1 move knockoff\n>p2 move thunderbolt\n>p1 switch 6\n>p1 move psystrike\n>p2 move thunderbolt\n>p2 switch 3\n>chat \u2606sedu|gg\n>p1 move psystrike\n>p2 move bulletseed terastallize", "uploadtime": 1782762792, "views": 6, "formatid": "gen9randombattle", "rating": 1227, "private": 0, "password": null, "player_dets": [{"name": "sedu", "avatar": "101", "rating": 1252, "seed": "sodium,79c2e2167471b82d4f3364211d86d417"}, {"name": "pakmail", "avatar": "cameraman", "rating": 1252, "seed": "sodium,34e9cd0b937fc80fde8ba9bdba38489a"}], "teams_full": [{"Porygon-Z": {"name": "Porygon-Z", "species": "Porygon-Z", "speciesId": "porygonz", "gender": "N", "shiny": false, "level": 83, "moves": ["triattack", "shadowball", "icebeam", "nastyplot"], "ability": "Download", "evs": {"hp": 85, "atk": 0, "def": 85, "spa": 85, "spd": 85, "spe": 85}, "ivs": {"hp": 31, "atk": 0, "def": 31, "spa": 31, "spd": 31, "spe": 31}, "item": "Life Orb", "teraType": "Ghost", "role": "Fast Attacker", "bvs": {"hp": 85, "atk": 80, "def": 70, "spa": 135, "spd": 75, "spe": 90}, "stats": {"hp": 277, "atk": 137, "def": 164, "spa": 272, "spd": 172, "spe": 197}, "types": ["Normal"]}, "Sableye": {"name": "Sableye", "species": "Sableye", "speciesId": "sableye", "gender": "F", "shiny": false, "level": 88, "moves": ["encore", "thunderwave", "recover", "knockoff"], "ability": "Prankster", "evs": {"hp": 85, "atk": 85, "def": 85, "spa": 85, "spd": 85, "spe": 85}, "ivs": {"hp": 31, "atk": 31, "def": 31, "spa": 31, "spd": 31, "spe": 31}, "item": "Leftovers", "teraType": "Poison", "role": "Bulky Support", "bvs": {"hp": 50, "atk": 75, "def": 75, "spa": 65, "spd": 65, "spe": 50}, "stats": {"hp": 231, "atk": 182, "def": 182, "spa": 165, "spd": 165, "spe": 138}, "types": ["Dark", "Ghost"]}, "Raikou": {"name": "Raikou", "species": "Raikou", "speciesId": "raikou", "gender": "N", "shiny": false, "level": 81, "moves": ["scald", "thunderbolt", "shadowball", "calmmind"], "ability": "Pressure", "evs": {"hp": 85, "atk": 0, "def": 85, "spa": 85, "spd": 85, "spe": 85}, "ivs": {"hp": 31, "atk": 0, "def": 31, "spa": 31, "spd": 31, "spe": 31}, "item": "Leftovers", "teraType": "Water", "role": "Bulky Attacker", "bvs": {"hp": 90, "atk": 85, "def": 75, "spa": 115, "spd": 100, "spe": 115}, "stats": {"hp": 278, "atk": 142, "def": 168, "spa": 233, "spd": 209, "spe": 233}, "types": ["Electric"]}, "Zebstrika": {"name": "Zebstrika", "species": "Zebstrika", "speciesId": "zebstrika", "gender": "M", "shiny": false, "level": 87, "moves": ["voltswitch", "supercellslam", "highhorsepower", "overheat"], "ability": "Sap Sipper", "evs": {"hp": 85, "atk": 85, "def": 85, "spa": 85, "spd": 85, "spe": 85}, "ivs": {"hp": 31, "atk": 31, "def": 31, "spa": 31, "spd": 31, "spe": 31}, "item": "Life Orb", "teraType": "Ground", "role": "Fast Attacker", "bvs": {"hp": 75, "atk": 100, "def": 63, "spa": 80, "spd": 63, "spe": 116}, "stats": {"hp": 272, "atk": 224, "def": 159, "spa": 189, "spd": 159, "spe": 252}, "types": ["Electric"]}, "Pyroar": {"name": "Pyroar", "species": "Pyroar", "speciesId": "pyroar", "gender": "F", "shiny": false, "level": 88, "moves": ["fireblast", "hypervoice", "darkpulse", "taunt"], "ability": "Unnerve", "evs": {"hp": 85, "atk": 0, "def": 85, "spa": 85, "spd": 85, "spe": 85}, "ivs": {"hp": 31, "atk": 0, "def": 31, "spa": 31, "spd": 31, "spe": 31}, "item": "Heavy-Duty Boots", "teraType": "Fire", "role": "Fast Attacker", "bvs": {"hp": 86, "atk": 68, "def": 72, "spa": 109, "spd": 66, "spe": 106}, "stats": {"hp": 295, "atk": 124, "def": 177, "spa": 242, "spd": 166, "spe": 237}, "types": ["Fire", "Normal"]}, "Mewtwo": {"name": "Mewtwo", "species": "Mewtwo", "speciesId": "mewtwo", "gender": "N", "shiny": false, "level": 72, "moves": ["fireblast", "nastyplot", "psystrike", "darkpulse"], "ability": "Pressure", "evs": {"hp": 85, "atk": 0, "def": 85, "spa": 85, "spd": 85, "spe": 85}, "ivs": {"hp": 31, "atk": 0, "def": 31, "spa": 31, "spd": 31, "spe": 31}, "item": "Life Orb", "teraType": "Fire", "role": "Setup Sweeper", "bvs": {"hp": 106, "atk": 110, "def": 90, "spa": 154, "spd": 90, "spe": 130}, "stats": {"hp": 272, "atk": 163, "def": 172, "spa": 264, "spd": 172, "spe": 229}, "types": ["Psychic"]}}, {"Regieleki": {"name": "Regieleki", "species": "Regieleki", "speciesId": "regieleki", "gender": "N", "shiny": false, "level": 79, "moves": ["voltswitch", "thunderbolt", "terablast", "rapidspin"], "ability": "Transistor", "evs": {"hp": 85, "atk": 85, "def": 85, "spa": 85, "spd": 85, "spe": 85}, "ivs": {"hp": 31, "atk": 31, "def": 31, "spa": 31, "spd": 31, "spe": 31}, "item": "Magnet", "teraType": "Ice", "role": "Tera Blast user", "bvs": {"hp": 80, "atk": 100, "def": 50, "spa": 100, "spd": 50, "spe": 200}, "stats": {"hp": 256, "atk": 204, "def": 125, "spa": 204, "spd": 125, "spe": 362}, "types": ["Electric"]}, "Gurdurr": {"name": "Gurdurr", "species": "Gurdurr", "speciesId": "gurdurr", "gender": "M", "shiny": false, "level": 85, "moves": ["machpunch", "drainpunch", "bulkup", "knockoff"], "ability": "Guts", "evs": {"hp": 85, "atk": 85, "def": 85, "spa": 85, "spd": 85, "spe": 85}, "ivs": {"hp": 31, "atk": 31, "def": 31, "spa": 31, "spd": 31, "spe": 31}, "item": "Eviolite", "teraType": "Steel", "role": "Bulky Attacker", "bvs": {"hp": 85, "atk": 105, "def": 85, "spa": 40, "spd": 50, "spe": 40}, "stats": {"hp": 283, "atk": 227, "def": 193, "spa": 117, "spd": 134, "spe": 117}, "types": ["Fighting"]}, "Breloom": {"name": "Breloom", "species": "Breloom", "speciesId": "breloom", "gender": "F", "shiny": false, "level": 83, "moves": ["machpunch", "swordsdance", "rocktomb", "bulletseed"], "ability": "Technician", "evs": {"hp": 85, "atk": 85, "def": 85, "spa": 85, "spd": 85, "spe": 85}, "ivs": {"hp": 31, "atk": 31, "def": 31, "spa": 31, "spd": 31, "spe": 31}, "item": "Life Orb", "teraType": "Rock", "role": "Fast Attacker", "bvs": {"hp": 60, "atk": 130, "def": 80, "spa": 60, "spd": 60, "spe": 70}, "stats": {"hp": 235, "atk": 263, "def": 180, "spa": 147, "spd": 147, "spe": 164}, "types": ["Grass", "Fighting"]}, "Cacturne": {"name": "Cacturne", "species": "Cacturne", "speciesId": "cacturne", "gender": "F", "shiny": false, "level": 92, "moves": ["leafstorm", "focusblast", "suckerpunch", "knockoff"], "ability": "Water Absorb", "evs": {"hp": 85, "atk": 85, "def": 85, "spa": 85, "spd": 85, "spe": 85}, "ivs": {"hp": 31, "atk": 31, "def": 31, "spa": 31, "spd": 31, "spe": 31}, "item": "Life Orb", "teraType": "Poison", "role": "Wallbreaker", "bvs": {"hp": 70, "atk": 115, "def": 60, "spa": 115, "spd": 60, "spe": 55}, "stats": {"hp": 278, "atk": 264, "def": 163, "spa": 264, "spd": 163, "spe": 154}, "types": ["Grass", "Dark"]}, "Komala": {"name": "Komala", "species": "Komala", "speciesId": "komala", "gender": "F", "shiny": false, "level": 88, "moves": ["bodyslam", "knockoff", "earthquake", "uturn"], "ability": "Comatose", "evs": {"hp": 85, "atk": 85, "def": 85, "spa": 85, "spd": 85, "spe": 85}, "ivs": {"hp": 31, "atk": 31, "def": 31, "spa": 31, "spd": 31, "spe": 31}, "item": "Choice Scarf", "teraType": "Ghost", "role": "Bulky Support", "bvs": {"hp": 65, "atk": 115, "def": 65, "spa": 75, "spd": 95, "spe": 65}, "stats": {"hp": 258, "atk": 253, "def": 165, "spa": 182, "spd": 217, "spe": 165}, "types": ["Normal"]}, "Jolteon": {"name": "Jolteon", "species": "Jolteon", "speciesId": "jolteon", "gender": "M", "shiny": false, "level": 84, "moves": ["shadowball", "calmmind", "alluringvoice", "thunderbolt"], "ability": "Volt Absorb", "evs": {"hp": 85, "atk": 0, "def": 85, "spa": 85, "spd": 85, "spe": 85}, "ivs": {"hp": 31, "atk": 0, "def": 31, "spa": 31, "spd": 31, "spe": 31}, "item": "Life Orb", "teraType": "Electric", "role": "Fast Attacker", "bvs": {"hp": 65, "atk": 65, "def": 60, "spa": 110, "spd": 95, "spe": 130}, "stats": {"hp": 246, "atk": 114, "def": 149, "spa": 233, "spd": 208, "spe": 267}, "types": ["Electric"]}}]}