{"id": "gen9randombattle-2641421416", "format": "[Gen 9] Random Battle", "players": ["Benbougami", "specs_tater"], "log": "|j|\u2606Benbougami\n|j|\u2606specs_tater\n|t:|1782782274\n|gametype|singles\n|player|p1|Benbougami|roughneck|1394\n|player|p2|specs_tater|guitarist|1374\n|gen|9\n|tier|[Gen 9] Random Battle\n|rated|\n|rule|Species Clause: Limit one of each Pok\u00e9mon\n|rule|HP Percentage Mod: HP is shown in percentages\n|rule|Sleep Clause Mod: Limit one foe put to sleep\n|rule|Illusion Level Mod: Illusion disguises the Pok\u00e9mon's true level\n|\n|t:|1782782274\n|teamsize|p1|6\n|teamsize|p2|6\n|start\n|switch|p1a: Toxtricity|Toxtricity, L82, F|257/257\n|switch|p2a: Falinks|Falinks, L84|246/246\n|turn|1\n|inactive|Battle timer is ON: inactive players will automatically lose when time's up. (requested by Benbougami)\n|\n|t:|1782782287\n|switch|p2a: Grumpig|Grumpig, L92, F|297/297\n|move|p1a: Toxtricity|Overdrive|p2a: Grumpig\n|-damage|p2a: Grumpig|203/297\n|\n|-heal|p2a: Grumpig|221/297|[from] item: Leftovers\n|upkeep\n|turn|2\n|\n|t:|1782782297\n|switch|p1a: Illumise|Illumise, L91, F|266/266\n|move|p2a: Grumpig|Nasty Plot|p2a: Grumpig\n|-boost|p2a: Grumpig|spa|2\n|\n|-heal|p2a: Grumpig|239/297|[from] item: Leftovers\n|upkeep\n|turn|3\n|\n|t:|1782782311\n|switch|p2a: Mandibuzz|Mandibuzz, L85, F|326/326\n|move|p1a: Illumise|Encore|p2a: Mandibuzz\n|-hint|Since gen 7, Dark is immune to Prankster moves.\n|-immune|p2a: Mandibuzz\n|\n|upkeep\n|turn|4\n|\n|t:|1782782334\n|switch|p1a: Hitmonlee|Hitmonlee, L85, M|223/223\n|move|p2a: Mandibuzz|Toxic|p1a: Hitmonlee\n|-status|p1a: Hitmonlee|tox\n|\n|-damage|p1a: Hitmonlee|210/223 tox|[from] psn\n|upkeep\n|turn|5\n|\n|t:|1782782347\n|switch|p2a: Meowstic|Meowstic, L89, M|277/277\n|move|p1a: Hitmonlee|High Jump Kick|p2a: Meowstic\n|-resisted|p2a: Meowstic\n|-damage|p2a: Meowstic|118/277\n|\n|-damage|p1a: Hitmonlee|184/223 tox|[from] psn\n|upkeep\n|turn|6\n|\n|t:|1782782358\n|switch|p1a: Illumise|Illumise, L91, F|266/266\n|move|p2a: Meowstic|Reflect|p2a: Meowstic\n|-sidestart|p2: specs_tater|Reflect\n|\n|upkeep\n|turn|7\n|\n|t:|1782782366\n|move|p2a: Meowstic|Thunder Wave|p1a: Illumise\n|-status|p1a: Illumise|par\n|move|p1a: Illumise|Bug Buzz|p2a: Meowstic\n|-supereffective|p2a: Meowstic\n|-damage|p2a: Meowstic|0 fnt\n|faint|p2a: Meowstic\n|\n|upkeep\n|\n|t:|1782782381\n|switch|p2a: Mandibuzz|Mandibuzz, L85, F|326/326\n|turn|8\n|\n|t:|1782782407\n|switch|p2a: Grumpig|Grumpig, L92, F|239/297\n|switch|p1a: Toxtricity|Toxtricity, L82, F|257/257\n|\n|-heal|p2a: Grumpig|257/297|[from] item: Leftovers\n|upkeep\n|turn|9\n|\n|t:|1782782414\n|move|p1a: Toxtricity|Volt Switch|p2a: Grumpig\n|-damage|p2a: Grumpig|194/297\n|\n|t:|1782782420\n|switch|p1a: Illumise|Illumise, L91, F|266/266 par|[from] Volt Switch\n|move|p2a: Grumpig|Psychic|p1a: Illumise\n|-damage|p1a: Illumise|163/266 par\n|\n|-heal|p2a: Grumpig|212/297|[from] item: Leftovers\n|upkeep\n|turn|10\n|\n|t:|1782782429\n|move|p2a: Grumpig|Psychic|p1a: Illumise\n|-damage|p1a: Illumise|57/266 par\n|move|p1a: Illumise|Bug Buzz|p2a: Grumpig\n|-supereffective|p2a: Grumpig\n|-damage|p2a: Grumpig|84/297\n|\n|-heal|p2a: Grumpig|102/297|[from] item: Leftovers\n|upkeep\n|turn|11\n|\n|t:|1782782437\n|move|p1a: Illumise|Roost|p1a: Illumise\n|-heal|p1a: Illumise|190/266 par\n|-singleturn|p1a: Illumise|move: Roost\n|move|p2a: Grumpig|Psychic|p1a: Illumise\n|-damage|p1a: Illumise|93/266 par\n|\n|-heal|p2a: Grumpig|120/297|[from] item: Leftovers\n|upkeep\n|turn|12\n|\n|t:|1782782443\n|move|p1a: Illumise|Roost|p1a: Illumise\n|-heal|p1a: Illumise|226/266 par\n|-singleturn|p1a: Illumise|move: Roost\n|move|p2a: Grumpig|Psychic|p1a: Illumise\n|-damage|p1a: Illumise|133/266 par\n|\n|-heal|p2a: Grumpig|138/297|[from] item: Leftovers\n|upkeep\n|turn|13\n|\n|t:|1782782449\n|move|p2a: Grumpig|Psychic|p1a: Illumise\n|-damage|p1a: Illumise|30/266 par\n|move|p1a: Illumise|Bug Buzz|p2a: Grumpig\n|-supereffective|p2a: Grumpig\n|-damage|p2a: Grumpig|0 fnt\n|faint|p2a: Grumpig\n|\n|-sideend|p2: specs_tater|Reflect\n|upkeep\n|\n|t:|1782782457\n|switch|p2a: Mandibuzz|Mandibuzz, L85, F|326/326\n|turn|14\n|\n|t:|1782782463\n|switch|p1a: Toxtricity|Toxtricity, L82, F|257/257\n|move|p2a: Mandibuzz|Foul Play|p1a: Toxtricity\n|-damage|p1a: Toxtricity|158/257\n|\n|upkeep\n|turn|15\n|\n|t:|1782782486\n|-terastallize|p2a: Mandibuzz|Steel\n|move|p1a: Toxtricity|Overdrive|p2a: Mandibuzz\n|-damage|p2a: Mandibuzz|212/326\n|move|p2a: Mandibuzz|Foul Play|p1a: Toxtricity\n|-damage|p1a: Toxtricity|55/257\n|\n|upkeep\n|turn|16\n|\n|t:|1782782497\n|switch|p1a: Hitmonlee|Hitmonlee, L85, M|184/223 tox\n|move|p2a: Mandibuzz|Foul Play|p1a: Hitmonlee\n|-resisted|p1a: Hitmonlee\n|-damage|p1a: Hitmonlee|103/223 tox\n|\n|-damage|p1a: Hitmonlee|90/223 tox|[from] psn\n|upkeep\n|turn|17\n|inactive|specs_tater has 120 seconds left.\n|\n|t:|1782782537\n|switch|p2a: Falinks|Falinks, L84|246/246\n|move|p1a: Hitmonlee|High Jump Kick|p2a: Falinks\n|-damage|p2a: Falinks|0 fnt\n|faint|p2a: Falinks\n|\n|-damage|p1a: Hitmonlee|64/223 tox|[from] psn\n|upkeep\n|\n|t:|1782782546\n|switch|p2a: Grafaiai|Grafaiai, L86, M|249/249\n|turn|18\n|inactive|Benbougami has 120 seconds left.\n|inactive|Benbougami has 90 seconds left.\n|\n|t:|1782782617\n|switch|p1a: Golem|Golem, L87, M|281/281\n|move|p2a: Grafaiai|Gunk Shot|p1a: Golem\n|-resisted|p1a: Golem\n|-damage|p1a: Golem|258/281\n|\n|upkeep\n|turn|19\n|-message|specs_tater forfeited.\n|\n|win|Benbougami\n|raw|Benbougami's rating: 1394 &rarr; <strong>1413</strong><br />(+19 for winning)\n|raw|specs_tater's rating: 1374 &rarr; <strong>1355</strong><br />(-19 for losing)\n|l|\u2606specs_tater\n|player|p2|\n", "inputlog": ">version f8ac14003a5f27e1bdc8d8c59608a773c1cb96e5\n>start {\"formatid\":\"gen9randombattle\",\"seed\":\"sodium,8f86e00828b540023657e9ed882f1f31\",\"rated\":\"Rated battle\"}\n>player p1 {\"name\":\"Benbougami\",\"avatar\":\"roughneck\",\"rating\":1394,\"seed\":\"sodium,723ae0ce316a95135a84aed99715ba07\"}\n>player p2 {\"name\":\"specs_tater\",\"avatar\":\"guitarist\",\"rating\":1374,\"seed\":\"sodium,98a3452994d0393119ded8e8ad788237\"}\n>p1 move overdrive\n>p2 switch 2\n>p1 switch 4\n>p2 move nastyplot\n>p1 move encore\n>p2 switch 3\n>p1 switch 2\n>p2 move toxic\n>p1 move highjumpkick\n>p2 switch 5\n>p1 switch 2\n>p2 move reflect\n>p1 move bugbuzz\n>p2 move thunderwave\n>p2 switch 5\n>p1 switch 4\n>p2 switch 3\n>p1 move voltswitch\n>p2 move psychic\n>p1 switch 4\n>p1 move bugbuzz\n>p2 move psychic\n>p1 move roost\n>p2 move psychic\n>p1 move roost\n>p2 move psychic\n>p1 move bugbuzz\n>p2 move psychic\n>p2 switch 3\n>p1 switch 4\n>p2 move foulplay\n>p1 move overdrive\n>p2 move foulplay terastallize\n>p1 switch 2\n>p2 move foulplay\n>p1 move highjumpkick\n>p2 switch 2\n>p2 switch 4\n>p1 switch 3\n>p2 move gunkshot\n>forcelose p2", "uploadtime": 1782782629, "views": 5, "formatid": "gen9randombattle", "rating": 1355, "private": 0, "password": null, "player_dets": [{"name": "Benbougami", "avatar": "roughneck", "rating": 1394, "seed": "sodium,723ae0ce316a95135a84aed99715ba07"}, {"name": "specs_tater", "avatar": "guitarist", "rating": 1374, "seed": "sodium,98a3452994d0393119ded8e8ad788237"}], "teams_full": [{"Toxtricity": {"name": "Toxtricity", "species": "Toxtricity", "speciesId": "toxtricity", "gender": "F", "shiny": false, "level": 82, "moves": ["overdrive", "boomburst", "sludgewave", "voltswitch"], "ability": "Punk Rock", "evs": {"hp": 85, "atk": 0, "def": 85, "spa": 85, "spd": 85, "spe": 85}, "ivs": {"hp": 31, "atk": 0, "def": 31, "spa": 31, "spd": 31, "spe": 31}, "item": "Choice Scarf", "teraType": "Normal", "role": "Fast Attacker", "bvs": {"hp": 75, "atk": 98, "def": 70, "spa": 114, "spd": 70, "spe": 75}, "stats": {"hp": 257, "atk": 165, "def": 162, "spa": 234, "spd": 162, "spe": 170}, "types": ["Electric", "Poison"]}, "Hitmonlee": {"name": "Hitmonlee", "species": "Hitmonlee", "speciesId": "hitmonlee", "gender": "M", "shiny": false, "level": 85, "moves": ["poisonjab", "knockoff", "stoneedge", "highjumpkick"], "ability": "Reckless", "evs": {"hp": 81, "atk": 85, "def": 85, "spa": 85, "spd": 85, "spe": 85}, "ivs": {"hp": 31, "atk": 31, "def": 31, "spa": 31, "spd": 31, "spe": 31}, "item": "Choice Band", "teraType": "Fighting", "role": "Fast Attacker", "bvs": {"hp": 50, "atk": 120, "def": 53, "spa": 35, "spd": 110, "spe": 87}, "stats": {"hp": 223, "atk": 253, "def": 139, "spa": 108, "spd": 236, "spe": 197}, "types": ["Fighting"]}, "Golem": {"name": "Golem", "species": "Golem", "speciesId": "golem", "gender": "M", "shiny": false, "level": 87, "moves": ["earthquake", "rockpolish", "explosion", "stoneedge"], "ability": "Sturdy", "evs": {"hp": 85, "atk": 85, "def": 85, "spa": 85, "spd": 85, "spe": 85}, "ivs": {"hp": 31, "atk": 31, "def": 31, "spa": 31, "spd": 31, "spe": 31}, "item": "Weakness Policy", "teraType": "Ground", "role": "Bulky Attacker", "bvs": {"hp": 80, "atk": 120, "def": 130, "spa": 55, "spd": 65, "spe": 45}, "stats": {"hp": 281, "atk": 259, "def": 276, "spa": 145, "spd": 163, "spe": 128}, "types": ["Rock", "Ground"]}, "Illumise": {"name": "Illumise", "species": "Illumise", "speciesId": "illumise", "gender": "F", "shiny": false, "level": 91, "moves": ["bugbuzz", "roost", "encore", "thunderwave"], "ability": "Prankster", "evs": {"hp": 85, "atk": 0, "def": 85, "spa": 85, "spd": 85, "spe": 85}, "ivs": {"hp": 31, "atk": 0, "def": 31, "spa": 31, "spd": 31, "spe": 31}, "item": "Heavy-Duty Boots", "teraType": "Steel", "role": "Bulky Support", "bvs": {"hp": 65, "atk": 47, "def": 75, "spa": 73, "spd": 85, "spe": 85}, "stats": {"hp": 266, "atk": 90, "def": 188, "spa": 185, "spd": 207, "spe": 207}, "types": ["Bug"]}, "Rillaboom": {"name": "Rillaboom", "species": "Rillaboom", "speciesId": "rillaboom", "gender": "M", "shiny": false, "level": 79, "moves": ["uturn", "knockoff", "woodhammer", "grassyglide"], "ability": "Grassy Surge", "evs": {"hp": 85, "atk": 85, "def": 85, "spa": 85, "spd": 85, "spe": 85}, "ivs": {"hp": 31, "atk": 31, "def": 31, "spa": 31, "spd": 31, "spe": 31}, "item": "Choice Band", "teraType": "Grass", "role": "Wallbreaker", "bvs": {"hp": 100, "atk": 125, "def": 90, "spa": 60, "spd": 70, "spe": 85}, "stats": {"hp": 288, "atk": 243, "def": 188, "spa": 140, "spd": 156, "spe": 180}, "types": ["Grass"]}, "Meowstic": {"name": "Meowstic", "species": "Meowstic-F", "speciesId": "meowsticf", "gender": "F", "shiny": false, "level": 89, "moves": ["nastyplot", "alluringvoice", "psyshock", "thunderbolt"], "ability": "Competitive", "evs": {"hp": 85, "atk": 0, "def": 85, "spa": 85, "spd": 85, "spe": 85}, "ivs": {"hp": 31, "atk": 0, "def": 31, "spa": 31, "spd": 31, "spe": 31}, "item": "Life Orb", "teraType": "Electric", "role": "Setup Sweeper", "bvs": {"hp": 74, "atk": 48, "def": 76, "spa": 83, "spd": 81, "spe": 104}, "stats": {"hp": 277, "atk": 90, "def": 186, "spa": 199, "spd": 195, "spe": 236}, "types": ["Psychic"]}}, {"Falinks": {"name": "Falinks", "species": "Falinks", "speciesId": "falinks", "gender": "N", "shiny": false, "level": 84, "moves": ["closecombat", "knockoff", "ironhead", "noretreat"], "ability": "Defiant", "evs": {"hp": 85, "atk": 85, "def": 85, "spa": 85, "spd": 85, "spe": 85}, "ivs": {"hp": 31, "atk": 31, "def": 31, "spa": 31, "spd": 31, "spe": 31}, "item": "Life Orb", "teraType": "Dark", "role": "Setup Sweeper", "bvs": {"hp": 65, "atk": 100, "def": 100, "spa": 70, "spd": 60, "spe": 75}, "stats": {"hp": 246, "atk": 216, "def": 216, "spa": 166, "spd": 149, "spe": 174}, "types": ["Fighting"]}, "Grumpig": {"name": "Grumpig", "species": "Grumpig", "speciesId": "grumpig", "gender": "F", "shiny": false, "level": 92, "moves": ["earthpower", "dazzlinggleam", "psychic", "nastyplot"], "ability": "Thick Fat", "evs": {"hp": 85, "atk": 0, "def": 85, "spa": 85, "spd": 85, "spe": 85}, "ivs": {"hp": 31, "atk": 0, "def": 31, "spa": 31, "spd": 31, "spe": 31}, "item": "Leftovers", "teraType": "Ground", "role": "Bulky Setup", "bvs": {"hp": 80, "atk": 45, "def": 65, "spa": 90, "spd": 110, "spe": 80}, "stats": {"hp": 297, "atk": 87, "def": 172, "spa": 218, "spd": 255, "spe": 200}, "types": ["Psychic"]}, "Mandibuzz": {"name": "Mandibuzz", "species": "Mandibuzz", "speciesId": "mandibuzz", "gender": "F", "shiny": false, "level": 85, "moves": ["foulplay", "toxic", "roost", "defog"], "ability": "Overcoat", "evs": {"hp": 85, "atk": 0, "def": 85, "spa": 85, "spd": 85, "spe": 85}, "ivs": {"hp": 31, "atk": 0, "def": 31, "spa": 31, "spd": 31, "spe": 31}, "item": "Heavy-Duty Boots", "teraType": "Steel", "role": "Bulky Support", "bvs": {"hp": 110, "atk": 65, "def": 105, "spa": 55, "spd": 95, "spe": 80}, "stats": {"hp": 326, "atk": 115, "def": 227, "spa": 142, "spd": 210, "spe": 185}, "types": ["Dark", "Flying"]}, "Grafaiai": {"name": "Grafaiai", "species": "Grafaiai", "speciesId": "grafaiai", "gender": "M", "shiny": false, "level": 86, "moves": ["uturn", "knockoff", "superfang", "gunkshot"], "ability": "Poison Touch", "evs": {"hp": 85, "atk": 85, "def": 85, "spa": 85, "spd": 85, "spe": 85}, "ivs": {"hp": 31, "atk": 31, "def": 31, "spa": 31, "spd": 31, "spe": 31}, "item": "Assault Vest", "teraType": "Dark", "role": "AV Pivot", "bvs": {"hp": 63, "atk": 95, "def": 65, "spa": 80, "spd": 72, "spe": 110}, "stats": {"hp": 249, "atk": 213, "def": 161, "spa": 187, "spd": 173, "spe": 238}, "types": ["Poison", "Normal"]}, "Meowstic": {"name": "Meowstic", "species": "Meowstic", "speciesId": "meowstic", "gender": "M", "shiny": false, "level": 89, "moves": ["thunderwave", "reflect", "lightscreen", "psychicnoise"], "ability": "Prankster", "evs": {"hp": 85, "atk": 0, "def": 85, "spa": 85, "spd": 85, "spe": 85}, "ivs": {"hp": 31, "atk": 0, "def": 31, "spa": 31, "spd": 31, "spe": 31}, "item": "Light Clay", "teraType": "Fairy", "role": "Bulky Support", "bvs": {"hp": 74, "atk": 48, "def": 76, "spa": 83, "spd": 81, "spe": 104}, "stats": {"hp": 277, "atk": 90, "def": 186, "spa": 199, "spd": 195, "spe": 236}, "types": ["Psychic"]}, "Duraludon": {"name": "Duraludon", "species": "Duraludon", "speciesId": "duraludon", "gender": "F", "shiny": false, "level": 82, "moves": ["flashcannon", "dracometeor", "bodypress", "stealthrock"], "ability": "Light Metal", "evs": {"hp": 85, "atk": 0, "def": 85, "spa": 85, "spd": 85, "spe": 85}, "ivs": {"hp": 31, "atk": 0, "def": 31, "spa": 31, "spd": 31, "spe": 31}, "item": "Eviolite", "teraType": "Fighting", "role": "Bulky Attacker", "bvs": {"hp": 70, "atk": 95, "def": 115, "spa": 120, "spd": 50, "spe": 85}, "stats": {"hp": 249, "atk": 160, "def": 236, "spa": 244, "spd": 129, "spe": 187}, "types": ["Steel", "Dragon"]}}]}