{"id": "gen9randombattle-2641670890", "format": "[Gen 9] Random Battle", "players": ["nikzeh", "ndjeiog"], "log": "|j|\u2606nikzeh\n|j|\u2606ndjeiog\n|t:|1782827776\n|gametype|singles\n|player|p1|nikzeh|102|1000\n|player|p2|ndjeiog|265|1000\n|gen|9\n|tier|[Gen 9] Random Battle\n|rated|\n|rule|Species Clause: Limit one of each Pok\u00e9mon\n|rule|HP Percentage Mod: HP is shown in percentages\n|rule|Sleep Clause Mod: Limit one foe put to sleep\n|rule|Illusion Level Mod: Illusion disguises the Pok\u00e9mon's true level\n|\n|t:|1782827776\n|teamsize|p1|6\n|teamsize|p2|6\n|start\n|switch|p1a: Terrakion|Terrakion, L79|273/273\n|switch|p2a: Flutter Mane|Flutter Mane, L74|203/203\n|turn|1\n|\n|t:|1782827803\n|move|p2a: Flutter Mane|Moonblast|p1a: Terrakion\n|-supereffective|p1a: Terrakion\n|-damage|p1a: Terrakion|0 fnt\n|faint|p1a: Terrakion\n|-damage|p2a: Flutter Mane|183/203|[from] item: Life Orb\n|\n|upkeep\n|\n|t:|1782827815\n|switch|p1a: Golurk|Golurk, L87|297/297\n|turn|2\n|inactive|Battle timer is ON: inactive players will automatically lose when time's up. (requested by ndjeiog)\n|inactive|nikzeh has 120 seconds left.\n|inactive|nikzeh has 90 seconds left.\n|inactive|nikzeh has 60 seconds left.\n|inactive|nikzeh has 30 seconds left.\n|inactive|nikzeh has 20 seconds left.\n|inactive|nikzeh has 15 seconds left.\n|inactive|nikzeh has 10 seconds left.\n|\n|t:|1782828016\n|move|p2a: Flutter Mane|Shadow Ball|p1a: Golurk\n|-supereffective|p1a: Golurk\n|-damage|p1a: Golurk|53/297\n|-damage|p2a: Flutter Mane|163/203|[from] item: Life Orb\n|move|p1a: Golurk|Poltergeist|p2a: Flutter Mane\n|-activate|p2a: Flutter Mane|move: Poltergeist|Life Orb\n|-supereffective|p2a: Flutter Mane\n|-damage|p2a: Flutter Mane|0 fnt\n|faint|p2a: Flutter Mane\n|-end|p2a: Flutter Mane|Protosynthesis|[silent]\n|-damage|p1a: Golurk|24/297|[from] item: Life Orb\n|\n|upkeep\n|\n|t:|1782828031\n|switch|p2a: Flareon|Flareon, L90, F|263/263\n|turn|3\n|\n|t:|1782828043\n|move|p2a: Flareon|Trailblaze|p1a: Golurk\n|-supereffective|p1a: Golurk\n|-damage|p1a: Golurk|0 fnt\n|-boost|p2a: Flareon|spe|1\n|faint|p1a: Golurk\n|\n|-status|p2a: Flareon|tox|[from] item: Toxic Orb\n|upkeep\n|\n|t:|1782828051\n|switch|p1a: Cloyster|Cloyster, L80, M|211/211\n|turn|4\n|\n|t:|1782828058\n|move|p2a: Flareon|Will-O-Wisp|p1a: Cloyster\n|-status|p1a: Cloyster|brn\n|move|p1a: Cloyster|Hydro Pump|p2a: Flareon\n|-supereffective|p2a: Flareon\n|-damage|p2a: Flareon|111/263 tox\n|\n|-damage|p2a: Flareon|95/263 tox|[from] psn\n|-damage|p1a: Cloyster|198/211 brn|[from] brn\n|upkeep\n|turn|5\n|\n|t:|1782828073\n|move|p2a: Flareon|Flare Blitz|p1a: Cloyster\n|-damage|p1a: Cloyster|39/211 brn\n|-damage|p2a: Flareon|43/263 tox|[from] Recoil\n|move|p1a: Cloyster|Rock Blast|p2a: Flareon\n|-supereffective|p2a: Flareon\n|-crit|p2a: Flareon\n|-damage|p2a: Flareon|14/263 tox\n|-supereffective|p2a: Flareon\n|-damage|p2a: Flareon|0 fnt\n|faint|p2a: Flareon\n|-hitcount|p2: Flareon|2\n|\n|-damage|p1a: Cloyster|26/211 brn|[from] brn\n|upkeep\n|\n|t:|1782828083\n|switch|p2a: Cetitan|Cetitan, L82, F|413/413\n|turn|6\n|\n|t:|1782828094\n|move|p2a: Cetitan|Earthquake|p1a: Cloyster\n|-damage|p1a: Cloyster|0 fnt\n|faint|p1a: Cloyster\n|-damage|p2a: Cetitan|372/413|[from] item: Life Orb\n|\n|upkeep\n|\n|t:|1782828109\n|switch|p1a: Minun|Minun, L95, F|268/268\n|turn|7\n|\n|t:|1782828123\n|switch|p2a: Donphan|Donphan, L84, F|288/288\n|move|p1a: Minun|Alluring Voice|p2a: Donphan\n|-damage|p2a: Donphan|224/288\n|-damage|p1a: Minun|242/268|[from] item: Life Orb\n|\n|upkeep\n|turn|8\n|\n|t:|1782828132\n|move|p1a: Minun|Nasty Plot|p1a: Minun\n|-boost|p1a: Minun|spa|2\n|move|p2a: Donphan|Earthquake|p1a: Minun\n|-supereffective|p1a: Minun\n|-damage|p1a: Minun|0 fnt\n|faint|p1a: Minun\n|\n|upkeep\n|\n|t:|1782828138\n|switch|p1a: Whimsicott|Whimsicott, L84, M|238/238\n|turn|9\n|\n|t:|1782828145\n|move|p1a: Whimsicott|Giga Drain|p2a: Donphan\n|-supereffective|p2a: Donphan\n|-damage|p2a: Donphan|114/288\n|move|p2a: Donphan|Ice Spinner|p1a: Whimsicott\n|-supereffective|p1a: Whimsicott\n|-damage|p1a: Whimsicott|96/238\n|\n|-heal|p1a: Whimsicott|110/238|[from] item: Leftovers\n|upkeep\n|turn|10\n|\n|t:|1782828153\n|move|p1a: Whimsicott|Giga Drain|p2a: Donphan\n|-supereffective|p2a: Donphan\n|-damage|p2a: Donphan|0 fnt\n|-heal|p1a: Whimsicott|167/238|[from] drain|[of] p2a: Donphan\n|faint|p2a: Donphan\n|\n|-heal|p1a: Whimsicott|181/238|[from] item: Leftovers\n|upkeep\n|\n|t:|1782828156\n|switch|p2a: Cetitan|Cetitan, L82, F|372/413\n|turn|11\n|inactive|nikzeh has 90 seconds left.\n|\n|t:|1782828170\n|move|p1a: Whimsicott|Stun Spore|p2a: Cetitan|[miss]\n|-miss|p1a: Whimsicott|p2a: Cetitan\n|move|p2a: Cetitan|Icicle Crash|p1a: Whimsicott\n|-supereffective|p1a: Whimsicott\n|-damage|p1a: Whimsicott|0 fnt\n|faint|p1a: Whimsicott\n|\n|upkeep\n|inactive|nikzeh has 90 seconds left.\n|\n|t:|1782828178\n|switch|p1a: Latios|Latios, L78, M|253/253\n|turn|12\n|inactive|nikzeh has 90 seconds left.\n|\n|t:|1782828189\n|move|p1a: Latios|Draco Meteor|p2a: Cetitan\n|-damage|p2a: Cetitan|131/413\n|-unboost|p1a: Latios|spa|2\n|move|p2a: Cetitan|Icicle Crash|p1a: Latios\n|-supereffective|p1a: Latios\n|-damage|p1a: Latios|0 fnt\n|faint|p1a: Latios\n|\n|win|ndjeiog\n|raw|nikzeh's rating: 1000 &rarr; <strong>1000</strong><br />(+0 for losing)\n|raw|ndjeiog's rating: 1000 &rarr; <strong>1040</strong><br />(+40 for winning)\n", "inputlog": ">version f8ac14003a5f27e1bdc8d8c59608a773c1cb96e5\n>start {\"formatid\":\"gen9randombattle\",\"seed\":\"sodium,f739cca988d53741ae2a149388ab2826\",\"rated\":\"Rated battle\"}\n>player p1 {\"name\":\"nikzeh\",\"avatar\":\"102\",\"rating\":1000,\"seed\":\"sodium,ae51c85c0e5c36fec3cb77ef253d30cd\"}\n>player p2 {\"name\":\"ndjeiog\",\"avatar\":\"265\",\"rating\":1000,\"seed\":\"sodium,541e39c84ee16730797ae67fb4632bc2\"}\n>p1 move stoneedge\n>p2 move moonblast\n>p1 switch 5\n>p1 move poltergeist\n>p2 move shadowball\n>p2 switch 3\n>p1 move stoneedge\n>p2 move trailblaze\n>p1 switch 4\n>p1 move hydropump\n>p2 move willowisp\n>p1 move rockblast\n>p2 move flareblitz\n>p2 switch 5\n>p1 move shellsmash\n>p2 move earthquake\n>p1 switch 3\n>p1 move alluringvoice\n>p2 switch 6\n>p1 move nastyplot\n>p2 move earthquake\n>p1 switch 2\n>p1 move gigadrain\n>p2 move icespinner\n>p1 move gigadrain\n>p2 move icespinner\n>p2 switch 6\n>p1 move stunspore\n>p2 move iciclecrash\n>p1 switch 6\n>p1 move dracometeor\n>p2 move iciclecrash", "uploadtime": 1782828193, "views": 2, "formatid": "gen9randombattle", "rating": 1000, "private": 0, "password": null, "player_dets": [{"name": "nikzeh", "avatar": "102", "rating": 1000, "seed": "sodium,ae51c85c0e5c36fec3cb77ef253d30cd"}, {"name": "ndjeiog", "avatar": "265", "rating": 1000, "seed": "sodium,541e39c84ee16730797ae67fb4632bc2"}], "teams_full": [{"Terrakion": {"name": "Terrakion", "species": "Terrakion", "speciesId": "terrakion", "gender": "N", "shiny": false, "level": 79, "moves": ["closecombat", "stoneedge", "earthquake", "swordsdance"], "ability": "Justified", "evs": {"hp": 85, "atk": 85, "def": 85, "spa": 85, "spd": 85, "spe": 85}, "ivs": {"hp": 31, "atk": 31, "def": 31, "spa": 31, "spd": 31, "spe": 31}, "item": "Life Orb", "teraType": "Fighting", "role": "Setup Sweeper", "bvs": {"hp": 91, "atk": 129, "def": 90, "spa": 72, "spd": 90, "spe": 108}, "stats": {"hp": 273, "atk": 249, "def": 188, "spa": 159, "spd": 188, "spe": 216}, "types": ["Rock", "Fighting"]}, "Whimsicott": {"name": "Whimsicott", "species": "Whimsicott", "speciesId": "whimsicott", "gender": "M", "shiny": false, "level": 84, "moves": ["moonblast", "stunspore", "gigadrain", "encore"], "ability": "Prankster", "evs": {"hp": 85, "atk": 0, "def": 85, "spa": 85, "spd": 85, "spe": 85}, "ivs": {"hp": 31, "atk": 0, "def": 31, "spa": 31, "spd": 31, "spe": 31}, "item": "Leftovers", "teraType": "Poison", "role": "Fast Support", "bvs": {"hp": 60, "atk": 67, "def": 85, "spa": 77, "spd": 75, "spe": 116}, "stats": {"hp": 238, "atk": 117, "def": 191, "spa": 178, "spd": 174, "spe": 243}, "types": ["Grass", "Fairy"]}, "Minun": {"name": "Minun", "species": "Minun", "speciesId": "minun", "gender": "F", "shiny": false, "level": 95, "moves": ["grassknot", "alluringvoice", "thunderbolt", "nastyplot"], "ability": "Volt Absorb", "evs": {"hp": 85, "atk": 0, "def": 85, "spa": 85, "spd": 85, "spe": 85}, "ivs": {"hp": 31, "atk": 0, "def": 31, "spa": 31, "spd": 31, "spe": 31}, "item": "Life Orb", "teraType": "Fairy", "role": "Setup Sweeper", "bvs": {"hp": 60, "atk": 40, "def": 50, "spa": 75, "spd": 85, "spe": 95}, "stats": {"hp": 268, "atk": 81, "def": 149, "spa": 196, "spd": 215, "spe": 234}, "types": ["Electric"]}, "Cloyster": {"name": "Cloyster", "species": "Cloyster", "speciesId": "cloyster", "gender": "M", "shiny": false, "level": 80, "moves": ["rockblast", "iciclespear", "shellsmash", "hydropump"], "ability": "Skill Link", "evs": {"hp": 85, "atk": 85, "def": 85, "spa": 85, "spd": 85, "spe": 85}, "ivs": {"hp": 31, "atk": 31, "def": 31, "spa": 31, "spd": 31, "spe": 31}, "item": "White Herb", "teraType": "Ice", "role": "Setup Sweeper", "bvs": {"hp": 50, "atk": 95, "def": 180, "spa": 85, "spd": 45, "spe": 70}, "stats": {"hp": 211, "atk": 198, "def": 334, "spa": 182, "spd": 118, "spe": 158}, "types": ["Water", "Ice"]}, "Golurk": {"name": "Golurk", "species": "Golurk", "speciesId": "golurk", "gender": "N", "shiny": false, "level": 87, "moves": ["stoneedge", "poltergeist", "earthquake", "stealthrock"], "ability": "No Guard", "evs": {"hp": 85, "atk": 85, "def": 85, "spa": 85, "spd": 85, "spe": 85}, "ivs": {"hp": 31, "atk": 31, "def": 31, "spa": 31, "spd": 31, "spe": 31}, "item": "Life Orb", "teraType": "Ghost", "role": "Wallbreaker", "bvs": {"hp": 89, "atk": 124, "def": 80, "spa": 55, "spd": 80, "spe": 55}, "stats": {"hp": 297, "atk": 266, "def": 189, "spa": 145, "spd": 189, "spe": 145}, "types": ["Ground", "Ghost"]}, "Latios": {"name": "Latios", "species": "Latios", "speciesId": "latios", "gender": "M", "shiny": false, "level": 78, "moves": ["dracometeor", "recover", "psyshock", "calmmind"], "ability": "Levitate", "evs": {"hp": 85, "atk": 0, "def": 85, "spa": 85, "spd": 85, "spe": 85}, "ivs": {"hp": 31, "atk": 0, "def": 31, "spa": 31, "spd": 31, "spe": 31}, "item": "Soul Dew", "teraType": "Steel", "role": "Bulky Setup", "bvs": {"hp": 80, "atk": 90, "def": 80, "spa": 130, "spd": 110, "spe": 110}, "stats": {"hp": 253, "atk": 145, "def": 170, "spa": 248, "spd": 217, "spe": 217}, "types": ["Dragon", "Psychic"]}}, {"Flutter Mane": {"name": "Flutter Mane", "species": "Flutter Mane", "speciesId": "fluttermane", "gender": "N", "shiny": false, "level": 74, "moves": ["mysticalfire", "moonblast", "calmmind", "shadowball"], "ability": "Protosynthesis", "evs": {"hp": 85, "atk": 0, "def": 85, "spa": 85, "spd": 85, "spe": 85}, "ivs": {"hp": 31, "atk": 0, "def": 31, "spa": 31, "spd": 31, "spe": 31}, "item": "Life Orb", "teraType": "Fire", "role": "Setup Sweeper", "bvs": {"hp": 55, "atk": 55, "def": 55, "spa": 135, "spd": 135, "spe": 135}, "stats": {"hp": 203, "atk": 86, "def": 124, "spa": 243, "spd": 243, "spe": 243}, "types": ["Ghost", "Fairy"]}, "Heatran": {"name": "Heatran", "species": "Heatran", "speciesId": "heatran", "gender": "F", "shiny": false, "level": 79, "moves": ["heavyslam", "magmastorm", "earthpower", "stealthrock"], "ability": "Flash Fire", "evs": {"hp": 85, "atk": 85, "def": 85, "spa": 85, "spd": 85, "spe": 85}, "ivs": {"hp": 31, "atk": 31, "def": 31, "spa": 31, "spd": 31, "spe": 31}, "item": "Air Balloon", "teraType": "Grass", "role": "Bulky Support", "bvs": {"hp": 91, "atk": 90, "def": 106, "spa": 130, "spd": 106, "spe": 77}, "stats": {"hp": 273, "atk": 188, "def": 213, "spa": 251, "spd": 213, "spe": 167}, "types": ["Fire", "Steel"]}, "Flareon": {"name": "Flareon", "species": "Flareon", "speciesId": "flareon", "gender": "F", "shiny": false, "level": 90, "moves": ["trailblaze", "willowisp", "flareblitz", "facade"], "ability": "Guts", "evs": {"hp": 85, "atk": 85, "def": 85, "spa": 85, "spd": 85, "spe": 85}, "ivs": {"hp": 31, "atk": 31, "def": 31, "spa": 31, "spd": 31, "spe": 31}, "item": "Toxic Orb", "teraType": "Normal", "role": "Setup Sweeper", "bvs": {"hp": 65, "atk": 130, "def": 60, "spa": 95, "spd": 110, "spe": 65}, "stats": {"hp": 263, "atk": 285, "def": 159, "spa": 222, "spd": 249, "spe": 168}, "types": ["Fire"]}, "Oinkologne": {"name": "Oinkologne", "species": "Oinkologne", "speciesId": "oinkologne", "gender": "M", "shiny": false, "level": 92, "moves": ["highhorsepower", "lashout", "bodyslam", "curse"], "ability": "Thick Fat", "evs": {"hp": 85, "atk": 85, "def": 85, "spa": 85, "spd": 85, "spe": 85}, "ivs": {"hp": 31, "atk": 31, "def": 31, "spa": 31, "spd": 31, "spe": 31}, "item": "Leftovers", "teraType": "Ground", "role": "Bulky Setup", "bvs": {"hp": 110, "atk": 100, "def": 75, "spa": 59, "spd": 80, "spe": 65}, "stats": {"hp": 352, "atk": 236, "def": 190, "spa": 161, "spd": 200, "spe": 172}, "types": ["Normal"]}, "Cetitan": {"name": "Cetitan", "species": "Cetitan", "speciesId": "cetitan", "gender": "F", "shiny": false, "level": 82, "moves": ["iceshard", "liquidation", "iciclecrash", "earthquake"], "ability": "Sheer Force", "evs": {"hp": 85, "atk": 85, "def": 85, "spa": 85, "spd": 85, "spe": 85}, "ivs": {"hp": 31, "atk": 31, "def": 31, "spa": 31, "spd": 31, "spe": 31}, "item": "Life Orb", "teraType": "Water", "role": "Wallbreaker", "bvs": {"hp": 170, "atk": 113, "def": 65, "spa": 45, "spd": 55, "spe": 73}, "stats": {"hp": 413, "atk": 232, "def": 154, "spa": 121, "spd": 137, "spe": 167}, "types": ["Ice"]}, "Donphan": {"name": "Donphan", "species": "Donphan", "speciesId": "donphan", "gender": "F", "shiny": false, "level": 84, "moves": ["knockoff", "rapidspin", "icespinner", "earthquake"], "ability": "Sturdy", "evs": {"hp": 85, "atk": 85, "def": 85, "spa": 85, "spd": 85, "spe": 85}, "ivs": {"hp": 31, "atk": 31, "def": 31, "spa": 31, "spd": 31, "spe": 31}, "item": "Assault Vest", "teraType": "Dragon", "role": "Bulky Support", "bvs": {"hp": 90, "atk": 120, "def": 120, "spa": 60, "spd": 60, "spe": 50}, "stats": {"hp": 288, "atk": 250, "def": 250, "spa": 149, "spd": 149, "spe": 132}, "types": ["Ground"]}}]}