{"id": "gen9randombattle-2641097881", "format": "[Gen 9] Random Battle", "players": ["mildundleise", "smji"], "log": "|j|\u2606mildundleise\n|j|\u2606smji\n|t:|1782740073\n|gametype|singles\n|player|p1|mildundleise|rocketgrunt|2176\n|player|p2|smji|101|2182\n|gen|9\n|tier|[Gen 9] Random Battle\n|rated|\n|rule|Species Clause: Limit one of each Pok\u00e9mon\n|rule|HP Percentage Mod: HP is shown in percentages\n|rule|Sleep Clause Mod: Limit one foe put to sleep\n|rule|Illusion Level Mod: Illusion disguises the Pok\u00e9mon's true level\n|\n|t:|1782740073\n|teamsize|p1|6\n|teamsize|p2|6\n|start\n|switch|p1a: Pyroar|Pyroar, L88, M|295/295\n|switch|p2a: Brambleghast|Brambleghast, L88, F|240/240\n|-ability|p1a: Pyroar|Unnerve\n|turn|1\n|inactive|Battle timer is ON: inactive players will automatically lose when time's up. (requested by mildundleise)\n|\n|t:|1782740083\n|switch|p2a: Coalossal|Coalossal, L89, F|341/341\n|move|p1a: Pyroar|Will-O-Wisp|p2a: Coalossal\n|-immune|p2a: Coalossal\n|\n|upkeep\n|turn|2\n|\n|t:|1782740093\n|switch|p1a: Alomomola|Alomomola, L87, M|429/429\n|move|p2a: Coalossal|Stealth Rock|p1a: Alomomola\n|-sidestart|p1: mildundleise|move: Stealth Rock\n|\n|upkeep\n|turn|3\n|\n|t:|1782740099\n|switch|p2a: Brambleghast|Brambleghast, L88, F|240/240\n|move|p1a: Alomomola|Scald|p2a: Brambleghast\n|-resisted|p2a: Brambleghast\n|-damage|p2a: Brambleghast|213/240\n|-status|p2a: Brambleghast|brn\n|\n|-damage|p2a: Brambleghast|198/240 brn|[from] brn\n|upkeep\n|turn|4\n|\n|t:|1782740108\n|move|p2a: Brambleghast|Power Whip|p1a: Alomomola\n|-supereffective|p1a: Alomomola\n|-crit|p1a: Alomomola\n|-damage|p1a: Alomomola|165/429\n|-damage|p2a: Brambleghast|158/240 brn|[from] item: Rocky Helmet|[of] p1a: Alomomola\n|move|p1a: Alomomola|Flip Turn|p2a: Brambleghast\n|-resisted|p2a: Brambleghast\n|-damage|p2a: Brambleghast|125/240 brn\n|\n|t:|1782740122\n|switch|p1a: Klefki|Klefki, L84, F|233/233|[from] Flip Turn\n|-damage|p1a: Klefki|219/233|[from] Stealth Rock\n|\n|-heal|p1a: Klefki|233/233|[from] item: Leftovers\n|-damage|p2a: Brambleghast|110/240 brn|[from] brn\n|upkeep\n|turn|5\n|\n|t:|1782740130\n|move|p2a: Brambleghast|Strength Sap|p1a: Klefki\n|-unboost|p1a: Klefki|atk|1\n|-heal|p2a: Brambleghast|240/240 brn\n|move|p1a: Klefki|Foul Play|p2a: Brambleghast\n|-supereffective|p2a: Brambleghast\n|-damage|p2a: Brambleghast|50/240 brn\n|\n|-damage|p2a: Brambleghast|35/240 brn|[from] brn\n|upkeep\n|turn|6\n|\n|t:|1782740152\n|switch|p2a: Coalossal|Coalossal, L89, F|341/341\n|move|p1a: Klefki|Thunder Wave|p2a: Coalossal\n|-status|p2a: Coalossal|par\n|\n|upkeep\n|turn|7\n|\n|t:|1782740158\n|switch|p1a: Alomomola|Alomomola, L87, M|308/429\n|-damage|p1a: Alomomola|255/429|[from] Stealth Rock\n|cant|p2a: Coalossal|par\n|\n|upkeep\n|turn|8\n|\n|t:|1782740175\n|switch|p2a: Slaking|Slaking, L84, M|389/389\n|move|p1a: Alomomola|Wish|p1a: Alomomola\n|\n|upkeep\n|turn|9\n|\n|t:|1782740185\n|move|p1a: Alomomola|Protect|p1a: Alomomola\n|-singleturn|p1a: Alomomola|Protect\n|move|p2a: Slaking|Earthquake|p1a: Alomomola\n|-activate|p1a: Alomomola|move: Protect\n|\n|-heal|p1a: Alomomola|429/429|[from] move: Wish|[wisher] Alomomola\n|upkeep\n|turn|10\n|\n|t:|1782740198\n|switch|p2a: Cinccino|Cinccino, L83, M|260/260\n|move|p1a: Alomomola|Scald|p2a: Cinccino\n|-damage|p2a: Cinccino|193/260\n|\n|upkeep\n|turn|11\n|\n|t:|1782740207\n|move|p2a: Cinccino|Bullet Seed|p1a: Alomomola\n|-supereffective|p1a: Alomomola\n|-damage|p1a: Alomomola|371/429\n|-supereffective|p1a: Alomomola\n|-damage|p1a: Alomomola|321/429\n|-supereffective|p1a: Alomomola\n|-damage|p1a: Alomomola|265/429\n|-supereffective|p1a: Alomomola\n|-damage|p1a: Alomomola|205/429\n|-hitcount|p1a: Alomomola|4\n|move|p1a: Alomomola|Flip Turn|p2a: Cinccino\n|-damage|p2a: Cinccino|123/260\n|\n|t:|1782740222\n|switch|p1a: Klefki|Klefki, L84, F|233/233|[from] Flip Turn\n|-damage|p1a: Klefki|219/233|[from] Stealth Rock\n|\n|-heal|p1a: Klefki|233/233|[from] item: Leftovers\n|upkeep\n|turn|12\n|\n|t:|1782740231\n|move|p2a: Cinccino|Bullet Seed|p1a: Klefki\n|-resisted|p1a: Klefki\n|-damage|p1a: Klefki|219/233\n|-resisted|p1a: Klefki\n|-crit|p1a: Klefki\n|-damage|p1a: Klefki|199/233\n|-resisted|p1a: Klefki\n|-damage|p1a: Klefki|186/233\n|-resisted|p1a: Klefki\n|-damage|p1a: Klefki|174/233\n|-resisted|p1a: Klefki\n|-damage|p1a: Klefki|161/233\n|-hitcount|p1a: Klefki|5\n|move|p1a: Klefki|Dazzling Gleam|p2a: Cinccino\n|-damage|p2a: Cinccino|30/260\n|\n|-heal|p1a: Klefki|175/233|[from] item: Leftovers\n|upkeep\n|turn|13\n|\n|t:|1782740245\n|switch|p2a: Coalossal|Coalossal, L89, F|341/341 par\n|move|p1a: Klefki|Thunder Wave|p2a: Coalossal\n|-fail|p2a: Coalossal|par\n|\n|-heal|p1a: Klefki|189/233|[from] item: Leftovers\n|upkeep\n|turn|14\n|\n|t:|1782740253\n|switch|p1a: Alomomola|Alomomola, L87, M|348/429\n|-damage|p1a: Alomomola|295/429|[from] Stealth Rock\n|move|p2a: Coalossal|Spikes|p1a: Alomomola\n|-sidestart|p1: mildundleise|Spikes\n|\n|upkeep\n|turn|15\n|\n|t:|1782740264\n|switch|p2a: Cinccino|Cinccino, L83, M|30/260\n|move|p1a: Alomomola|Wish|p1a: Alomomola\n|\n|upkeep\n|turn|16\n|\n|t:|1782740278\n|-terastallize|p2a: Cinccino|Grass\n|move|p1a: Alomomola|Protect|p1a: Alomomola\n|-singleturn|p1a: Alomomola|Protect\n|move|p2a: Cinccino|Bullet Seed|p1a: Alomomola\n|-activate|p1a: Alomomola|move: Protect\n|\n|-heal|p1a: Alomomola|429/429|[from] move: Wish|[wisher] Alomomola\n|upkeep\n|turn|17\n|\n|t:|1782740287\n|switch|p1a: Klefki|Klefki, L84, F|189/233\n|-damage|p1a: Klefki|175/233|[from] Stealth Rock\n|-damage|p1a: Klefki|146/233|[from] Spikes\n|move|p2a: Cinccino|Tail Slap|p1a: Klefki\n|-resisted|p1a: Klefki\n|-damage|p1a: Klefki|128/233\n|-resisted|p1a: Klefki\n|-damage|p1a: Klefki|109/233\n|-resisted|p1a: Klefki\n|-damage|p1a: Klefki|89/233\n|-resisted|p1a: Klefki\n|-damage|p1a: Klefki|70/233\n|-resisted|p1a: Klefki\n|-damage|p1a: Klefki|50/233\n|-hitcount|p1a: Klefki|5\n|\n|-heal|p1a: Klefki|64/233|[from] item: Leftovers\n|upkeep\n|turn|18\n|\n|t:|1782740303\n|switch|p2a: Coalossal|Coalossal, L89, F|341/341 par\n|move|p1a: Klefki|Thunder Wave|p2a: Coalossal\n|-fail|p2a: Coalossal|par\n|\n|-heal|p1a: Klefki|78/233|[from] item: Leftovers\n|upkeep\n|turn|19\n|\n|t:|1782740311\n|move|p1a: Klefki|Spikes|p2a: Coalossal\n|-sidestart|p2: smji|Spikes\n|move|p2a: Coalossal|Spikes|p1a: Klefki\n|-sidestart|p1: mildundleise|Spikes\n|\n|-heal|p1a: Klefki|92/233|[from] item: Leftovers\n|upkeep\n|turn|20\n|\n|t:|1782740328\n|move|p1a: Klefki|Spikes|p2a: Coalossal\n|-sidestart|p2: smji|Spikes\n|cant|p2a: Coalossal|par\n|\n|-heal|p1a: Klefki|106/233|[from] item: Leftovers\n|upkeep\n|turn|21\n|\n|t:|1782740335\n|switch|p1a: Alomomola|Alomomola, L87, M|429/429\n|-damage|p1a: Alomomola|376/429|[from] Stealth Rock\n|-damage|p1a: Alomomola|305/429|[from] Spikes\n|move|p2a: Coalossal|Overheat|p1a: Alomomola\n|-resisted|p1a: Alomomola\n|-damage|p1a: Alomomola|200/429\n|-unboost|p2a: Coalossal|spa|2\n|\n|upkeep\n|turn|22\n|inactive|smji has 120 seconds left.\n|\n|t:|1782740393\n|switch|p2a: Blaziken|Blaziken, L76, F|247/247\n|-damage|p2a: Blaziken|206/247|[from] Spikes\n|move|p1a: Alomomola|Scald|p2a: Blaziken\n|-supereffective|p2a: Blaziken\n|-damage|p2a: Blaziken|78/247\n|\n|upkeep\n|turn|23\n|\n|t:|1782740405\n|switch|p1a: Basculegion|Basculegion, L80, M|323/323\n|-damage|p1a: Basculegion|283/323|[from] Stealth Rock\n|-damage|p1a: Basculegion|230/323|[from] Spikes\n|move|p2a: Blaziken|Close Combat|p1a: Basculegion\n|-immune|p1a: Basculegion\n|\n|-ability|p2a: Blaziken|Speed Boost|boost\n|-boost|p2a: Blaziken|spe|1\n|upkeep\n|turn|24\n|\n|t:|1782740417\n|move|p1a: Basculegion|Aqua Jet|p2a: Blaziken\n|-supereffective|p2a: Blaziken\n|-damage|p2a: Blaziken|0 fnt\n|faint|p2a: Blaziken\n|\n|upkeep\n|inactive|smji has 90 seconds left.\n|\n|t:|1782740438\n|switch|p2a: Salamence|Salamence, L77, F|273/273\n|turn|25\n|\n|t:|1782740442\n|move|p2a: Salamence|Earthquake|p1a: Basculegion\n|-damage|p1a: Basculegion|129/323\n|move|p1a: Basculegion|Flip Turn|p2a: Salamence\n|-resisted|p2a: Salamence\n|-damage|p2a: Salamence|221/273\n|\n|t:|1782740450\n|switch|p1a: Miraidon|Miraidon, L65|238/238|[from] Flip Turn\n|-damage|p1a: Miraidon|209/238|[from] Stealth Rock\n|-damage|p1a: Miraidon|170/238|[from] Spikes\n|-fieldstart|move: Electric Terrain|[from] ability: Hadron Engine|[of] p1a: Miraidon\n|\n|upkeep\n|turn|26\n|\n|t:|1782740458\n|switch|p2a: Cinccino|Cinccino, L83, M, tera:Grass|30/260\n|-damage|p2a: Cinccino|0 fnt|[from] Spikes\n|faint|p2a: Cinccino\n|move|p1a: Miraidon|Draco Meteor|p2: Cinccino|[notarget]\n|-fail|p1a: Miraidon\n|\n|upkeep\n|\n|t:|1782740470\n|switch|p2a: Slaking|Slaking, L84, M|389/389\n|-damage|p2a: Slaking|325/389|[from] Spikes\n|turn|27\n|\n|t:|1782740479\n|switch|p1a: Basculegion|Basculegion, L80, M|129/323\n|-damage|p1a: Basculegion|89/323|[from] Stealth Rock\n|-damage|p1a: Basculegion|36/323|[from] Spikes\n|move|p2a: Slaking|Knock Off|p1a: Basculegion\n|-supereffective|p1a: Basculegion\n|-damage|p1a: Basculegion|0 fnt\n|-enditem|p1a: Basculegion|Assault Vest|[from] move: Knock Off|[of] p2a: Slaking\n|faint|p1a: Basculegion\n|\n|upkeep\n|\n|t:|1782740488\n|switch|p1a: Alomomola|Alomomola, L87, M|343/429\n|-damage|p1a: Alomomola|290/429|[from] Stealth Rock\n|-damage|p1a: Alomomola|219/429|[from] Spikes\n|turn|28\n|\n|t:|1782740495\n|cant|p2a: Slaking|ability: Truant\n|move|p1a: Alomomola|Scald|p2a: Slaking\n|-damage|p2a: Slaking|262/389\n|-status|p2a: Slaking|brn\n|\n|-damage|p2a: Slaking|238/389 brn|[from] brn\n|upkeep\n|turn|29\n|inactive|smji has 120 seconds left.\n|c|\u2606smji|its insane how you drill it every time\n|c|\u2606smji|burn burn para para\n|c|\u2606mildundleise|i didn't get it every time but okay\n|inactive|smji has 90 seconds left.\n|c|\u2606smji|yeah fair you used literally one scald\n|c|\u2606smji|that did not burn\n|c|\u2606smji|refuted\n|\n|t:|1782740555\n|move|p1a: Alomomola|Protect|p1a: Alomomola\n|-singleturn|p1a: Alomomola|Protect\n|move|p2a: Slaking|Knock Off|p1a: Alomomola\n|-activate|p1a: Alomomola|move: Protect\n|\n|-damage|p2a: Slaking|214/389 brn|[from] brn\n|-fieldend|move: Electric Terrain\n|upkeep\n|turn|30\n|\n|t:|1782740573\n|cant|p2a: Slaking|ability: Truant\n|move|p1a: Alomomola|Wish|p1a: Alomomola\n|\n|-damage|p2a: Slaking|190/389 brn|[from] brn\n|upkeep\n|turn|31\n|c|\u2606mildundleise|ah my heavy rng game is rng'ing\n|\n|t:|1782740579\n|move|p1a: Alomomola|Protect|p1a: Alomomola\n|-singleturn|p1a: Alomomola|Protect\n|move|p2a: Slaking|Knock Off|p1a: Alomomola\n|-activate|p1a: Alomomola|move: Protect\n|\n|-heal|p1a: Alomomola|429/429|[from] move: Wish|[wisher] Alomomola\n|-damage|p2a: Slaking|166/389 brn|[from] brn\n|upkeep\n|turn|32\n|\n|t:|1782740589\n|switch|p2a: Brambleghast|Brambleghast, L88, F|35/240 brn\n|move|p1a: Alomomola|Scald|p2a: Brambleghast\n|-resisted|p2a: Brambleghast\n|-damage|p2a: Brambleghast|10/240 brn\n|\n|-damage|p2a: Brambleghast|0 fnt|[from] brn\n|faint|p2a: Brambleghast\n|upkeep\n|\n|t:|1782740592\n|switch|p2a: Salamence|Salamence, L77, F|221/273\n|turn|33\n|\n|t:|1782740601\n|move|p2a: Salamence|Dragon Dance|p2a: Salamence\n|-boost|p2a: Salamence|atk|1\n|-boost|p2a: Salamence|spe|1\n|move|p1a: Alomomola|Flip Turn|p2a: Salamence\n|-resisted|p2a: Salamence\n|-damage|p2a: Salamence|188/273\n|\n|t:|1782740608\n|switch|p1a: Klefki|Klefki, L84, F|106/233|[from] Flip Turn\n|-damage|p1a: Klefki|92/233|[from] Stealth Rock\n|-damage|p1a: Klefki|54/233|[from] Spikes\n|\n|-heal|p1a: Klefki|68/233|[from] item: Leftovers\n|upkeep\n|turn|34\n|\n|t:|1782740618\n|move|p1a: Klefki|Thunder Wave|p2a: Salamence|[miss]\n|-miss|p1a: Klefki|p2a: Salamence\n|move|p2a: Salamence|Dragon Dance|p2a: Salamence\n|-boost|p2a: Salamence|atk|1\n|-boost|p2a: Salamence|spe|1\n|\n|-heal|p1a: Klefki|82/233|[from] item: Leftovers\n|upkeep\n|turn|35\n|\n|t:|1782740627\n|move|p1a: Klefki|Thunder Wave|p2a: Salamence\n|-status|p2a: Salamence|par\n|move|p2a: Salamence|Earthquake|p1a: Klefki\n|-supereffective|p1a: Klefki\n|-damage|p1a: Klefki|0 fnt\n|faint|p1a: Klefki\n|-ability|p2a: Salamence|Moxie|boost\n|-boost|p2a: Salamence|atk|1\n|\n|upkeep\n|\n|t:|1782740644\n|switch|p1a: Sandaconda|Sandaconda, L84, F|258/258\n|-damage|p1a: Sandaconda|242/258|[from] Stealth Rock\n|-damage|p1a: Sandaconda|199/258|[from] Spikes\n|turn|36\n|inactive|smji has 120 seconds left.\n|inactive|smji has 90 seconds left.\n|\n|t:|1782740690\n|cant|p2a: Salamence|par\n|move|p1a: Sandaconda|Scale Shot|p2a: Salamence\n|-supereffective|p2a: Salamence\n|-damage|p2a: Salamence|144/273 par\n|-supereffective|p2a: Salamence\n|-damage|p2a: Salamence|102/273 par\n|-supereffective|p2a: Salamence\n|-damage|p2a: Salamence|52/273 par\n|-supereffective|p2a: Salamence\n|-damage|p2a: Salamence|4/273 par\n|-hitcount|p2a: Salamence|4\n|-unboost|p1a: Sandaconda|def|1\n|-boost|p1a: Sandaconda|spe|1\n|\n|upkeep\n|turn|37\n|c|\u2606smji|that's about right\n|-message|smji forfeited.\n|\n|win|mildundleise\n", "inputlog": ">version f8ac14003a5f27e1bdc8d8c59608a773c1cb96e5\n>start {\"formatid\":\"gen9randombattle\",\"seed\":\"sodium,97c7edafac77a16195f98dec609553e1\",\"rated\":\"Rated battle\"}\n>player p1 {\"name\":\"mildundleise\",\"avatar\":\"rocketgrunt\",\"rating\":2176,\"seed\":\"sodium,a78995d8149a719850167de5dedfadc5\"}\n>player p2 {\"name\":\"smji\",\"avatar\":\"101\",\"rating\":2182,\"seed\":\"sodium,0479f28e60d5169de11ba969b4bfe006\"}\n>p1 move willowisp\n>p2 switch 3\n>p1 switch 3\n>p2 move stealthrock\n>p1 move scald\n>p2 switch 3\n>p1 move flipturn\n>p2 move powerwhip\n>p1 switch 2\n>p1 move foulplay\n>p2 move strengthsap\n>p1 move thunderwave\n>p2 switch 3\n>p1 switch 2\n>p2 move spikes\n>p1 move wish\n>p2 switch 4\n>p1 move protect\n>p2 move earthquake\n>p1 move scald\n>p2 switch 2\n>p1 move flipturn\n>p2 move bulletseed\n>p1 switch 2\n>p1 move dazzlinggleam\n>p2 move bulletseed\n>p1 move thunderwave\n>p2 switch 4\n>p1 switch 2\n>p2 move spikes\n>p1 move wish\n>p2 switch 4\n>p1 move protect\n>p2 move bulletseed terastallize\n>p1 switch 2\n>p2 move tailslap\n>p1 move thunderwave\n>p2 switch 4\n>p1 move spikes\n>p2 move spikes\n>p1 move spikes\n>p2 move spikes\n>p1 switch 2\n>p2 move overheat\n>p1 move scald\n>p2 switch 5\n>p1 switch 4\n>p2 move closecombat\n>p1 move aquajet\n>p2 move knockoff\n>p2 switch 6\n>p1 move flipturn\n>p2 move earthquake\n>p1 switch 5\n>p1 move dracometeor\n>p2 switch 4\n>p2 switch 2\n>p1 switch 5\n>p2 move knockoff\n>p1 switch 4\n>p1 move scald\n>p2 move knockoff\n>chat \u2606smji|its insane how you drill it every time\n>chat \u2606smji|burn burn para para\n>chat \u2606mildundleise|i didn't get it every time but okay\n>chat \u2606smji|yeah fair you used literally one scald\n>chat \u2606smji|that did not burn\n>chat \u2606smji|refuted\n>p1 move protect\n>p2 move knockoff\n>p1 move wish\n>p2 move knockoff\n>chat \u2606mildundleise|ah my heavy rng game is rng'ing\n>p1 move protect\n>p2 move knockoff\n>p1 move scald\n>p2 switch 3\n>p2 switch 4\n>p1 move flipturn\n>p2 move dragondance\n>p1 switch 2\n>p1 move thunderwave\n>p2 move dragondance\n>p1 move thunderwave\n>p2 move earthquake\n>p1 switch 6\n>p1 move scaleshot\n>p2 move dragondance\n>chat \u2606smji|that's about right\n>forcelose p2", "uploadtime": 1782740075, "views": 4, "formatid": "gen9randombattle", "rating": null, "private": 0, "password": null, "player_dets": [{"name": "mildundleise", "avatar": "rocketgrunt", "rating": 2176, "seed": "sodium,a78995d8149a719850167de5dedfadc5"}, {"name": "smji", "avatar": "101", "rating": 2182, "seed": "sodium,0479f28e60d5169de11ba969b4bfe006"}], "teams_full": [{"Pyroar": {"name": "Pyroar", "species": "Pyroar", "speciesId": "pyroar", "gender": "M", "shiny": false, "level": 88, "moves": ["fireblast", "hypervoice", "willowisp", "workup"], "ability": "Unnerve", "evs": {"hp": 85, "atk": 0, "def": 85, "spa": 85, "spd": 85, "spe": 85}, "ivs": {"hp": 31, "atk": 0, "def": 31, "spa": 31, "spd": 31, "spe": 31}, "item": "Heavy-Duty Boots", "teraType": "Fire", "role": "Fast Attacker", "bvs": {"hp": 86, "atk": 68, "def": 72, "spa": 109, "spd": 66, "spe": 106}, "stats": {"hp": 295, "atk": 124, "def": 177, "spa": 242, "spd": 166, "spe": 237}, "types": ["Fire", "Normal"]}, "Klefki": {"name": "Klefki", "species": "Klefki", "speciesId": "klefki", "gender": "F", "shiny": false, "level": 84, "moves": ["thunderwave", "spikes", "dazzlinggleam", "foulplay"], "ability": "Prankster", "evs": {"hp": 85, "atk": 0, "def": 85, "spa": 85, "spd": 85, "spe": 85}, "ivs": {"hp": 31, "atk": 0, "def": 31, "spa": 31, "spd": 31, "spe": 31}, "item": "Leftovers", "teraType": "Water", "role": "Bulky Attacker", "bvs": {"hp": 57, "atk": 80, "def": 91, "spa": 80, "spd": 87, "spe": 75}, "stats": {"hp": 233, "atk": 139, "def": 201, "spa": 183, "spd": 194, "spe": 174}, "types": ["Steel", "Fairy"]}, "Alomomola": {"name": "Alomomola", "species": "Alomomola", "speciesId": "alomomola", "gender": "M", "shiny": false, "level": 87, "moves": ["scald", "protect", "wish", "flipturn"], "ability": "Regenerator", "evs": {"hp": 85, "atk": 85, "def": 85, "spa": 85, "spd": 85, "spe": 85}, "ivs": {"hp": 31, "atk": 31, "def": 31, "spa": 31, "spd": 31, "spe": 31}, "item": "Rocky Helmet", "teraType": "Steel", "role": "Bulky Support", "bvs": {"hp": 165, "atk": 75, "def": 80, "spa": 40, "spd": 45, "spe": 65}, "stats": {"hp": 429, "atk": 180, "def": 189, "spa": 119, "spd": 128, "spe": 163}, "types": ["Water"]}, "Basculegion": {"name": "Basculegion", "species": "Basculegion", "speciesId": "basculegion", "gender": "M", "shiny": false, "level": 80, "moves": ["flipturn", "wavecrash", "shadowball", "aquajet"], "ability": "Adaptability", "evs": {"hp": 85, "atk": 85, "def": 85, "spa": 85, "spd": 85, "spe": 85}, "ivs": {"hp": 31, "atk": 31, "def": 31, "spa": 31, "spd": 31, "spe": 31}, "item": "Assault Vest", "teraType": "Water", "role": "AV Pivot", "bvs": {"hp": 120, "atk": 112, "def": 65, "spa": 80, "spd": 75, "spe": 78}, "stats": {"hp": 323, "atk": 225, "def": 150, "spa": 174, "spd": 166, "spe": 171}, "types": ["Water", "Ghost"]}, "Miraidon": {"name": "Miraidon", "species": "Miraidon", "speciesId": "miraidon", "gender": "N", "shiny": false, "level": 65, "moves": ["dragonpulse", "electrodrift", "dracometeor", "calmmind"], "ability": "Hadron Engine", "evs": {"hp": 85, "atk": 0, "def": 85, "spa": 85, "spd": 85, "spe": 85}, "ivs": {"hp": 31, "atk": 0, "def": 31, "spa": 31, "spd": 31, "spe": 31}, "item": "Life Orb", "teraType": "Electric", "role": "Setup Sweeper", "bvs": {"hp": 100, "atk": 85, "def": 100, "spa": 135, "spd": 115, "spe": 135}, "stats": {"hp": 238, "atk": 115, "def": 168, "spa": 214, "spd": 188, "spe": 214}, "types": ["Electric", "Dragon"]}, "Sandaconda": {"name": "Sandaconda", "species": "Sandaconda", "speciesId": "sandaconda", "gender": "F", "shiny": false, "level": 84, "moves": ["rockblast", "coil", "scaleshot", "earthquake"], "ability": "Shed Skin", "evs": {"hp": 85, "atk": 85, "def": 85, "spa": 85, "spd": 85, "spe": 85}, "ivs": {"hp": 31, "atk": 31, "def": 31, "spa": 31, "spd": 31, "spe": 31}, "item": "Loaded Dice", "teraType": "Dragon", "role": "Fast Bulky Setup", "bvs": {"hp": 72, "atk": 107, "def": 125, "spa": 65, "spd": 70, "spe": 71}, "stats": {"hp": 258, "atk": 228, "def": 258, "spa": 157, "spd": 166, "spe": 167}, "types": ["Ground"]}}, {"Brambleghast": {"name": "Brambleghast", "species": "Brambleghast", "speciesId": "brambleghast", "gender": "F", "shiny": false, "level": 88, "moves": ["powerwhip", "rapidspin", "strengthsap", "poltergeist"], "ability": "Wind Rider", "evs": {"hp": 85, "atk": 85, "def": 85, "spa": 85, "spd": 85, "spe": 85}, "ivs": {"hp": 31, "atk": 31, "def": 31, "spa": 31, "spd": 31, "spe": 31}, "item": "Heavy-Duty Boots", "teraType": "Fairy", "role": "Fast Support", "bvs": {"hp": 55, "atk": 115, "def": 70, "spa": 80, "spd": 70, "spe": 90}, "stats": {"hp": 240, "atk": 253, "def": 173, "spa": 191, "spd": 173, "spe": 209}, "types": ["Grass", "Ghost"]}, "Cinccino": {"name": "Cinccino", "species": "Cinccino", "speciesId": "cinccino", "gender": "M", "shiny": false, "level": 83, "moves": ["bulletseed", "tailslap", "tripleaxel", "tidyup"], "ability": "Technician", "evs": {"hp": 85, "atk": 85, "def": 85, "spa": 85, "spd": 85, "spe": 85}, "ivs": {"hp": 31, "atk": 31, "def": 31, "spa": 31, "spd": 31, "spe": 31}, "item": "Loaded Dice", "teraType": "Grass", "role": "Fast Attacker", "bvs": {"hp": 75, "atk": 95, "def": 60, "spa": 65, "spd": 60, "spe": 115}, "stats": {"hp": 260, "atk": 205, "def": 147, "spa": 156, "spd": 147, "spe": 239}, "types": ["Normal"]}, "Coalossal": {"name": "Coalossal", "species": "Coalossal", "speciesId": "coalossal", "gender": "F", "shiny": false, "level": 89, "moves": ["overheat", "stealthrock", "stoneedge", "spikes"], "ability": "Flame Body", "evs": {"hp": 85, "atk": 85, "def": 85, "spa": 85, "spd": 85, "spe": 85}, "ivs": {"hp": 31, "atk": 31, "def": 31, "spa": 31, "spd": 31, "spe": 31}, "item": "Heavy-Duty Boots", "teraType": "Ghost", "role": "Bulky Support", "bvs": {"hp": 110, "atk": 80, "def": 120, "spa": 80, "spd": 90, "spe": 30}, "stats": {"hp": 341, "atk": 193, "def": 264, "spa": 193, "spd": 211, "spe": 104}, "types": ["Rock", "Fire"]}, "Slaking": {"name": "Slaking", "species": "Slaking", "speciesId": "slaking", "gender": "M", "shiny": false, "level": 84, "moves": ["earthquake", "knockoff", "doubleedge", "gigaimpact"], "ability": "Truant", "evs": {"hp": 85, "atk": 85, "def": 85, "spa": 85, "spd": 85, "spe": 85}, "ivs": {"hp": 31, "atk": 31, "def": 31, "spa": 31, "spd": 31, "spe": 31}, "item": "Choice Band", "teraType": "Ghost", "role": "Wallbreaker", "bvs": {"hp": 150, "atk": 160, "def": 100, "spa": 95, "spd": 65, "spe": 100}, "stats": {"hp": 389, "atk": 317, "def": 216, "spa": 208, "spd": 157, "spe": 216}, "types": ["Normal"]}, "Blaziken": {"name": "Blaziken", "species": "Blaziken", "speciesId": "blaziken", "gender": "F", "shiny": false, "level": 76, "moves": ["swordsdance", "knockoff", "flareblitz", "closecombat"], "ability": "Speed Boost", "evs": {"hp": 85, "atk": 85, "def": 85, "spa": 85, "spd": 85, "spe": 85}, "ivs": {"hp": 31, "atk": 31, "def": 31, "spa": 31, "spd": 31, "spe": 31}, "item": "Life Orb", "teraType": "Dark", "role": "Setup Sweeper", "bvs": {"hp": 80, "atk": 120, "def": 70, "spa": 110, "spd": 70, "spe": 80}, "stats": {"hp": 247, "atk": 226, "def": 150, "spa": 211, "spd": 150, "spe": 166}, "types": ["Fire", "Fighting"]}, "Salamence": {"name": "Salamence", "species": "Salamence", "speciesId": "salamence", "gender": "F", "shiny": false, "level": 77, "moves": ["dualwingbeat", "outrage", "dragondance", "earthquake"], "ability": "Moxie", "evs": {"hp": 85, "atk": 85, "def": 85, "spa": 85, "spd": 85, "spe": 85}, "ivs": {"hp": 31, "atk": 31, "def": 31, "spa": 31, "spd": 31, "spe": 31}, "item": "Heavy-Duty Boots", "teraType": "Dragon", "role": "Setup Sweeper", "bvs": {"hp": 95, "atk": 135, "def": 80, "spa": 110, "spd": 80, "spe": 100}, "stats": {"hp": 273, "atk": 252, "def": 168, "spa": 214, "spd": 168, "spe": 199}, "types": ["Dragon", "Flying"]}}]}