{"id": "gen9randombattle-2641445479", "format": "[Gen 9] Random Battle", "players": ["dubdubbydubdub", "AmYisraelChaiLatte"], "log": "|badge|p2|bronze|gen9randombattle|100-9\n|html|<div class=\"broadcast-red\"><strong>This battle is required to be public due to one or more player having a season medal.</strong><br />During the public phase, you can discuss the state of the ladder <a href=\"/seasondiscussion\">in a special chatroom.</a></div>\n|uhtml|medal-msg|<div class=\"broadcast-blue\">Curious what those medals under the avatar are? PS now has Ladder Seasons! For more information, check out the <a href=\"https://www.smogon.com/forums/threads/3740067/\">thread on Smogon.</a></div>\n|raw|<div class=\"broadcast-blue\"><strong>This battle is required to be public due to a player having a name starting with 'medal'.</div>\n|j|\u2606dubdubbydubdub\n|j|\u2606AmYisraelChaiLatte\n|t:|1782785889\n|gametype|singles\n|player|p1|dubdubbydubdub|265|2236\n|player|p2|AmYisraelChaiLatte|169|2376\n|gen|9\n|tier|[Gen 9] Random Battle\n|rated|\n|rule|Species Clause: Limit one of each Pok\u00e9mon\n|rule|HP Percentage Mod: HP is shown in percentages\n|rule|Sleep Clause Mod: Limit one foe put to sleep\n|rule|Illusion Level Mod: Illusion disguises the Pok\u00e9mon's true level\n|\n|t:|1782785889\n|teamsize|p1|6\n|teamsize|p2|6\n|start\n|switch|p1a: Scizor|Scizor, L79, F|240/240\n|switch|p2a: Quaquaval|Quaquaval, L79, M|264/264\n|turn|1\n|inactive|Battle timer is ON: inactive players will automatically lose when time's up. (requested by dubdubbydubdub)\n|\n|t:|1782785911\n|move|p2a: Quaquaval|Close Combat|p1a: Scizor\n|-damage|p1a: Scizor|116/240\n|-unboost|p2a: Quaquaval|def|1\n|-unboost|p2a: Quaquaval|spd|1\n|move|p1a: Scizor|U-turn|p2a: Quaquaval\n|-resisted|p2a: Quaquaval\n|-damage|p2a: Quaquaval|152/264\n|\n|t:|1782785932\n|switch|p1a: Dodrio|Dodrio, L85, F|241/241|[from] U-turn\n|\n|-heal|p2a: Quaquaval|168/264|[from] item: Leftovers\n|upkeep\n|turn|2\n|\n|t:|1782785942\n|switch|p2a: Grimmsnarl|Grimmsnarl, L83, M|293/293\n|move|p1a: Dodrio|Brave Bird|p2a: Grimmsnarl\n|-damage|p2a: Grimmsnarl|95/293\n|-damage|p1a: Dodrio|176/241|[from] Recoil\n|\n|upkeep\n|turn|3\n|\n|t:|1782785951\n|switch|p1a: Scizor|Scizor, L79, F|116/240\n|move|p2a: Grimmsnarl|Reflect|p2a: Grimmsnarl\n|-sidestart|p2: AmYisraelChaiLatte|Reflect\n|\n|upkeep\n|turn|4\n|\n|t:|1782785957\n|switch|p2a: Camerupt|Camerupt, L91, M|275/275\n|move|p1a: Scizor|Bullet Punch|p2a: Camerupt\n|-resisted|p2a: Camerupt\n|-damage|p2a: Camerupt|247/275\n|\n|-heal|p2a: Camerupt|264/275|[from] item: Leftovers\n|upkeep\n|turn|5\n|\n|t:|1782785967\n|switch|p1a: Lapras|Lapras, L87, F|367/367\n|move|p2a: Camerupt|Stealth Rock|p1a: Lapras\n|-sidestart|p1: dubdubbydubdub|move: Stealth Rock\n|\n|-heal|p2a: Camerupt|275/275|[from] item: Leftovers\n|upkeep\n|turn|6\n|\n|t:|1782785974\n|switch|p2a: Dunsparce|Dunsparce, L86, M|312/312\n|move|p1a: Lapras|Sparkling Aria|p2a: Dunsparce\n|-damage|p2a: Dunsparce|201/312\n|\n|upkeep\n|turn|7\n|\n|t:|1782785991\n|move|p1a: Lapras|Sparkling Aria|p2a: Dunsparce\n|-damage|p2a: Dunsparce|90/312\n|move|p2a: Dunsparce|Body Slam|p1a: Lapras\n|-damage|p1a: Lapras|286/367\n|-status|p1a: Lapras|par\n|\n|upkeep\n|turn|8\n|\n|t:|1782786000\n|switch|p1a: Golduck|Golduck, L90, M|290/290\n|-damage|p1a: Golduck|254/290|[from] Stealth Rock\n|-ability|p1a: Golduck|Cloud Nine\n|move|p2a: Dunsparce|Roost|p2a: Dunsparce\n|-heal|p2a: Dunsparce|246/312\n|-singleturn|p2a: Dunsparce|move: Roost\n|\n|-heal|p1a: Golduck|272/290|[from] item: Leftovers\n|upkeep\n|turn|9\n|\n|t:|1782786014\n|switch|p2a: Grimmsnarl|Grimmsnarl, L83, M|95/293\n|move|p1a: Golduck|Nasty Plot|p1a: Golduck\n|-boost|p1a: Golduck|spa|2\n|\n|-heal|p1a: Golduck|290/290|[from] item: Leftovers\n|upkeep\n|turn|10\n|\n|t:|1782786028\n|move|p2a: Grimmsnarl|Light Screen|p2a: Grimmsnarl\n|-sidestart|p2: AmYisraelChaiLatte|move: Light Screen\n|move|p1a: Golduck|Ice Beam|p2a: Grimmsnarl\n|-damage|p2a: Grimmsnarl|14/293\n|\n|-sideend|p2: AmYisraelChaiLatte|Reflect\n|upkeep\n|turn|11\n|\n|t:|1782786044\n|move|p2a: Grimmsnarl|Parting Shot|p1a: Golduck\n|-unboost|p1a: Golduck|atk|1\n|-unboost|p1a: Golduck|spa|1\n|\n|t:|1782786047\n|switch|p2a: Dunsparce|Dunsparce, L86, M|246/312|[from] Parting Shot\n|move|p1a: Golduck|Nasty Plot|p1a: Golduck\n|-boost|p1a: Golduck|spa|2\n|\n|upkeep\n|turn|12\n|\n|t:|1782786054\n|move|p1a: Golduck|Hydro Pump|p2a: Dunsparce|[miss]\n|-miss|p1a: Golduck|p2a: Dunsparce\n|move|p2a: Dunsparce|Body Slam|p1a: Golduck\n|-damage|p1a: Golduck|208/290\n|-status|p1a: Golduck|par\n|\n|-heal|p1a: Golduck|226/290 par|[from] item: Leftovers\n|upkeep\n|turn|13\n|\n|t:|1782786062\n|move|p2a: Dunsparce|Coil|p2a: Dunsparce\n|-boost|p2a: Dunsparce|atk|1\n|-boost|p2a: Dunsparce|def|1\n|-boost|p2a: Dunsparce|accuracy|1\n|move|p1a: Golduck|Hydro Pump|p2a: Dunsparce\n|-damage|p2a: Dunsparce|113/312\n|\n|-heal|p1a: Golduck|244/290 par|[from] item: Leftovers\n|upkeep\n|turn|14\n|\n|t:|1782786072\n|move|p2a: Dunsparce|Body Slam|p1a: Golduck\n|-damage|p1a: Golduck|127/290 par\n|move|p1a: Golduck|Hydro Pump|p2a: Dunsparce|[miss]\n|-miss|p1a: Golduck|p2a: Dunsparce\n|\n|-heal|p1a: Golduck|145/290 par|[from] item: Leftovers\n|upkeep\n|turn|15\n|\n|t:|1782786080\n|move|p2a: Dunsparce|Roost|p2a: Dunsparce\n|-heal|p2a: Dunsparce|269/312\n|-singleturn|p2a: Dunsparce|move: Roost\n|move|p1a: Golduck|Hydro Pump|p2a: Dunsparce\n|-damage|p2a: Dunsparce|125/312\n|\n|-heal|p1a: Golduck|163/290 par|[from] item: Leftovers\n|upkeep\n|turn|16\n|\n|t:|1782786087\n|move|p2a: Dunsparce|Roost|p2a: Dunsparce\n|-heal|p2a: Dunsparce|281/312\n|-singleturn|p2a: Dunsparce|move: Roost\n|move|p1a: Golduck|Hydro Pump|p2a: Dunsparce\n|-damage|p2a: Dunsparce|139/312\n|\n|-heal|p1a: Golduck|181/290 par|[from] item: Leftovers\n|upkeep\n|turn|17\n|\n|t:|1782786094\n|move|p2a: Dunsparce|Body Slam|p1a: Golduck\n|-damage|p1a: Golduck|66/290 par\n|move|p1a: Golduck|Hydro Pump|p2a: Dunsparce\n|-damage|p2a: Dunsparce|9/312\n|\n|-heal|p1a: Golduck|84/290 par|[from] item: Leftovers\n|-sideend|p2: AmYisraelChaiLatte|move: Light Screen\n|upkeep\n|turn|18\n|\n|t:|1782786102\n|move|p2a: Dunsparce|Body Slam|p1a: Golduck\n|-damage|p1a: Golduck|0 fnt\n|faint|p1a: Golduck\n|\n|upkeep\n|\n|t:|1782786108\n|switch|p1a: Dodrio|Dodrio, L85, F|176/241\n|turn|19\n|\n|t:|1782786122\n|move|p1a: Dodrio|Knock Off|p2a: Dunsparce\n|-damage|p2a: Dunsparce|0 fnt\n|-enditem|p2a: Dunsparce|Eviolite|[from] move: Knock Off|[of] p1a: Dodrio\n|faint|p2a: Dunsparce\n|\n|upkeep\n|\n|t:|1782786132\n|switch|p2a: Camerupt|Camerupt, L91, M|275/275\n|turn|20\n|\n|t:|1782786143\n|switch|p1a: Piloswine|Piloswine, L85, M|309/309\n|-damage|p1a: Piloswine|271/309|[from] Stealth Rock\n|move|p2a: Camerupt|Overheat|p1a: Piloswine\n|-supereffective|p1a: Piloswine\n|-damage|p1a: Piloswine|119/309\n|-unboost|p2a: Camerupt|spa|2\n|\n|upkeep\n|turn|21\n|\n|t:|1782786152\n|switch|p2a: Grimmsnarl|Grimmsnarl, L83, M|14/293\n|move|p1a: Piloswine|Earthquake|p2a: Grimmsnarl\n|-damage|p2a: Grimmsnarl|0 fnt\n|faint|p2a: Grimmsnarl\n|\n|upkeep\n|\n|t:|1782786154\n|switch|p2a: Quaquaval|Quaquaval, L79, M|168/264\n|turn|22\n|\n|t:|1782786161\n|switch|p1a: Lapras|Lapras, L87, F|286/367 par\n|-damage|p1a: Lapras|195/367 par|[from] Stealth Rock\n|move|p2a: Quaquaval|Roost|p2a: Quaquaval\n|-heal|p2a: Quaquaval|264/264\n|-singleturn|p2a: Quaquaval|move: Roost\n|\n|upkeep\n|turn|23\n|\n|t:|1782786168\n|move|p2a: Quaquaval|Close Combat|p1a: Lapras\n|-supereffective|p1a: Lapras\n|-damage|p1a: Lapras|0 fnt\n|-unboost|p2a: Quaquaval|def|1\n|-unboost|p2a: Quaquaval|spd|1\n|faint|p1a: Lapras\n|-ability|p2a: Quaquaval|Moxie|boost\n|-boost|p2a: Quaquaval|atk|1\n|\n|upkeep\n|\n|t:|1782786176\n|switch|p1a: Dodrio|Dodrio, L85, F|176/241\n|turn|24\n|\n|t:|1782786180\n|-terastallize|p2a: Quaquaval|Steel\n|move|p1a: Dodrio|Brave Bird|p2a: Quaquaval\n|-resisted|p2a: Quaquaval\n|-damage|p2a: Quaquaval|135/264\n|-damage|p1a: Dodrio|133/241|[from] Recoil\n|move|p2a: Quaquaval|Rapid Spin|p1a: Dodrio\n|-damage|p1a: Dodrio|68/241\n|-boost|p2a: Quaquaval|spe|1\n|\n|-heal|p2a: Quaquaval|151/264|[from] item: Leftovers\n|upkeep\n|turn|25\n|\n|t:|1782786206\n|move|p2a: Quaquaval|Aqua Step|p1a: Dodrio\n|-damage|p1a: Dodrio|0 fnt\n|-boost|p2a: Quaquaval|spe|1\n|faint|p1a: Dodrio\n|-ability|p2a: Quaquaval|Moxie|boost\n|-boost|p2a: Quaquaval|atk|1\n|\n|-heal|p2a: Quaquaval|167/264|[from] item: Leftovers\n|upkeep\n|-message|dubdubbydubdub forfeited.\n|\n|win|AmYisraelChaiLatte\n", "inputlog": ">version f8ac14003a5f27e1bdc8d8c59608a773c1cb96e5\n>start {\"formatid\":\"gen9randombattle\",\"seed\":\"sodium,9a29c8b7c747dd52c57740f55d73fe2c\",\"rated\":\"Rated battle\"}\n>player p1 {\"name\":\"dubdubbydubdub\",\"avatar\":\"265\",\"rating\":2236,\"seed\":\"sodium,1d9a2eabecd9d3bc1c5525db92eb95b6\"}\n>player p2 {\"name\":\"AmYisraelChaiLatte\",\"avatar\":\"169\",\"rating\":2376,\"seed\":\"sodium,baf47095a1269d50c17a54ef4cb51b7a\"}\n>p1 move uturn\n>p2 move closecombat\n>p1 switch 2\n>p1 move bravebird\n>p2 switch 5\n>p1 switch 2\n>p2 move reflect\n>p1 move bulletpunch\n>p2 switch 6\n>p1 switch 6\n>p2 move stealthrock\n>p1 move sparklingaria\n>p2 switch 4\n>p1 move sparklingaria\n>p2 move bodyslam\n>p1 switch 3\n>p2 move roost\n>p1 move nastyplot\n>p2 switch 6\n>p1 move icebeam\n>p2 move lightscreen\n>p1 move nastyplot\n>p2 move partingshot\n>p2 switch 6\n>p1 move hydropump\n>p2 move bodyslam\n>p1 move hydropump\n>p2 move coil\n>p1 move hydropump\n>p2 move bodyslam\n>p1 move hydropump\n>p2 move roost\n>p1 move hydropump\n>p2 move roost\n>p1 move hydropump\n>p2 move bodyslam\n>p1 move icebeam\n>p2 move bodyslam\n>p1 switch 2\n>p1 move knockoff\n>p2 move bodyslam\n>p2 switch 4\n>p1 switch 5\n>p2 move overheat\n>p1 move earthquake\n>p2 switch 6\n>p2 switch 5\n>p1 switch 3\n>p2 move roost\n>p1 move freezedry\n>p2 move closecombat\n>p1 switch 5\n>p1 move bravebird\n>p2 move rapidspin terastallize\n>p1 move bravebird\n>p2 move aquastep\n>forcelose p1", "uploadtime": 1782785891, "views": 7, "formatid": "gen9randombattle", "rating": null, "private": 0, "password": null, "player_dets": [{"name": "dubdubbydubdub", "avatar": "265", "rating": 2236, "seed": "sodium,1d9a2eabecd9d3bc1c5525db92eb95b6"}, {"name": "AmYisraelChaiLatte", "avatar": "169", "rating": 2376, "seed": "sodium,baf47095a1269d50c17a54ef4cb51b7a"}], "teams_full": [{"Scizor": {"name": "Scizor", "species": "Scizor", "speciesId": "scizor", "gender": "F", "shiny": false, "level": 79, "moves": ["closecombat", "uturn", "bulletpunch", "knockoff"], "ability": "Technician", "evs": {"hp": 85, "atk": 85, "def": 85, "spa": 85, "spd": 85, "spe": 85}, "ivs": {"hp": 31, "atk": 31, "def": 31, "spa": 31, "spd": 31, "spe": 31}, "item": "Choice Band", "teraType": "Steel", "role": "Wallbreaker", "bvs": {"hp": 70, "atk": 130, "def": 100, "spa": 55, "spd": 80, "spe": 65}, "stats": {"hp": 240, "atk": 251, "def": 204, "spa": 132, "spd": 172, "spe": 148}, "types": ["Bug", "Steel"]}, "Dodrio": {"name": "Dodrio", "species": "Dodrio", "speciesId": "dodrio", "gender": "F", "shiny": false, "level": 85, "moves": ["knockoff", "doubleedge", "swordsdance", "bravebird"], "ability": "Early Bird", "evs": {"hp": 85, "atk": 85, "def": 85, "spa": 85, "spd": 85, "spe": 85}, "ivs": {"hp": 31, "atk": 31, "def": 31, "spa": 31, "spd": 31, "spe": 31}, "item": "Heavy-Duty Boots", "teraType": "Flying", "role": "Setup Sweeper", "bvs": {"hp": 60, "atk": 110, "def": 70, "spa": 60, "spd": 60, "spe": 110}, "stats": {"hp": 241, "atk": 236, "def": 168, "spa": 151, "spd": 151, "spe": 236}, "types": ["Normal", "Flying"]}, "Golduck": {"name": "Golduck", "species": "Golduck", "speciesId": "golduck", "gender": "M", "shiny": false, "level": 90, "moves": ["icebeam", "hydropump", "nastyplot", "grassknot"], "ability": "Cloud Nine", "evs": {"hp": 85, "atk": 0, "def": 85, "spa": 85, "spd": 85, "spe": 85}, "ivs": {"hp": 31, "atk": 0, "def": 31, "spa": 31, "spd": 31, "spe": 31}, "item": "Leftovers", "teraType": "Water", "role": "Bulky Setup", "bvs": {"hp": 80, "atk": 82, "def": 78, "spa": 95, "spd": 80, "spe": 85}, "stats": {"hp": 290, "atk": 152, "def": 192, "spa": 222, "spd": 195, "spe": 204}, "types": ["Water"]}, "Magcargo": {"name": "Magcargo", "species": "Magcargo", "speciesId": "magcargo", "gender": "F", "shiny": false, "level": 95, "moves": ["fireblast", "powergem", "shellsmash", "earthpower"], "ability": "Weak Armor", "evs": {"hp": 85, "atk": 0, "def": 85, "spa": 85, "spd": 85, "spe": 85}, "ivs": {"hp": 31, "atk": 0, "def": 31, "spa": 31, "spd": 31, "spe": 31}, "item": "Heavy-Duty Boots", "teraType": "Dragon", "role": "Setup Sweeper", "bvs": {"hp": 60, "atk": 50, "def": 120, "spa": 90, "spd": 80, "spe": 30}, "stats": {"hp": 268, "atk": 100, "def": 282, "spa": 225, "spd": 206, "spe": 111}, "types": ["Fire", "Rock"]}, "Piloswine": {"name": "Piloswine", "species": "Piloswine", "speciesId": "piloswine", "gender": "M", "shiny": false, "level": 85, "moves": ["roar", "earthquake", "iciclecrash", "iceshard"], "ability": "Thick Fat", "evs": {"hp": 85, "atk": 85, "def": 85, "spa": 85, "spd": 85, "spe": 85}, "ivs": {"hp": 31, "atk": 31, "def": 31, "spa": 31, "spd": 31, "spe": 31}, "item": "Eviolite", "teraType": "Dragon", "role": "Bulky Support", "bvs": {"hp": 100, "atk": 100, "def": 80, "spa": 60, "spd": 60, "spe": 50}, "stats": {"hp": 309, "atk": 219, "def": 185, "spa": 151, "spd": 151, "spe": 134}, "types": ["Ice", "Ground"]}, "Lapras": {"name": "Lapras", "species": "Lapras", "speciesId": "lapras", "gender": "F", "shiny": false, "level": 87, "moves": ["freezedry", "sparklingaria", "icebeam", "hydropump"], "ability": "Water Absorb", "evs": {"hp": 81, "atk": 0, "def": 85, "spa": 85, "spd": 85, "spe": 85}, "ivs": {"hp": 31, "atk": 0, "def": 31, "spa": 31, "spd": 31, "spe": 31}, "item": "Choice Specs", "teraType": "Ice", "role": "Wallbreaker", "bvs": {"hp": 130, "atk": 85, "def": 80, "spa": 85, "spd": 95, "spe": 60}, "stats": {"hp": 367, "atk": 152, "def": 189, "spa": 198, "spd": 215, "spe": 154}, "types": ["Water", "Ice"]}}, {"Quaquaval": {"name": "Quaquaval", "species": "Quaquaval", "speciesId": "quaquaval", "gender": "M", "shiny": false, "level": 79, "moves": ["aquastep", "closecombat", "roost", "rapidspin"], "ability": "Moxie", "evs": {"hp": 85, "atk": 85, "def": 85, "spa": 85, "spd": 85, "spe": 85}, "ivs": {"hp": 31, "atk": 31, "def": 31, "spa": 31, "spd": 31, "spe": 31}, "item": "Leftovers", "teraType": "Steel", "role": "Bulky Attacker", "bvs": {"hp": 85, "atk": 120, "def": 80, "spa": 85, "spd": 75, "spe": 85}, "stats": {"hp": 264, "atk": 235, "def": 172, "spa": 180, "spd": 164, "spe": 180}, "types": ["Water", "Fighting"]}, "Salamence": {"name": "Salamence", "species": "Salamence", "speciesId": "salamence", "gender": "F", "shiny": false, "level": 77, "moves": ["dualwingbeat", "dragondance", "roost", "outrage"], "ability": "Intimidate", "evs": {"hp": 85, "atk": 85, "def": 85, "spa": 85, "spd": 85, "spe": 85}, "ivs": {"hp": 31, "atk": 31, "def": 31, "spa": 31, "spd": 31, "spe": 31}, "item": "Heavy-Duty Boots", "teraType": "Steel", "role": "Setup Sweeper", "bvs": {"hp": 95, "atk": 135, "def": 80, "spa": 110, "spd": 80, "spe": 100}, "stats": {"hp": 273, "atk": 252, "def": 168, "spa": 214, "spd": 168, "spe": 199}, "types": ["Dragon", "Flying"]}, "Scizor": {"name": "Scizor", "species": "Scizor", "speciesId": "scizor", "gender": "M", "shiny": false, "level": 79, "moves": ["uturn", "closecombat", "knockoff", "bulletpunch"], "ability": "Technician", "evs": {"hp": 85, "atk": 85, "def": 85, "spa": 85, "spd": 85, "spe": 85}, "ivs": {"hp": 31, "atk": 31, "def": 31, "spa": 31, "spd": 31, "spe": 31}, "item": "Choice Band", "teraType": "Dragon", "role": "Bulky Support", "bvs": {"hp": 70, "atk": 130, "def": 100, "spa": 55, "spd": 80, "spe": 65}, "stats": {"hp": 240, "atk": 251, "def": 204, "spa": 132, "spd": 172, "spe": 148}, "types": ["Bug", "Steel"]}, "Dunsparce": {"name": "Dunsparce", "species": "Dunsparce", "speciesId": "dunsparce", "gender": "M", "shiny": false, "level": 86, "moves": ["bodyslam", "earthquake", "roost", "coil"], "ability": "Serene Grace", "evs": {"hp": 85, "atk": 85, "def": 85, "spa": 85, "spd": 85, "spe": 85}, "ivs": {"hp": 31, "atk": 31, "def": 31, "spa": 31, "spd": 31, "spe": 31}, "item": "Eviolite", "teraType": "Ghost", "role": "Bulky Setup", "bvs": {"hp": 100, "atk": 70, "def": 70, "spa": 65, "spd": 65, "spe": 45}, "stats": {"hp": 312, "atk": 170, "def": 170, "spa": 161, "spd": 161, "spe": 127}, "types": ["Normal"]}, "Grimmsnarl": {"name": "Grimmsnarl", "species": "Grimmsnarl", "speciesId": "grimmsnarl", "gender": "M", "shiny": false, "level": 83, "moves": ["partingshot", "lightscreen", "reflect", "spiritbreak"], "ability": "Prankster", "evs": {"hp": 85, "atk": 85, "def": 85, "spa": 85, "spd": 85, "spe": 85}, "ivs": {"hp": 31, "atk": 31, "def": 31, "spa": 31, "spd": 31, "spe": 31}, "item": "Light Clay", "teraType": "Steel", "role": "Bulky Support", "bvs": {"hp": 95, "atk": 120, "def": 65, "spa": 95, "spd": 75, "spe": 60}, "stats": {"hp": 293, "atk": 247, "def": 156, "spa": 205, "spd": 172, "spe": 147}, "types": ["Dark", "Fairy"]}, "Camerupt": {"name": "Camerupt", "species": "Camerupt", "speciesId": "camerupt", "gender": "M", "shiny": false, "level": 91, "moves": ["willowisp", "earthquake", "overheat", "stealthrock"], "ability": "Solid Rock", "evs": {"hp": 85, "atk": 85, "def": 85, "spa": 85, "spd": 85, "spe": 85}, "ivs": {"hp": 31, "atk": 31, "def": 31, "spa": 31, "spd": 31, "spe": 31}, "item": "Leftovers", "teraType": "Water", "role": "Bulky Support", "bvs": {"hp": 70, "atk": 100, "def": 70, "spa": 105, "spd": 75, "spe": 40}, "stats": {"hp": 275, "atk": 234, "def": 179, "spa": 243, "spd": 188, "spe": 125}, "types": ["Fire", "Ground"]}}]}