{"id": "gen9randombattle-2641654437", "format": "[Gen 9] Random Battle", "players": ["Hose7Tango", "Abefisker"], "log": "|j|\u2606Hose7Tango\n|j|\u2606Abefisker\n|t:|1782825503\n|gametype|singles\n|player|p1|Hose7Tango|hiker-gen4|1946\n|player|p2|Abefisker|101|1956\n|gen|9\n|tier|[Gen 9] Random Battle\n|rated|\n|rule|Species Clause: Limit one of each Pok\u00e9mon\n|rule|HP Percentage Mod: HP is shown in percentages\n|rule|Sleep Clause Mod: Limit one foe put to sleep\n|rule|Illusion Level Mod: Illusion disguises the Pok\u00e9mon's true level\n|\n|t:|1782825503\n|teamsize|p1|6\n|teamsize|p2|6\n|start\n|switch|p1a: Hydrapple|Hydrapple, L83, M|312/312\n|switch|p2a: Slaking|Slaking, L84, M|389/389\n|turn|1\n|\n|t:|1782825510\n|move|p2a: Slaking|Giga Impact|p1a: Hydrapple|[miss]\n|-miss|p2a: Slaking|p1a: Hydrapple\n|move|p1a: Hydrapple|Nasty Plot|p1a: Hydrapple\n|-boost|p1a: Hydrapple|spa|2\n|\n|upkeep\n|turn|2\n|\n|t:|1782825512\n|cant|p2a: Slaking|ability: Truant\n|move|p1a: Hydrapple|Fickle Beam|p2a: Slaking|[anim] Fickle Beam All Out\n|-activate|p1a: Hydrapple|move: Fickle Beam\n|-damage|p2a: Slaking|0 fnt\n|faint|p2a: Slaking\n|-damage|p1a: Hydrapple|281/312|[from] item: Life Orb\n|\n|upkeep\n|\n|t:|1782825520\n|switch|p2a: Sneasler|Sneasler, L74, F|240/240\n|turn|3\n|\n|t:|1782825525\n|move|p2a: Sneasler|Gunk Shot|p1a: Hydrapple\n|-supereffective|p1a: Hydrapple\n|-damage|p1a: Hydrapple|51/312\n|move|p1a: Hydrapple|Earth Power|p2a: Sneasler\n|-supereffective|p2a: Sneasler\n|-crit|p2a: Sneasler\n|-damage|p2a: Sneasler|0 fnt\n|faint|p2a: Sneasler\n|-damage|p1a: Hydrapple|20/312|[from] item: Life Orb\n|\n|upkeep\n|\n|t:|1782825528\n|switch|p2a: Spectrier|Spectrier, L75|274/274\n|turn|4\n|\n|t:|1782825532\n|switch|p1a: Squawkabilly|Squawkabilly-Yellow, L89, F|291/291\n|move|p2a: Spectrier|Shadow Ball|p1a: Squawkabilly\n|-immune|p1a: Squawkabilly\n|\n|upkeep\n|turn|5\n|\n|t:|1782825536\n|move|p2a: Spectrier|Will-O-Wisp|p1a: Squawkabilly\n|-status|p1a: Squawkabilly|brn\n|move|p1a: Squawkabilly|Brave Bird|p2a: Spectrier\n|-damage|p2a: Spectrier|61/274\n|-damage|p1a: Squawkabilly|221/291 brn|[from] Recoil\n|\n|-damage|p1a: Squawkabilly|203/291 brn|[from] brn\n|upkeep\n|turn|6\n|\n|t:|1782825541\n|switch|p2a: Rhyperior|Rhyperior, L82, M|323/323\n|move|p1a: Squawkabilly|Brave Bird|p2a: Rhyperior\n|-resisted|p2a: Rhyperior\n|-damage|p2a: Rhyperior|266/323\n|-damage|p1a: Squawkabilly|184/291 brn|[from] Recoil\n|\n|-damage|p1a: Squawkabilly|166/291 brn|[from] brn\n|upkeep\n|turn|7\n|\n|t:|1782825548\n|switch|p1a: Politoed|Politoed, L88, M|302/302\n|-weather|RainDance|[from] ability: Drizzle|[of] p1a: Politoed\n|move|p2a: Rhyperior|Rock Polish|p2a: Rhyperior\n|-boost|p2a: Rhyperior|spe|2\n|\n|-weather|RainDance|[upkeep]\n|upkeep\n|turn|8\n|\n|t:|1782825551\n|move|p2a: Rhyperior|Earthquake|p1a: Politoed\n|-damage|p1a: Politoed|149/302\n|move|p1a: Politoed|Weather Ball|p2a: Rhyperior\n|-supereffective|p2a: Rhyperior\n|-crit|p2a: Rhyperior\n|-damage|p2a: Rhyperior|0 fnt\n|faint|p2a: Rhyperior\n|\n|-weather|RainDance|[upkeep]\n|upkeep\n|\n|t:|1782825554\n|switch|p2a: Spectrier|Spectrier, L75|61/274\n|turn|9\n|\n|t:|1782825558\n|move|p2a: Spectrier|Dark Pulse|p1a: Politoed\n|-damage|p1a: Politoed|76/302\n|-damage|p2a: Spectrier|34/274|[from] item: Life Orb\n|cant|p1a: Politoed|flinch\n|\n|-weather|RainDance|[upkeep]\n|upkeep\n|turn|10\n|\n|t:|1782825566\n|switch|p1a: Crawdaunt|Crawdaunt, L84, M|243/243\n|move|p2a: Spectrier|Shadow Ball|p1a: Crawdaunt\n|-resisted|p1a: Crawdaunt\n|-damage|p1a: Crawdaunt|161/243\n|-unboost|p1a: Crawdaunt|spd|1\n|-damage|p2a: Spectrier|7/274|[from] item: Life Orb\n|\n|-weather|RainDance|[upkeep]\n|upkeep\n|turn|11\n|\n|t:|1782825568\n|move|p1a: Crawdaunt|Aqua Jet|p2a: Spectrier\n|-damage|p2a: Spectrier|0 fnt\n|faint|p2a: Spectrier\n|-damage|p1a: Crawdaunt|137/243|[from] item: Life Orb\n|\n|-weather|none\n|upkeep\n|\n|t:|1782825573\n|switch|p2a: Ceruledge|Ceruledge, L78, M|245/245\n|turn|12\n|\n|t:|1782825580\n|switch|p1a: Squawkabilly|Squawkabilly-Yellow, L89, F|166/291 brn\n|-terastallize|p2a: Ceruledge|Ghost\n|move|p2a: Ceruledge|Close Combat|p1a: Squawkabilly\n|-damage|p1a: Squawkabilly|49/291 brn\n|-unboost|p2a: Ceruledge|def|1\n|-unboost|p2a: Ceruledge|spd|1\n|\n|-damage|p1a: Squawkabilly|31/291 brn|[from] brn\n|upkeep\n|turn|13\n|-message|Abefisker forfeited.\n|\n|win|Hose7Tango\n", "inputlog": ">version f8ac14003a5f27e1bdc8d8c59608a773c1cb96e5\n>start {\"formatid\":\"gen9randombattle\",\"seed\":\"sodium,f8c4d2d2f4c0da37639d17335e92b118\",\"rated\":\"Rated battle\"}\n>player p1 {\"name\":\"Hose7Tango\",\"avatar\":\"hiker-gen4\",\"rating\":1946,\"seed\":\"sodium,953063a5d64d134db12064838515e22f\"}\n>player p2 {\"name\":\"Abefisker\",\"avatar\":\"101\",\"rating\":1956,\"seed\":\"sodium,c013f33fe67aa795d5c5b7b2f6dd204f\"}\n>p1 move nastyplot\n>p2 move gigaimpact\n>p1 move ficklebeam\n>p2 move gigaimpact\n>p2 switch 3\n>p1 move earthpower\n>p2 move gunkshot\n>p2 switch 6\n>p1 switch 6\n>p2 move shadowball\n>p1 move bravebird\n>p2 move willowisp\n>p1 move bravebird\n>p2 switch 2\n>p1 switch 5\n>p2 move rockpolish\n>p1 move weatherball\n>p2 move earthquake\n>p2 switch 2\n>p1 move weatherball\n>p2 move darkpulse\n>p1 switch 3\n>p2 move shadowball\n>p1 move aquajet\n>p2 move willowisp\n>p2 switch 5\n>p1 switch 5\n>p2 move closecombat terastallize\n>forcelose p2", "uploadtime": 1782825504, "views": 8, "formatid": "gen9randombattle", "rating": null, "private": 0, "password": null, "player_dets": [{"name": "Hose7Tango", "avatar": "hiker-gen4", "rating": 1946, "seed": "sodium,953063a5d64d134db12064838515e22f"}, {"name": "Abefisker", "avatar": "101", "rating": 1956, "seed": "sodium,c013f33fe67aa795d5c5b7b2f6dd204f"}], "teams_full": [{"Hydrapple": {"name": "Hydrapple", "species": "Hydrapple", "speciesId": "hydrapple", "gender": "M", "shiny": false, "level": 83, "moves": ["nastyplot", "earthpower", "gigadrain", "ficklebeam"], "ability": "Regenerator", "evs": {"hp": 85, "atk": 0, "def": 85, "spa": 85, "spd": 85, "spe": 85}, "ivs": {"hp": 31, "atk": 0, "def": 31, "spa": 31, "spd": 31, "spe": 31}, "item": "Life Orb", "teraType": "Steel", "role": "Fast Bulky Setup", "bvs": {"hp": 106, "atk": 80, "def": 110, "spa": 120, "spd": 80, "spe": 44}, "stats": {"hp": 312, "atk": 137, "def": 230, "spa": 247, "spd": 180, "spe": 121}, "types": ["Grass", "Dragon"]}, "Reuniclus": {"name": "Reuniclus", "species": "Reuniclus", "speciesId": "reuniclus", "gender": "M", "shiny": false, "level": 88, "moves": ["calmmind", "psyshock", "recover", "focusblast"], "ability": "Magic Guard", "evs": {"hp": 85, "atk": 0, "def": 85, "spa": 85, "spd": 85, "spe": 85}, "ivs": {"hp": 31, "atk": 0, "def": 31, "spa": 31, "spd": 31, "spe": 31}, "item": "Life Orb", "teraType": "Fighting", "role": "Bulky Setup", "bvs": {"hp": 110, "atk": 65, "def": 75, "spa": 125, "spd": 85, "spe": 30}, "stats": {"hp": 337, "atk": 119, "def": 182, "spa": 270, "spd": 200, "spe": 103}, "types": ["Psychic"]}, "Crawdaunt": {"name": "Crawdaunt", "species": "Crawdaunt", "speciesId": "crawdaunt", "gender": "M", "shiny": false, "level": 84, "moves": ["dragondance", "aquajet", "knockoff", "crabhammer"], "ability": "Adaptability", "evs": {"hp": 85, "atk": 85, "def": 85, "spa": 85, "spd": 85, "spe": 85}, "ivs": {"hp": 31, "atk": 31, "def": 31, "spa": 31, "spd": 31, "spe": 31}, "item": "Life Orb", "teraType": "Water", "role": "Setup Sweeper", "bvs": {"hp": 63, "atk": 120, "def": 85, "spa": 90, "spd": 55, "spe": 55}, "stats": {"hp": 243, "atk": 250, "def": 191, "spa": 199, "spd": 141, "spe": 141}, "types": ["Water", "Dark"]}, "Lycanroc": {"name": "Lycanroc", "species": "Lycanroc", "speciesId": "lycanroc", "gender": "F", "shiny": false, "level": 86, "moves": ["stoneedge", "accelerock", "crunch", "closecombat"], "ability": "Sand Rush", "evs": {"hp": 85, "atk": 85, "def": 85, "spa": 85, "spd": 85, "spe": 85}, "ivs": {"hp": 31, "atk": 31, "def": 31, "spa": 31, "spd": 31, "spe": 31}, "item": "Choice Band", "teraType": "Fighting", "role": "Fast Attacker", "bvs": {"hp": 75, "atk": 115, "def": 65, "spa": 55, "spd": 65, "spe": 112}, "stats": {"hp": 269, "atk": 247, "def": 161, "spa": 144, "spd": 161, "spe": 242}, "types": ["Rock"]}, "Politoed": {"name": "Politoed", "species": "Politoed", "speciesId": "politoed", "gender": "M", "shiny": false, "level": 88, "moves": ["weatherball", "icebeam", "focusblast", "hydropump"], "ability": "Drizzle", "evs": {"hp": 85, "atk": 0, "def": 85, "spa": 85, "spd": 85, "spe": 85}, "ivs": {"hp": 31, "atk": 0, "def": 31, "spa": 31, "spd": 31, "spe": 31}, "item": "Choice Specs", "teraType": "Water", "role": "Fast Attacker", "bvs": {"hp": 90, "atk": 75, "def": 75, "spa": 90, "spd": 100, "spe": 70}, "stats": {"hp": 302, "atk": 137, "def": 182, "spa": 209, "spd": 226, "spe": 173}, "types": ["Water"]}, "Squawkabilly": {"name": "Squawkabilly", "species": "Squawkabilly-Yellow", "speciesId": "squawkabillyyellow", "gender": "F", "shiny": false, "level": 89, "moves": ["quickattack", "foulplay", "bravebird", "doubleedge"], "ability": "Hustle", "evs": {"hp": 85, "atk": 85, "def": 85, "spa": 85, "spd": 85, "spe": 85}, "ivs": {"hp": 31, "atk": 31, "def": 31, "spa": 31, "spd": 31, "spe": 31}, "item": "Choice Band", "teraType": "Normal", "role": "Wallbreaker", "bvs": {"hp": 82, "atk": 96, "def": 51, "spa": 45, "spd": 51, "spe": 92}, "stats": {"hp": 291, "atk": 222, "def": 142, "spa": 131, "spd": 142, "spe": 215}, "types": ["Normal", "Flying"]}}, {"Slaking": {"name": "Slaking", "species": "Slaking", "speciesId": "slaking", "gender": "M", "shiny": false, "level": 84, "moves": ["knockoff", "gigaimpact", "doubleedge", "earthquake"], "ability": "Truant", "evs": {"hp": 85, "atk": 85, "def": 85, "spa": 85, "spd": 85, "spe": 85}, "ivs": {"hp": 31, "atk": 31, "def": 31, "spa": 31, "spd": 31, "spe": 31}, "item": "Choice Band", "teraType": "Ground", "role": "Wallbreaker", "bvs": {"hp": 150, "atk": 160, "def": 100, "spa": 95, "spd": 65, "spe": 100}, "stats": {"hp": 389, "atk": 317, "def": 216, "spa": 208, "spd": 157, "spe": 216}, "types": ["Normal"]}, "Rhyperior": {"name": "Rhyperior", "species": "Rhyperior", "speciesId": "rhyperior", "gender": "M", "shiny": false, "level": 82, "moves": ["rockpolish", "earthquake", "stoneedge", "megahorn"], "ability": "Solid Rock", "evs": {"hp": 85, "atk": 85, "def": 85, "spa": 85, "spd": 85, "spe": 85}, "ivs": {"hp": 31, "atk": 31, "def": 31, "spa": 31, "spd": 31, "spe": 31}, "item": "Weakness Policy", "teraType": "Bug", "role": "Bulky Setup", "bvs": {"hp": 115, "atk": 140, "def": 130, "spa": 55, "spd": 55, "spe": 40}, "stats": {"hp": 323, "atk": 277, "def": 260, "spa": 137, "spd": 137, "spe": 113}, "types": ["Ground", "Rock"]}, "Sneasler": {"name": "Sneasler", "species": "Sneasler", "speciesId": "sneasler", "gender": "F", "shiny": false, "level": 74, "moves": ["swordsdance", "closecombat", "gunkshot", "acrobatics"], "ability": "Unburden", "evs": {"hp": 85, "atk": 85, "def": 85, "spa": 85, "spd": 85, "spe": 85}, "ivs": {"hp": 31, "atk": 31, "def": 31, "spa": 31, "spd": 31, "spe": 31}, "item": "White Herb", "teraType": "Flying", "role": "Setup Sweeper", "bvs": {"hp": 80, "atk": 130, "def": 60, "spa": 40, "spd": 80, "spe": 120}, "stats": {"hp": 240, "atk": 235, "def": 132, "spa": 102, "spd": 161, "spe": 221}, "types": ["Fighting", "Poison"]}, "Basculin": {"name": "Basculin", "species": "Basculin", "speciesId": "basculin", "gender": "M", "shiny": false, "level": 86, "moves": ["aquajet", "wavecrash", "doubleedge", "flipturn"], "ability": "Adaptability", "evs": {"hp": 85, "atk": 85, "def": 85, "spa": 85, "spd": 85, "spe": 85}, "ivs": {"hp": 31, "atk": 31, "def": 31, "spa": 31, "spd": 31, "spe": 31}, "item": "Choice Band", "teraType": "Water", "role": "Wallbreaker", "bvs": {"hp": 70, "atk": 92, "def": 65, "spa": 80, "spd": 55, "spe": 98}, "stats": {"hp": 261, "atk": 207, "def": 161, "spa": 187, "spd": 144, "spe": 218}, "types": ["Water"]}, "Ceruledge": {"name": "Ceruledge", "species": "Ceruledge", "speciesId": "ceruledge", "gender": "M", "shiny": false, "level": 78, "moves": ["closecombat", "swordsdance", "poltergeist", "bitterblade"], "ability": "Weak Armor", "evs": {"hp": 85, "atk": 85, "def": 85, "spa": 85, "spd": 85, "spe": 85}, "ivs": {"hp": 31, "atk": 31, "def": 31, "spa": 31, "spd": 31, "spe": 31}, "item": "Heavy-Duty Boots", "teraType": "Ghost", "role": "Setup Sweeper", "bvs": {"hp": 75, "atk": 125, "def": 80, "spa": 60, "spd": 100, "spe": 85}, "stats": {"hp": 245, "atk": 240, "def": 170, "spa": 139, "spd": 201, "spe": 178}, "types": ["Fire", "Ghost"]}, "Spectrier": {"name": "Spectrier", "species": "Spectrier", "speciesId": "spectrier", "gender": "N", "shiny": false, "level": 75, "moves": ["willowisp", "shadowball", "darkpulse", "nastyplot"], "ability": "Grim Neigh", "evs": {"hp": 85, "atk": 0, "def": 85, "spa": 85, "spd": 85, "spe": 85}, "ivs": {"hp": 31, "atk": 0, "def": 31, "spa": 31, "spd": 31, "spe": 31}, "item": "Life Orb", "teraType": "Dark", "role": "Setup Sweeper", "bvs": {"hp": 100, "atk": 65, "def": 60, "spa": 145, "spd": 80, "spe": 130}, "stats": {"hp": 274, "atk": 102, "def": 134, "spa": 261, "spd": 164, "spe": 239}, "types": ["Ghost"]}}]}