{"id": "gen9randombattle-2641609589", "format": "[Gen 9] Random Battle", "players": ["imuseless123", "Kranky Krookodile"], "log": "|j|\u2606imuseless123\n|j|\u2606Kranky Krookodile\n|t:|1782818157\n|gametype|singles\n|player|p1|imuseless123|flannery|1969\n|player|p2|Kranky Krookodile|170|1932\n|gen|9\n|tier|[Gen 9] Random Battle\n|rated|\n|rule|Species Clause: Limit one of each Pok\u00e9mon\n|rule|HP Percentage Mod: HP is shown in percentages\n|rule|Sleep Clause Mod: Limit one foe put to sleep\n|rule|Illusion Level Mod: Illusion disguises the Pok\u00e9mon's true level\n|\n|t:|1782818157\n|teamsize|p1|6\n|teamsize|p2|6\n|start\n|switch|p1a: Piloswine|Piloswine, L85, M|309/309\n|switch|p2a: Skuntank|Skuntank, L84, F|310/310\n|turn|1\n|inactive|Battle timer is ON: inactive players will automatically lose when time's up. (requested by imuseless123)\n|\n|t:|1782818180\n|move|p2a: Skuntank|Knock Off|p1a: Piloswine\n|-damage|p1a: Piloswine|240/309\n|-enditem|p1a: Piloswine|Eviolite|[from] move: Knock Off|[of] p2a: Skuntank\n|move|p1a: Piloswine|Stealth Rock|p2a: Skuntank\n|-sidestart|p2: Kranky Krookodile|move: Stealth Rock\n|\n|upkeep\n|turn|2\n|\n|t:|1782818191\n|switch|p2a: Wyrdeer|Wyrdeer, L87, F|321/321\n|-damage|p2a: Wyrdeer|281/321|[from] Stealth Rock\n|-ability|p2a: Wyrdeer|Intimidate|boost\n|-unboost|p1a: Piloswine|atk|1\n|move|p1a: Piloswine|Earthquake|p2a: Wyrdeer\n|-damage|p2a: Wyrdeer|203/321\n|\n|upkeep\n|turn|3\n|\n|t:|1782818200\n|move|p2a: Wyrdeer|Psychic Noise|p1a: Piloswine\n|-damage|p1a: Piloswine|114/309\n|-start|p1a: Piloswine|move: Heal Block\n|move|p1a: Piloswine|Earthquake|p2a: Wyrdeer\n|-damage|p2a: Wyrdeer|110/321\n|\n|upkeep\n|turn|4\n|\n|t:|1782818211\n|move|p2a: Wyrdeer|Psychic Noise|p1a: Piloswine\n|-damage|p1a: Piloswine|0 fnt\n|faint|p1a: Piloswine\n|\n|upkeep\n|\n|t:|1782818227\n|switch|p1a: Dragapult|Dragapult, L77, M|262/262\n|turn|5\n|\n|t:|1782818236\n|switch|p2a: Skuntank|Skuntank, L84, F|310/310\n|-damage|p2a: Skuntank|272/310|[from] Stealth Rock\n|move|p1a: Dragapult|U-turn|p2a: Skuntank\n|-damage|p2a: Skuntank|217/310\n|\n|t:|1782818250\n|switch|p1a: Garganacl|Garganacl, L80, M|291/291|[from] U-turn\n|\n|upkeep\n|turn|6\n|\n|t:|1782818256\n|move|p2a: Skuntank|Knock Off|p1a: Garganacl\n|-damage|p1a: Garganacl|216/291\n|-enditem|p1a: Garganacl|Leftovers|[from] move: Knock Off|[of] p2a: Skuntank\n|move|p1a: Garganacl|Salt Cure|p2a: Skuntank\n|-damage|p2a: Skuntank|166/310\n|-start|p2a: Skuntank|Salt Cure\n|\n|-damage|p2a: Skuntank|128/310|[from] Salt Cure\n|upkeep\n|turn|7\n|\n|t:|1782818263\n|move|p2a: Skuntank|Toxic Spikes|p1a: Garganacl\n|-sidestart|p1: imuseless123|move: Toxic Spikes\n|move|p1a: Garganacl|Salt Cure|p2a: Skuntank\n|-damage|p2a: Skuntank|77/310\n|\n|-damage|p2a: Skuntank|39/310|[from] Salt Cure\n|upkeep\n|turn|8\n|\n|t:|1782818270\n|move|p2a: Skuntank|Toxic Spikes|p1a: Garganacl\n|-sidestart|p1: imuseless123|move: Toxic Spikes\n|move|p1a: Garganacl|Salt Cure|p2a: Skuntank\n|-damage|p2a: Skuntank|0 fnt\n|faint|p2a: Skuntank\n|\n|upkeep\n|\n|t:|1782818277\n|switch|p2a: Wyrdeer|Wyrdeer, L87, F|110/321\n|-damage|p2a: Wyrdeer|70/321|[from] Stealth Rock\n|-ability|p2a: Wyrdeer|Intimidate|boost\n|-unboost|p1a: Garganacl|atk|1\n|turn|9\n|\n|t:|1782818281\n|move|p1a: Garganacl|Protect|p1a: Garganacl\n|-singleturn|p1a: Garganacl|Protect\n|move|p2a: Wyrdeer|Psychic Noise|p1a: Garganacl\n|-activate|p1a: Garganacl|move: Protect\n|\n|upkeep\n|turn|10\n|\n|t:|1782818284\n|switch|p1a: Cacturne|Cacturne, L92, M|278/278\n|-status|p1a: Cacturne|tox\n|move|p2a: Wyrdeer|Psychic Noise|p1a: Cacturne\n|-immune|p1a: Cacturne\n|\n|-damage|p1a: Cacturne|261/278 tox|[from] psn\n|upkeep\n|turn|11\n|\n|t:|1782818290\n|move|p1a: Cacturne|Sucker Punch|p2a: Wyrdeer\n|-supereffective|p2a: Wyrdeer\n|-damage|p2a: Wyrdeer|0 fnt\n|faint|p2a: Wyrdeer\n|-damage|p1a: Cacturne|234/278 tox|[from] item: Life Orb\n|\n|-damage|p1a: Cacturne|200/278 tox|[from] psn\n|upkeep\n|\n|t:|1782818298\n|switch|p2a: Froslass|Froslass, L87, F|263/263\n|-damage|p2a: Froslass|198/263|[from] Stealth Rock\n|turn|12\n|\n|t:|1782818303\n|switch|p1a: Garganacl|Garganacl, L80, M|216/291\n|move|p2a: Froslass|Triple Axel|p1a: Garganacl\n|-damage|p1a: Garganacl|200/291\n|-damage|p1a: Garganacl|172/291\n|-damage|p1a: Garganacl|130/291\n|-hitcount|p1a: Garganacl|3\n|\n|upkeep\n|turn|13\n|\n|t:|1782818313\n|move|p2a: Froslass|Taunt|p1a: Garganacl\n|-start|p1a: Garganacl|move: Taunt\n|move|p1a: Garganacl|Salt Cure|p2a: Froslass\n|-supereffective|p2a: Froslass\n|-damage|p2a: Froslass|112/263\n|-start|p2a: Froslass|Salt Cure\n|-start|p1a: Garganacl|Disable|Salt Cure|[from] ability: Cursed Body|[of] p2a: Froslass\n|\n|-damage|p2a: Froslass|80/263|[from] Salt Cure\n|upkeep\n|turn|14\n|\n|t:|1782818324\n|move|p2a: Froslass|Triple Axel|p1a: Garganacl\n|-damage|p1a: Garganacl|115/291\n|-damage|p1a: Garganacl|81/291\n|-damage|p1a: Garganacl|39/291\n|-hitcount|p1a: Garganacl|3\n|move|p1a: Garganacl|Earthquake|p2a: Froslass\n|-damage|p2a: Froslass|2/263\n|\n|-damage|p2a: Froslass|0 fnt|[from] Salt Cure\n|faint|p2a: Froslass\n|upkeep\n|\n|t:|1782818333\n|switch|p2a: Thundurus|Thundurus, L80, M|258/258\n|turn|15\n|\n|t:|1782818347\n|switch|p1a: Raikou|Raikou, L81|278/278\n|-status|p1a: Raikou|tox\n|-ability|p1a: Raikou|Pressure\n|move|p2a: Thundurus|Thunderbolt|p1a: Raikou\n|-resisted|p1a: Raikou\n|-damage|p1a: Raikou|232/278 tox\n|\n|-heal|p1a: Raikou|249/278 tox|[from] item: Leftovers\n|-damage|p1a: Raikou|232/278 tox|[from] psn\n|upkeep\n|turn|16\n|\n|t:|1782818352\n|move|p1a: Raikou|Calm Mind|p1a: Raikou\n|-boost|p1a: Raikou|spa|1\n|-boost|p1a: Raikou|spd|1\n|move|p2a: Thundurus|Nasty Plot|p2a: Thundurus\n|-boost|p2a: Thundurus|spa|2\n|\n|-heal|p1a: Raikou|249/278 tox|[from] item: Leftovers\n|-damage|p1a: Raikou|215/278 tox|[from] psn\n|upkeep\n|turn|17\n|\n|t:|1782818357\n|move|p1a: Raikou|Thunderbolt|p2a: Thundurus\n|-damage|p2a: Thundurus|75/258\n|move|p2a: Thundurus|Focus Blast|p1a: Raikou|[miss]\n|-miss|p2a: Thundurus|p1a: Raikou\n|\n|-heal|p1a: Raikou|232/278 tox|[from] item: Leftovers\n|-damage|p1a: Raikou|181/278 tox|[from] psn\n|upkeep\n|turn|18\n|\n|t:|1782818363\n|move|p1a: Raikou|Thunderbolt|p2a: Thundurus\n|-damage|p2a: Thundurus|0 fnt\n|faint|p2a: Thundurus\n|\n|-heal|p1a: Raikou|198/278 tox|[from] item: Leftovers\n|-damage|p1a: Raikou|130/278 tox|[from] psn\n|upkeep\n|\n|t:|1782818365\n|switch|p2a: Ditto|Ditto, L87|225/225\n|-damage|p2a: Ditto|197/225|[from] Stealth Rock\n|-transform|p2a: Ditto|p1a: Raikou|[from] ability: Imposter\n|-ability|p2a: Ditto|Pressure\n|turn|19\n|\n|t:|1782818371\n|move|p2a: Ditto|Thunderbolt|p1a: Raikou\n|-resisted|p1a: Raikou\n|-damage|p1a: Raikou|82/278 tox\n|move|p1a: Raikou|Scald|p2a: Ditto\n|-damage|p2a: Ditto|139/225\n|\n|-heal|p1a: Raikou|99/278 tox|[from] item: Leftovers\n|-damage|p1a: Raikou|14/278 tox|[from] psn\n|upkeep\n|turn|20\n|\n|t:|1782818379\n|switch|p1a: Garganacl|Garganacl, L80, M|39/291\n|move|p2a: Ditto|Thunderbolt|p1a: Garganacl\n|-damage|p1a: Garganacl|0 fnt\n|faint|p1a: Garganacl\n|\n|upkeep\n|\n|t:|1782818385\n|switch|p1a: Cacturne|Cacturne, L92, M|200/278 tox\n|turn|21\n|\n|t:|1782818388\n|move|p2a: Ditto|Thunderbolt|p1a: Cacturne\n|-resisted|p1a: Cacturne\n|-damage|p1a: Cacturne|99/278 tox\n|move|p1a: Cacturne|Knock Off|p2a: Ditto\n|-damage|p2a: Ditto|0 fnt\n|-enditem|p2a: Ditto|Choice Scarf|[from] move: Knock Off|[of] p1a: Cacturne\n|faint|p2a: Ditto\n|-damage|p1a: Cacturne|72/278 tox|[from] item: Life Orb\n|\n|-damage|p1a: Cacturne|55/278 tox|[from] psn\n|upkeep\n|\n|t:|1782818394\n|switch|p2a: Zekrom|Zekrom, L71|259/259\n|-damage|p2a: Zekrom|227/259|[from] Stealth Rock\n|-ability|p2a: Zekrom|Teravolt\n|turn|22\n|\n|t:|1782818399\n|move|p2a: Zekrom|Substitute|p2a: Zekrom\n|-start|p2a: Zekrom|Substitute\n|-damage|p2a: Zekrom|163/259\n|move|p1a: Cacturne|Knock Off|p2a: Zekrom\n|-end|p2a: Zekrom|Substitute\n|-damage|p1a: Cacturne|28/278 tox|[from] item: Life Orb\n|\n|-heal|p2a: Zekrom|179/259|[from] item: Leftovers\n|-damage|p1a: Cacturne|0 fnt|[from] psn\n|faint|p1a: Cacturne\n|upkeep\n|\n|t:|1782818410\n|switch|p1a: Dragapult|Dragapult, L77, M|262/262\n|-status|p1a: Dragapult|tox\n|turn|23\n|\n|t:|1782818415\n|-terastallize|p2a: Zekrom|Fairy\n|move|p1a: Dragapult|Shadow Ball|p2a: Zekrom\n|-damage|p2a: Zekrom|70/259\n|-unboost|p2a: Zekrom|spd|1\n|move|p2a: Zekrom|Dragon Dance|p2a: Zekrom\n|-boost|p2a: Zekrom|atk|1\n|-boost|p2a: Zekrom|spe|1\n|\n|-heal|p2a: Zekrom|86/259|[from] item: Leftovers\n|-damage|p1a: Dragapult|246/262 tox|[from] psn\n|upkeep\n|turn|24\n|\n|t:|1782818420\n|move|p1a: Dragapult|Shadow Ball|p2a: Zekrom\n|-damage|p2a: Zekrom|0 fnt\n|faint|p2a: Zekrom\n|\n|win|imuseless123\n", "inputlog": ">version f8ac14003a5f27e1bdc8d8c59608a773c1cb96e5\n>start {\"formatid\":\"gen9randombattle\",\"seed\":\"sodium,9e245084da6018b4246ee1de94c3bcc2\",\"rated\":\"Rated battle\"}\n>player p1 {\"name\":\"imuseless123\",\"avatar\":\"flannery\",\"rating\":1969,\"seed\":\"sodium,ed3e06a090a54d7d5aa4daa092f27dfa\"}\n>player p2 {\"name\":\"Kranky Krookodile\",\"avatar\":\"170\",\"rating\":1932,\"seed\":\"sodium,ba19ae362443d55a6339276cd8f6c33e\"}\n>p1 move stealthrock\n>p2 move knockoff\n>p1 move earthquake\n>p2 switch 4\n>p1 move earthquake\n>p2 move psychicnoise\n>p1 move earthquake\n>p2 move psychicnoise\n>p1 switch 6\n>p1 move uturn\n>p2 switch 4\n>p1 switch 3\n>p1 move saltcure\n>p2 move knockoff\n>p1 move saltcure\n>p2 move toxicspikes\n>p1 move saltcure\n>p2 move toxicspikes\n>p2 switch 4\n>p1 move protect\n>p2 move psychicnoise\n>p1 switch 5\n>p2 move psychicnoise\n>p1 move suckerpunch\n>p2 move megahorn\n>p2 switch 3\n>p1 switch 5\n>p2 move tripleaxel\n>p1 move saltcure\n>p2 move taunt\n>p1 move earthquake\n>p2 move tripleaxel\n>p2 switch 5\n>p1 switch 2\n>p2 move thunderbolt\n>p1 move calmmind\n>p2 move nastyplot\n>p1 move thunderbolt\n>p2 move focusblast\n>p1 move thunderbolt\n>p2 move focusblast\n>p2 switch 2\n>p1 move scald\n>p2 move thunderbolt\n>p1 switch 2\n>p2 move thunderbolt\n>p1 switch 5\n>p1 move knockoff\n>p2 move thunderbolt\n>p2 switch 6\n>p1 move knockoff\n>p2 move substitute\n>p1 switch 3\n>p1 move shadowball\n>p2 move dragondance terastallize\n>p1 move shadowball\n>p2 move dragondance", "uploadtime": 1782818158, "views": 3, "formatid": "gen9randombattle", "rating": null, "private": 0, "password": null, "player_dets": [{"name": "imuseless123", "avatar": "flannery", "rating": 1969, "seed": "sodium,ed3e06a090a54d7d5aa4daa092f27dfa"}, {"name": "Kranky Krookodile", "avatar": "170", "rating": 1932, "seed": "sodium,ba19ae362443d55a6339276cd8f6c33e"}], "teams_full": [{"Piloswine": {"name": "Piloswine", "species": "Piloswine", "speciesId": "piloswine", "gender": "M", "shiny": false, "level": 85, "moves": ["stealthrock", "roar", "earthquake", "iciclecrash"], "ability": "Thick Fat", "evs": {"hp": 85, "atk": 85, "def": 85, "spa": 85, "spd": 85, "spe": 85}, "ivs": {"hp": 31, "atk": 31, "def": 31, "spa": 31, "spd": 31, "spe": 31}, "item": "Eviolite", "teraType": "Poison", "role": "Bulky Support", "bvs": {"hp": 100, "atk": 100, "def": 80, "spa": 60, "spd": 60, "spe": 50}, "stats": {"hp": 309, "atk": 219, "def": 185, "spa": 151, "spd": 151, "spe": 134}, "types": ["Ice", "Ground"]}, "Raikou": {"name": "Raikou", "species": "Raikou", "speciesId": "raikou", "gender": "N", "shiny": false, "level": 81, "moves": ["calmmind", "thunderbolt", "scald", "shadowball"], "ability": "Pressure", "evs": {"hp": 85, "atk": 0, "def": 85, "spa": 85, "spd": 85, "spe": 85}, "ivs": {"hp": 31, "atk": 0, "def": 31, "spa": 31, "spd": 31, "spe": 31}, "item": "Leftovers", "teraType": "Water", "role": "Bulky Attacker", "bvs": {"hp": 90, "atk": 85, "def": 75, "spa": 115, "spd": 100, "spe": 115}, "stats": {"hp": 278, "atk": 142, "def": 168, "spa": 233, "spd": 209, "spe": 233}, "types": ["Electric"]}, "Garganacl": {"name": "Garganacl", "species": "Garganacl", "speciesId": "garganacl", "gender": "M", "shiny": false, "level": 80, "moves": ["protect", "saltcure", "earthquake", "recover"], "ability": "Purifying Salt", "evs": {"hp": 85, "atk": 85, "def": 85, "spa": 85, "spd": 85, "spe": 85}, "ivs": {"hp": 31, "atk": 31, "def": 31, "spa": 31, "spd": 31, "spe": 31}, "item": "Leftovers", "teraType": "Ghost", "role": "Bulky Attacker", "bvs": {"hp": 100, "atk": 100, "def": 130, "spa": 45, "spd": 90, "spe": 35}, "stats": {"hp": 291, "atk": 206, "def": 254, "spa": 118, "spd": 190, "spe": 102}, "types": ["Rock"]}, "Comfey": {"name": "Comfey", "species": "Comfey", "speciesId": "comfey", "gender": "F", "shiny": false, "level": 85, "moves": ["terablast", "drainingkiss", "calmmind", "synthesis"], "ability": "Triage", "evs": {"hp": 85, "atk": 0, "def": 85, "spa": 85, "spd": 85, "spe": 85}, "ivs": {"hp": 31, "atk": 0, "def": 31, "spa": 31, "spd": 31, "spe": 31}, "item": "Leftovers", "teraType": "Ground", "role": "Tera Blast user", "bvs": {"hp": 51, "atk": 52, "def": 90, "spa": 82, "spd": 110, "spe": 100}, "stats": {"hp": 225, "atk": 93, "def": 202, "spa": 188, "spd": 236, "spe": 219}, "types": ["Fairy"]}, "Cacturne": {"name": "Cacturne", "species": "Cacturne", "speciesId": "cacturne", "gender": "M", "shiny": false, "level": 92, "moves": ["knockoff", "toxicspikes", "suckerpunch", "leafstorm"], "ability": "Water Absorb", "evs": {"hp": 85, "atk": 85, "def": 85, "spa": 85, "spd": 85, "spe": 85}, "ivs": {"hp": 31, "atk": 31, "def": 31, "spa": 31, "spd": 31, "spe": 31}, "item": "Life Orb", "teraType": "Dark", "role": "Wallbreaker", "bvs": {"hp": 70, "atk": 115, "def": 60, "spa": 115, "spd": 60, "spe": 55}, "stats": {"hp": 278, "atk": 264, "def": 163, "spa": 264, "spd": 163, "spe": 154}, "types": ["Grass", "Dark"]}, "Dragapult": {"name": "Dragapult", "species": "Dragapult", "speciesId": "dragapult", "gender": "M", "shiny": false, "level": 77, "moves": ["fireblast", "dracometeor", "shadowball", "uturn"], "ability": "Infiltrator", "evs": {"hp": 85, "atk": 85, "def": 85, "spa": 85, "spd": 85, "spe": 85}, "ivs": {"hp": 31, "atk": 31, "def": 31, "spa": 31, "spd": 31, "spe": 31}, "item": "Choice Specs", "teraType": "Dragon", "role": "Fast Attacker", "bvs": {"hp": 88, "atk": 120, "def": 75, "spa": 100, "spd": 75, "spe": 142}, "stats": {"hp": 262, "atk": 229, "def": 160, "spa": 199, "spd": 160, "spe": 263}, "types": ["Dragon", "Ghost"]}}, {"Skuntank": {"name": "Skuntank", "species": "Skuntank", "speciesId": "skuntank", "gender": "F", "shiny": false, "level": 84, "moves": ["gunkshot", "toxicspikes", "taunt", "knockoff"], "ability": "Aftermath", "evs": {"hp": 85, "atk": 85, "def": 85, "spa": 85, "spd": 85, "spe": 85}, "ivs": {"hp": 31, "atk": 31, "def": 31, "spa": 31, "spd": 31, "spe": 31}, "item": "Focus Sash", "teraType": "Dark", "role": "Fast Support", "bvs": {"hp": 103, "atk": 93, "def": 67, "spa": 71, "spd": 61, "spe": 84}, "stats": {"hp": 310, "atk": 204, "def": 161, "spa": 167, "spd": 151, "spe": 189}, "types": ["Poison", "Dark"]}, "Ditto": {"name": "Ditto", "species": "Ditto", "speciesId": "ditto", "gender": "N", "shiny": false, "level": 87, "moves": ["transform"], "ability": "Imposter", "evs": {"hp": 85, "atk": 85, "def": 85, "spa": 85, "spd": 85, "spe": 85}, "ivs": {"hp": 31, "atk": 31, "def": 31, "spa": 31, "spd": 31, "spe": 31}, "item": "Choice Scarf", "teraType": "Ghost", "role": "Fast Support", "bvs": {"hp": 48, "atk": 48, "def": 48, "spa": 48, "spd": 48, "spe": 48}, "stats": {"hp": 225, "atk": 133, "def": 133, "spa": 133, "spd": 133, "spe": 133}, "types": ["Normal"]}, "Froslass": {"name": "Froslass", "species": "Froslass", "speciesId": "froslass", "gender": "F", "shiny": false, "level": 87, "moves": ["taunt", "destinybond", "tripleaxel", "poltergeist"], "ability": "Cursed Body", "evs": {"hp": 81, "atk": 85, "def": 85, "spa": 85, "spd": 85, "spe": 85}, "ivs": {"hp": 31, "atk": 31, "def": 31, "spa": 31, "spd": 31, "spe": 31}, "item": "Wide Lens", "teraType": "Ghost", "role": "Fast Support", "bvs": {"hp": 70, "atk": 80, "def": 70, "spa": 80, "spd": 70, "spe": 110}, "stats": {"hp": 263, "atk": 189, "def": 172, "spa": 189, "spd": 172, "spe": 241}, "types": ["Ice", "Ghost"]}, "Wyrdeer": {"name": "Wyrdeer", "species": "Wyrdeer", "speciesId": "wyrdeer", "gender": "F", "shiny": false, "level": 87, "moves": ["earthquake", "bodyslam", "megahorn", "psychicnoise"], "ability": "Intimidate", "evs": {"hp": 85, "atk": 85, "def": 85, "spa": 85, "spd": 85, "spe": 85}, "ivs": {"hp": 31, "atk": 31, "def": 31, "spa": 31, "spd": 31, "spe": 31}, "item": "Assault Vest", "teraType": "Ground", "role": "Bulky Attacker", "bvs": {"hp": 103, "atk": 105, "def": 72, "spa": 105, "spd": 75, "spe": 65}, "stats": {"hp": 321, "atk": 232, "def": 175, "spa": 232, "spd": 180, "spe": 163}, "types": ["Normal", "Psychic"]}, "Thundurus": {"name": "Thundurus", "species": "Thundurus", "speciesId": "thundurus", "gender": "M", "shiny": false, "level": 80, "moves": ["terablast", "focusblast", "thunderbolt", "nastyplot"], "ability": "Defiant", "evs": {"hp": 85, "atk": 85, "def": 85, "spa": 85, "spd": 85, "spe": 85}, "ivs": {"hp": 31, "atk": 31, "def": 31, "spa": 31, "spd": 31, "spe": 31}, "item": "Heavy-Duty Boots", "teraType": "Flying", "role": "Tera Blast user", "bvs": {"hp": 79, "atk": 115, "def": 70, "spa": 125, "spd": 80, "spe": 111}, "stats": {"hp": 258, "atk": 230, "def": 158, "spa": 246, "spd": 174, "spe": 224}, "types": ["Electric", "Flying"]}, "Zekrom": {"name": "Zekrom", "species": "Zekrom", "speciesId": "zekrom", "gender": "N", "shiny": false, "level": 71, "moves": ["boltstrike", "substitute", "dragondance", "outrage"], "ability": "Teravolt", "evs": {"hp": 85, "atk": 85, "def": 85, "spa": 85, "spd": 85, "spe": 85}, "ivs": {"hp": 31, "atk": 31, "def": 31, "spa": 31, "spd": 31, "spe": 31}, "item": "Leftovers", "teraType": "Fairy", "role": "Setup Sweeper", "bvs": {"hp": 100, "atk": 150, "def": 120, "spa": 120, "spd": 100, "spe": 90}, "stats": {"hp": 259, "atk": 254, "def": 212, "spa": 212, "spd": 183, "spe": 169}, "types": ["Dragon", "Electric"]}}]}