{"id": "gen9randombattle-2641224594", "format": "[Gen 9] Random Battle", "players": ["Misticrosen", "Hipbone"], "log": "|j|\u2606Misticrosen\n|j|\u2606Hipbone\n|t:|1782755903\n|gametype|singles\n|player|p1|Misticrosen|2|1970\n|player|p2|Hipbone|hilda|1970\n|gen|9\n|tier|[Gen 9] Random Battle\n|rated|\n|rule|Species Clause: Limit one of each Pok\u00e9mon\n|rule|HP Percentage Mod: HP is shown in percentages\n|rule|Sleep Clause Mod: Limit one foe put to sleep\n|rule|Illusion Level Mod: Illusion disguises the Pok\u00e9mon's true level\n|\n|t:|1782755903\n|teamsize|p1|6\n|teamsize|p2|6\n|start\n|switch|p1a: Cinderace|Cinderace, L77, M|250/250\n|switch|p2a: Toucannon|Toucannon, L88, M|284/284\n|turn|1\n|inactive|Battle timer is ON: inactive players will automatically lose when time's up. (requested by Misticrosen)\n|\n|t:|1782755911\n|-singleturn|p2a: Toucannon|move: Beak Blast\n|move|p1a: Cinderace|Pyro Ball|p2a: Toucannon\n|-damage|p2a: Toucannon|142/284\n|move|p2a: Toucannon|Beak Blast|p1a: Cinderace\n|-damage|p1a: Cinderace|72/250\n|\n|upkeep\n|turn|2\n|\n|t:|1782755931\n|-singleturn|p2a: Toucannon|move: Beak Blast\n|move|p1a: Cinderace|Pyro Ball|p2a: Toucannon\n|-damage|p2a: Toucannon|9/284\n|move|p2a: Toucannon|Beak Blast|p1a: Cinderace\n|-damage|p1a: Cinderace|0 fnt\n|faint|p1a: Cinderace\n|\n|upkeep\n|\n|t:|1782755942\n|switch|p1a: Greninja|Greninja, L80, M|246/246\n|turn|3\n|\n|t:|1782755950\n|switch|p2a: Gogoat|Gogoat, L88, M|360/360\n|move|p1a: Greninja|Grass Knot|p2a: Gogoat\n|-start|p1a: Greninja|typechange|Grass|[from] ability: Protean\n|-ability|p2a: Gogoat|Sap Sipper|boost\n|-boost|p2a: Gogoat|atk|1\n|\n|upkeep\n|turn|4\n|\n|t:|1782755967\n|move|p1a: Greninja|Gunk Shot|p2a: Gogoat\n|-supereffective|p2a: Gogoat\n|-damage|p2a: Gogoat|105/360\n|-damage|p1a: Greninja|222/246|[from] item: Life Orb\n|move|p2a: Gogoat|Bulk Up|p2a: Gogoat\n|-boost|p2a: Gogoat|atk|1\n|-boost|p2a: Gogoat|def|1\n|\n|-heal|p2a: Gogoat|127/360|[from] item: Leftovers\n|upkeep\n|turn|5\n|\n|t:|1782755979\n|move|p1a: Greninja|Gunk Shot|p2a: Gogoat\n|-supereffective|p2a: Gogoat\n|-damage|p2a: Gogoat|0 fnt\n|faint|p2a: Gogoat\n|-damage|p1a: Greninja|198/246|[from] item: Life Orb\n|\n|upkeep\n|\n|t:|1782755988\n|switch|p2a: Ninetales|Ninetales, L85, F|263/263\n|-weather|SunnyDay|[from] ability: Drought|[of] p2a: Ninetales\n|turn|6\n|\n|t:|1782755995\n|switch|p1a: Snorlax|Snorlax, L82, F|397/397\n|move|p2a: Ninetales|Nasty Plot|p2a: Ninetales\n|-boost|p2a: Ninetales|spa|2\n|\n|-weather|SunnyDay|[upkeep]\n|upkeep\n|turn|7\n|\n|t:|1782756002\n|move|p2a: Ninetales|Nasty Plot|p2a: Ninetales\n|-boost|p2a: Ninetales|spa|2\n|move|p1a: Snorlax|Body Slam|p2a: Ninetales\n|-damage|p2a: Ninetales|166/263\n|\n|-weather|SunnyDay|[upkeep]\n|upkeep\n|turn|8\n|\n|t:|1782756005\n|move|p2a: Ninetales|Fire Blast|p1a: Snorlax|[miss]\n|-miss|p2a: Ninetales|p1a: Snorlax\n|move|p1a: Snorlax|Body Slam|p2a: Ninetales\n|-damage|p2a: Ninetales|63/263\n|\n|-weather|SunnyDay|[upkeep]\n|upkeep\n|turn|9\n|\n|t:|1782756007\n|move|p2a: Ninetales|Fire Blast|p1a: Snorlax\n|-damage|p1a: Snorlax|189/397\n|move|p1a: Snorlax|Body Slam|p2a: Ninetales\n|-damage|p2a: Ninetales|0 fnt\n|faint|p2a: Ninetales\n|\n|-weather|SunnyDay|[upkeep]\n|-heal|p1a: Snorlax|213/397|[from] item: Leftovers\n|upkeep\n|\n|t:|1782756023\n|switch|p2a: Toucannon|Toucannon, L88, M|9/284\n|turn|10\n|\n|t:|1782756034\n|-singleturn|p2a: Toucannon|move: Beak Blast\n|move|p1a: Snorlax|Body Slam|p2a: Toucannon\n|-damage|p2a: Toucannon|0 fnt\n|-status|p1a: Snorlax|brn\n|faint|p2a: Toucannon\n|\n|-weather|none\n|-heal|p1a: Snorlax|237/397 brn|[from] item: Leftovers\n|-damage|p1a: Snorlax|213/397 brn|[from] brn\n|upkeep\n|\n|t:|1782756045\n|switch|p2a: Jirachi|Jirachi, L80|291/291\n|turn|11\n|\n|t:|1782756049\n|move|p2a: Jirachi|Iron Head|p1a: Snorlax\n|-damage|p1a: Snorlax|113/397 brn\n|move|p1a: Snorlax|Rest|p1a: Snorlax\n|-status|p1a: Snorlax|slp|[from] move: Rest\n|-heal|p1a: Snorlax|397/397 slp|[silent]\n|\n|upkeep\n|turn|12\n|\n|t:|1782756058\n|switch|p2a: Terapagos|Terapagos, L77, F|265/265\n|-activate|p2a: Terapagos|ability: Tera Shift\n|detailschange|p2a: Terapagos|Terapagos-Terastal, L77, F\n|-heal|p2a: Terapagos|273/273|[silent]\n|switch|p1a: Greninja|Greninja, L80, M|198/246\n|\n|upkeep\n|turn|13\n|\n|t:|1782756062\n|move|p1a: Greninja|U-turn|p2a: Terapagos\n|-start|p1a: Greninja|typechange|Bug|[from] ability: Protean\n|-activate|p2a: Terapagos|ability: Tera Shell\n|-resisted|p2a: Terapagos\n|-damage|p2a: Terapagos|230/273\n|-damage|p1a: Greninja|174/246|[from] item: Life Orb\n|\n|t:|1782756064\n|switch|p1a: Maushold|Maushold, L76|238/238|[from] U-turn\n|move|p2a: Terapagos|Calm Mind|p2a: Terapagos\n|-boost|p2a: Terapagos|spa|1\n|-boost|p2a: Terapagos|spd|1\n|\n|upkeep\n|turn|14\n|\n|t:|1782756081\n|move|p1a: Maushold|Encore|p2a: Terapagos\n|-start|p2a: Terapagos|Encore\n|move|p2a: Terapagos|Calm Mind|p2a: Terapagos\n|-boost|p2a: Terapagos|spa|1\n|-boost|p2a: Terapagos|spd|1\n|\n|upkeep\n|turn|15\n|\n|t:|1782756087\n|switch|p2a: Iron Treads|Iron Treads, L77|265/265\n|move|p1a: Maushold|Tidy Up|p1a: Maushold\n|-boost|p1a: Maushold|atk|1\n|-boost|p1a: Maushold|spe|1\n|\n|upkeep\n|turn|16\n|\n|t:|1782756097\n|move|p1a: Maushold|Population Bomb|p2a: Iron Treads\n|-resisted|p2a: Iron Treads\n|-damage|p2a: Iron Treads|250/265\n|-resisted|p2a: Iron Treads\n|-damage|p2a: Iron Treads|237/265\n|-resisted|p2a: Iron Treads\n|-damage|p2a: Iron Treads|222/265\n|-resisted|p2a: Iron Treads\n|-damage|p2a: Iron Treads|207/265\n|-resisted|p2a: Iron Treads\n|-damage|p2a: Iron Treads|194/265\n|-resisted|p2a: Iron Treads\n|-damage|p2a: Iron Treads|182/265\n|-resisted|p2a: Iron Treads\n|-damage|p2a: Iron Treads|167/265\n|-resisted|p2a: Iron Treads\n|-damage|p2a: Iron Treads|155/265\n|-resisted|p2a: Iron Treads\n|-damage|p2a: Iron Treads|142/265\n|-resisted|p2a: Iron Treads\n|-damage|p2a: Iron Treads|128/265\n|-hitcount|p2a: Iron Treads|10\n|move|p2a: Iron Treads|Earthquake|p1a: Maushold\n|-damage|p1a: Maushold|105/238\n|\n|-heal|p2a: Iron Treads|144/265|[from] item: Leftovers\n|upkeep\n|turn|17\n|\n|t:|1782756108\n|switch|p1a: Passimian|Passimian, L83, M|302/302\n|move|p2a: Iron Treads|Earthquake|p1a: Passimian\n|-damage|p1a: Passimian|206/302\n|\n|-heal|p2a: Iron Treads|160/265|[from] item: Leftovers\n|-heal|p1a: Passimian|224/302|[from] item: Leftovers\n|upkeep\n|turn|18\n|\n|t:|1782756135\n|-end|p2a: Iron Treads|Quark Drive|[silent]\n|switch|p2a: Jirachi|Jirachi, L80|291/291\n|move|p1a: Passimian|Drain Punch|p2a: Jirachi\n|-damage|p2a: Jirachi|204/291\n|-heal|p1a: Passimian|268/302|[from] drain|[of] p2a: Jirachi\n|\n|-heal|p2a: Jirachi|222/291|[from] item: Leftovers\n|-heal|p1a: Passimian|286/302|[from] item: Leftovers\n|upkeep\n|turn|19\n|\n|t:|1782756143\n|move|p2a: Jirachi|Body Slam|p1a: Passimian\n|-damage|p1a: Passimian|234/302\n|move|p1a: Passimian|Knock Off|p2a: Jirachi\n|-supereffective|p2a: Jirachi\n|-damage|p2a: Jirachi|76/291\n|-enditem|p2a: Jirachi|Leftovers|[from] move: Knock Off|[of] p1a: Passimian\n|\n|-heal|p1a: Passimian|252/302|[from] item: Leftovers\n|upkeep\n|turn|20\n|\n|t:|1782756155\n|move|p2a: Jirachi|Body Slam|p1a: Passimian\n|-damage|p1a: Passimian|200/302\n|move|p1a: Passimian|Knock Off|p2a: Jirachi\n|-supereffective|p2a: Jirachi\n|-damage|p2a: Jirachi|0 fnt\n|faint|p2a: Jirachi\n|\n|-heal|p1a: Passimian|218/302|[from] item: Leftovers\n|upkeep\n|\n|t:|1782756162\n|switch|p2a: Terapagos|Terapagos-Terastal, L77, F|230/273\n|turn|21\n|\n|t:|1782756174\n|-terastallize|p2a: Terapagos|Stellar\n|detailschange|p2a: Terapagos|Terapagos-Stellar, L77, F, tera:Stellar\n|-heal|p2a: Terapagos|330/373|[silent]\n|move|p1a: Passimian|Knock Off|p2a: Terapagos\n|-damage|p2a: Terapagos|262/373\n|-enditem|p2a: Terapagos|Chesto Berry|[from] move: Knock Off|[of] p1a: Passimian\n|move|p2a: Terapagos|Tera Starstorm|p1a: Passimian\n|-damage|p1a: Passimian|80/302\n|\n|-heal|p1a: Passimian|98/302|[from] item: Leftovers\n|upkeep\n|turn|22\n|\n|t:|1782756185\n|switch|p1a: Maushold|Maushold, L76|105/238\n|move|p2a: Terapagos|Tera Starstorm|p1a: Maushold\n|-damage|p1a: Maushold|0 fnt\n|faint|p1a: Maushold\n|\n|upkeep\n|\n|t:|1782756190\n|switch|p1a: Groudon|Groudon, L72|263/263\n|-weather|SunnyDay|[from] ability: Drought|[of] p1a: Groudon\n|turn|23\n|\n|t:|1782756199\n|move|p2a: Terapagos|Tera Starstorm|p1a: Groudon\n|-damage|p1a: Groudon|133/263\n|move|p1a: Groudon|Heat Crash|p2a: Terapagos\n|-damage|p2a: Terapagos|141/373\n|\n|-weather|SunnyDay|[upkeep]\n|-heal|p1a: Groudon|149/263|[from] item: Leftovers\n|upkeep\n|turn|24\n|\n|t:|1782756208\n|move|p2a: Terapagos|Rest|p2a: Terapagos\n|-status|p2a: Terapagos|slp|[from] move: Rest\n|-heal|p2a: Terapagos|373/373 slp|[silent]\n|move|p1a: Groudon|Heat Crash|p2a: Terapagos\n|-damage|p2a: Terapagos|259/373 slp\n|\n|-weather|SunnyDay|[upkeep]\n|-heal|p1a: Groudon|165/263|[from] item: Leftovers\n|upkeep\n|turn|25\n|\n|t:|1782756216\n|cant|p2a: Terapagos|slp\n|move|p1a: Groudon|Swords Dance|p1a: Groudon\n|-boost|p1a: Groudon|atk|2\n|\n|-weather|SunnyDay|[upkeep]\n|-heal|p1a: Groudon|181/263|[from] item: Leftovers\n|upkeep\n|turn|26\n|\n|t:|1782756220\n|cant|p2a: Terapagos|slp\n|move|p1a: Groudon|Precipice Blades|p2a: Terapagos\n|-damage|p2a: Terapagos|27/373 slp\n|\n|-weather|SunnyDay|[upkeep]\n|-heal|p1a: Groudon|197/263|[from] item: Leftovers\n|upkeep\n|turn|27\n|\n|t:|1782756223\n|-curestatus|p2a: Terapagos|slp|[msg]\n|move|p2a: Terapagos|Tera Starstorm|p1a: Groudon\n|-damage|p1a: Groudon|76/263\n|move|p1a: Groudon|Heat Crash|p2a: Terapagos\n|-damage|p2a: Terapagos|0 fnt\n|faint|p2a: Terapagos\n|detailschange|p2: Terapagos|Terapagos, L77, F|[silent]\n|\n|-weather|none\n|-heal|p1a: Groudon|92/263|[from] item: Leftovers\n|upkeep\n|\n|t:|1782756228\n|switch|p2a: Iron Treads|Iron Treads, L77|160/265\n|turn|28\n|\n|t:|1782756231\n|move|p2a: Iron Treads|Earthquake|p1a: Groudon\n|-damage|p1a: Groudon|14/263\n|move|p1a: Groudon|Heat Crash|p2a: Iron Treads\n|-supereffective|p2a: Iron Treads\n|-damage|p2a: Iron Treads|0 fnt\n|faint|p2a: Iron Treads\n|-end|p2a: Iron Treads|Quark Drive|[silent]\n|\n|win|Misticrosen\n|raw|Misticrosen's rating: 1970 &rarr; <strong>1990</strong><br />(+20 for winning)\n|raw|Hipbone's rating: 1970 &rarr; <strong>1950</strong><br />(-20 for losing)\n", "inputlog": ">version f8ac14003a5f27e1bdc8d8c59608a773c1cb96e5\n>start {\"formatid\":\"gen9randombattle\",\"seed\":\"sodium,be37f490187c45a45fb855e92f941548\",\"rated\":\"Rated battle\"}\n>player p1 {\"name\":\"Misticrosen\",\"avatar\":\"2\",\"rating\":1970,\"seed\":\"sodium,8ac57809b034dab51e19885fea575b58\"}\n>player p2 {\"name\":\"Hipbone\",\"avatar\":\"hilda\",\"rating\":1970,\"seed\":\"sodium,b41509250d117eb5b0ae58cb8ddc1cb3\"}\n>p1 move pyroball\n>p2 move beakblast\n>p1 move pyroball\n>p2 move beakblast\n>p1 switch 2\n>p1 move grassknot\n>p2 switch 5\n>p1 move gunkshot\n>p2 move bulkup\n>p1 move gunkshot\n>p2 move milkdrink\n>p2 switch 2\n>p1 switch 6\n>p2 move nastyplot\n>p1 move bodyslam\n>p2 move nastyplot\n>p1 move bodyslam\n>p2 move fireblast\n>p1 move bodyslam\n>p2 move fireblast\n>p2 switch 5\n>p1 move bodyslam\n>p2 move beakblast\n>p2 switch 4\n>p1 move rest\n>p2 move ironhead\n>p1 switch 6\n>p2 switch 6\n>p1 move uturn\n>p2 move calmmind\n>p1 switch 4\n>p1 move encore\n>p2 move rest\n>p1 move tidyup\n>p2 switch 3\n>p1 move populationbomb\n>p2 move earthquake\n>p1 switch 3\n>p2 move earthquake\n>p1 move drainpunch\n>p2 switch 6\n>p1 move knockoff\n>p2 move bodyslam\n>p1 move knockoff\n>p2 move bodyslam\n>p2 switch 3\n>p1 move knockoff\n>p2 move terastarstorm terastallize\n>p1 switch 3\n>p2 move terastarstorm\n>p1 switch 5\n>p1 move heatcrash\n>p2 move terastarstorm\n>p1 move heatcrash\n>p2 move rest\n>p1 move swordsdance\n>p2 move terastarstorm\n>p1 move precipiceblades\n>p2 move terastarstorm\n>p1 move heatcrash\n>p2 move terastarstorm\n>p2 switch 6\n>p1 move heatcrash\n>p2 move earthquake", "uploadtime": 1782756231, "views": 6, "formatid": "gen9randombattle", "rating": 1950, "private": 0, "password": null, "player_dets": [{"name": "Misticrosen", "avatar": "2", "rating": 1970, "seed": "sodium,8ac57809b034dab51e19885fea575b58"}, {"name": "Hipbone", "avatar": "hilda", "rating": 1970, "seed": "sodium,b41509250d117eb5b0ae58cb8ddc1cb3"}], "teams_full": [{"Cinderace": {"name": "Cinderace", "species": "Cinderace", "speciesId": "cinderace", "gender": "M", "shiny": false, "level": 77, "moves": ["uturn", "pyroball", "courtchange", "willowisp"], "ability": "Libero", "evs": {"hp": 85, "atk": 85, "def": 85, "spa": 85, "spd": 85, "spe": 85}, "ivs": {"hp": 31, "atk": 31, "def": 31, "spa": 31, "spd": 31, "spe": 31}, "item": "Heavy-Duty Boots", "teraType": "Grass", "role": "Fast Support", "bvs": {"hp": 80, "atk": 116, "def": 75, "spa": 65, "spd": 75, "spe": 119}, "stats": {"hp": 250, "atk": 223, "def": 160, "spa": 145, "spd": 160, "spe": 228}, "types": ["Fire"]}, "Greninja": {"name": "Greninja", "species": "Greninja", "speciesId": "greninja", "gender": "M", "shiny": false, "level": 80, "moves": ["grassknot", "hydropump", "gunkshot", "uturn"], "ability": "Protean", "evs": {"hp": 85, "atk": 85, "def": 85, "spa": 85, "spd": 85, "spe": 85}, "ivs": {"hp": 31, "atk": 31, "def": 31, "spa": 31, "spd": 31, "spe": 31}, "item": "Life Orb", "teraType": "Poison", "role": "Wallbreaker", "bvs": {"hp": 72, "atk": 95, "def": 67, "spa": 103, "spd": 71, "spe": 122}, "stats": {"hp": 246, "atk": 198, "def": 153, "spa": 211, "spd": 160, "spe": 241}, "types": ["Water", "Dark"]}, "Passimian": {"name": "Passimian", "species": "Passimian", "speciesId": "passimian", "gender": "M", "shiny": false, "level": 83, "moves": ["drainpunch", "bulkup", "knockoff", "gunkshot"], "ability": "Defiant", "evs": {"hp": 85, "atk": 85, "def": 85, "spa": 85, "spd": 85, "spe": 85}, "ivs": {"hp": 31, "atk": 31, "def": 31, "spa": 31, "spd": 31, "spe": 31}, "item": "Leftovers", "teraType": "Steel", "role": "Bulky Setup", "bvs": {"hp": 100, "atk": 120, "def": 90, "spa": 40, "spd": 60, "spe": 80}, "stats": {"hp": 302, "atk": 247, "def": 197, "spa": 114, "spd": 147, "spe": 180}, "types": ["Fighting"]}, "Maushold": {"name": "Maushold", "species": "Maushold", "speciesId": "maushold", "gender": "N", "shiny": false, "level": 76, "moves": ["populationbomb", "encore", "tidyup", "bite"], "ability": "Technician", "evs": {"hp": 85, "atk": 85, "def": 85, "spa": 85, "spd": 85, "spe": 85}, "ivs": {"hp": 31, "atk": 31, "def": 31, "spa": 31, "spd": 31, "spe": 31}, "item": "Wide Lens", "teraType": "Normal", "role": "Setup Sweeper", "bvs": {"hp": 74, "atk": 75, "def": 70, "spa": 65, "spd": 75, "spe": 111}, "stats": {"hp": 238, "atk": 158, "def": 150, "spa": 143, "spd": 158, "spe": 213}, "types": ["Normal"]}, "Groudon": {"name": "Groudon", "species": "Groudon", "speciesId": "groudon", "gender": "N", "shiny": false, "level": 72, "moves": ["heatcrash", "precipiceblades", "swordsdance", "thunderwave"], "ability": "Drought", "evs": {"hp": 85, "atk": 85, "def": 85, "spa": 85, "spd": 85, "spe": 85}, "ivs": {"hp": 31, "atk": 31, "def": 31, "spa": 31, "spd": 31, "spe": 31}, "item": "Leftovers", "teraType": "Fire", "role": "Bulky Setup", "bvs": {"hp": 100, "atk": 150, "def": 140, "spa": 100, "spd": 90, "spe": 90}, "stats": {"hp": 263, "atk": 258, "def": 244, "spa": 186, "spd": 172, "spe": 172}, "types": ["Ground"]}, "Snorlax": {"name": "Snorlax", "species": "Snorlax", "speciesId": "snorlax", "gender": "F", "shiny": false, "level": 82, "moves": ["rest", "curse", "sleeptalk", "bodyslam"], "ability": "Thick Fat", "evs": {"hp": 85, "atk": 85, "def": 85, "spa": 85, "spd": 85, "spe": 85}, "ivs": {"hp": 31, "atk": 31, "def": 31, "spa": 31, "spd": 31, "spe": 31}, "item": "Leftovers", "teraType": "Fairy", "role": "Bulky Attacker", "bvs": {"hp": 160, "atk": 110, "def": 65, "spa": 65, "spd": 110, "spe": 30}, "stats": {"hp": 397, "atk": 228, "def": 154, "spa": 154, "spd": 228, "spe": 96}, "types": ["Normal"]}}, {"Toucannon": {"name": "Toucannon", "species": "Toucannon", "speciesId": "toucannon", "gender": "M", "shiny": false, "level": 88, "moves": ["beakblast", "roost", "boomburst", "uturn"], "ability": "Keen Eye", "evs": {"hp": 85, "atk": 85, "def": 85, "spa": 85, "spd": 85, "spe": 85}, "ivs": {"hp": 31, "atk": 31, "def": 31, "spa": 31, "spd": 31, "spe": 31}, "item": "Heavy-Duty Boots", "teraType": "Steel", "role": "Bulky Support", "bvs": {"hp": 80, "atk": 120, "def": 75, "spa": 75, "spd": 75, "spe": 60}, "stats": {"hp": 284, "atk": 261, "def": 182, "spa": 182, "spd": 182, "spe": 156}, "types": ["Normal", "Flying"]}, "Ninetales": {"name": "Ninetales", "species": "Ninetales", "speciesId": "ninetales", "gender": "F", "shiny": false, "level": 85, "moves": ["fireblast", "nastyplot", "solarbeam", "scorchingsands"], "ability": "Drought", "evs": {"hp": 85, "atk": 0, "def": 85, "spa": 85, "spd": 85, "spe": 85}, "ivs": {"hp": 31, "atk": 0, "def": 31, "spa": 31, "spd": 31, "spe": 31}, "item": "Heavy-Duty Boots", "teraType": "Fire", "role": "Setup Sweeper", "bvs": {"hp": 73, "atk": 76, "def": 75, "spa": 81, "spd": 100, "spe": 100}, "stats": {"hp": 263, "atk": 134, "def": 176, "spa": 186, "spd": 219, "spe": 219}, "types": ["Fire"]}, "Iron Treads": {"name": "Iron Treads", "species": "Iron Treads", "speciesId": "irontreads", "gender": "N", "shiny": false, "level": 77, "moves": ["stealthrock", "earthquake", "ironhead", "rapidspin"], "ability": "Quark Drive", "evs": {"hp": 85, "atk": 85, "def": 85, "spa": 85, "spd": 85, "spe": 85}, "ivs": {"hp": 31, "atk": 31, "def": 31, "spa": 31, "spd": 31, "spe": 31}, "item": "Leftovers", "teraType": "Dragon", "role": "Bulky Support", "bvs": {"hp": 90, "atk": 112, "def": 120, "spa": 72, "spd": 70, "spe": 106}, "stats": {"hp": 265, "atk": 217, "def": 229, "spa": 155, "spd": 152, "spe": 208}, "types": ["Ground", "Steel"]}, "Jirachi": {"name": "Jirachi", "species": "Jirachi", "speciesId": "jirachi", "gender": "N", "shiny": false, "level": 80, "moves": ["bodyslam", "wish", "ironhead", "protect"], "ability": "Serene Grace", "evs": {"hp": 85, "atk": 85, "def": 85, "spa": 85, "spd": 85, "spe": 85}, "ivs": {"hp": 31, "atk": 31, "def": 31, "spa": 31, "spd": 31, "spe": 31}, "item": "Leftovers", "teraType": "Water", "role": "Fast Support", "bvs": {"hp": 100, "atk": 100, "def": 100, "spa": 100, "spd": 100, "spe": 100}, "stats": {"hp": 291, "atk": 206, "def": 206, "spa": 206, "spd": 206, "spe": 206}, "types": ["Steel", "Psychic"]}, "Gogoat": {"name": "Gogoat", "species": "Gogoat", "speciesId": "gogoat", "gender": "M", "shiny": false, "level": 88, "moves": ["earthquake", "milkdrink", "hornleech", "bulkup"], "ability": "Sap Sipper", "evs": {"hp": 85, "atk": 85, "def": 85, "spa": 85, "spd": 85, "spe": 85}, "ivs": {"hp": 31, "atk": 31, "def": 31, "spa": 31, "spd": 31, "spe": 31}, "item": "Leftovers", "teraType": "Water", "role": "Bulky Setup", "bvs": {"hp": 123, "atk": 100, "def": 62, "spa": 97, "spd": 81, "spe": 68}, "stats": {"hp": 360, "atk": 226, "def": 159, "spa": 221, "spd": 193, "spe": 170}, "types": ["Grass"]}, "Terapagos": {"name": "Terapagos", "species": "Terapagos", "speciesId": "terapagos", "gender": "F", "shiny": false, "level": 77, "moves": ["terastarstorm", "earthpower", "rest", "calmmind"], "ability": "Tera Shift", "evs": {"hp": 85, "atk": 0, "def": 85, "spa": 85, "spd": 85, "spe": 85}, "ivs": {"hp": 31, "atk": 0, "def": 31, "spa": 31, "spd": 31, "spe": 31}, "item": "Chesto Berry", "teraType": "Stellar", "role": "Fast Bulky Setup", "bvs": {"hp": 90, "atk": 65, "def": 85, "spa": 65, "spd": 85, "spe": 60}, "stats": {"hp": 265, "atk": 105, "def": 175, "spa": 145, "spd": 175, "spe": 137}, "types": ["Normal"]}}]}