{"id": "gen9randombattle-2641392762", "format": "[Gen 9] Random Battle", "players": ["diddygriddy22", "Microbyte_"], "log": "|j|\u2606diddygriddy22\n|j|\u2606Microbyte_\n|t:|1782777935\n|gametype|singles\n|player|p1|diddygriddy22|chili|1335\n|player|p2|Microbyte_|2|1312\n|gen|9\n|tier|[Gen 9] Random Battle\n|rated|\n|rule|Species Clause: Limit one of each Pok\u00e9mon\n|rule|HP Percentage Mod: HP is shown in percentages\n|rule|Sleep Clause Mod: Limit one foe put to sleep\n|rule|Illusion Level Mod: Illusion disguises the Pok\u00e9mon's true level\n|\n|t:|1782777935\n|teamsize|p1|6\n|teamsize|p2|6\n|start\n|switch|p1a: Torkoal|Torkoal, L88, M|266/266\n|switch|p2a: Lilligant|Lilligant, L86, F|261/261\n|-weather|SunnyDay|[from] ability: Drought|[of] p1a: Torkoal\n|turn|1\n|inactive|Battle timer is ON: inactive players will automatically lose when time's up. (requested by diddygriddy22)\n|\n|t:|1782777944\n|move|p2a: Lilligant|Sleep Powder|p1a: Torkoal\n|-status|p1a: Torkoal|slp|[from] move: Sleep Powder\n|cant|p1a: Torkoal|slp\n|\n|-weather|SunnyDay|[upkeep]\n|upkeep\n|turn|2\n|\n|t:|1782777969\n|switch|p1a: Drifblim|Drifblim, L86, M|398/398\n|move|p2a: Lilligant|Quiver Dance|p2a: Lilligant\n|-boost|p2a: Lilligant|spa|1\n|-boost|p2a: Lilligant|spd|1\n|-boost|p2a: Lilligant|spe|1\n|\n|-weather|SunnyDay|[upkeep]\n|upkeep\n|turn|3\n|\n|t:|1782777978\n|switch|p1a: Houndstone|Houndstone, L86, F|264/264\n|-terastallize|p2a: Lilligant|Fire\n|move|p2a: Lilligant|Tera Blast|p1a: Houndstone|[anim] Tera Blast Fire\n|-damage|p1a: Houndstone|0 fnt\n|faint|p1a: Houndstone\n|-damage|p2a: Lilligant|235/261|[from] item: Life Orb\n|\n|-weather|SunnyDay|[upkeep]\n|upkeep\n|inactive|diddygriddy22 has 120 seconds left.\n|\n|t:|1782777994\n|switch|p1a: Torkoal|Torkoal, L88, M|266/266 slp\n|turn|4\n|\n|t:|1782777999\n|move|p2a: Lilligant|Quiver Dance|p2a: Lilligant\n|-boost|p2a: Lilligant|spa|1\n|-boost|p2a: Lilligant|spd|1\n|-boost|p2a: Lilligant|spe|1\n|cant|p1a: Torkoal|slp\n|\n|-weather|SunnyDay|[upkeep]\n|upkeep\n|turn|5\n|\n|t:|1782778003\n|move|p2a: Lilligant|Quiver Dance|p2a: Lilligant\n|-boost|p2a: Lilligant|spa|1\n|-boost|p2a: Lilligant|spd|1\n|-boost|p2a: Lilligant|spe|1\n|-curestatus|p1a: Torkoal|slp|[msg]\n|move|p1a: Torkoal|Earthquake|p2a: Lilligant\n|-supereffective|p2a: Lilligant\n|-crit|p2a: Lilligant\n|-damage|p2a: Lilligant|21/261\n|\n|-weather|none\n|upkeep\n|turn|6\n|\n|t:|1782778022\n|move|p2a: Lilligant|Sleep Powder|p1a: Torkoal\n|-status|p1a: Torkoal|slp|[from] move: Sleep Powder\n|cant|p1a: Torkoal|slp\n|\n|upkeep\n|turn|7\n|\n|t:|1782778027\n|move|p2a: Lilligant|Giga Drain|p1a: Torkoal\n|-resisted|p1a: Torkoal\n|-damage|p1a: Torkoal|105/266 slp\n|-heal|p2a: Lilligant|102/261|[from] drain|[of] p1a: Torkoal\n|-damage|p2a: Lilligant|76/261|[from] item: Life Orb\n|cant|p1a: Torkoal|slp\n|\n|upkeep\n|turn|8\n|\n|t:|1782778055\n|move|p2a: Lilligant|Giga Drain|p1a: Torkoal\n|-resisted|p1a: Torkoal\n|-damage|p1a: Torkoal|0 fnt\n|-heal|p2a: Lilligant|129/261|[from] drain|[of] p1a: Torkoal\n|faint|p1a: Torkoal\n|-damage|p2a: Lilligant|103/261|[from] item: Life Orb\n|\n|upkeep\n|\n|t:|1782778058\n|switch|p1a: Floatzel|Floatzel, L86, M|286/286\n|turn|9\n|\n|t:|1782778065\n|-terastallize|p1a: Floatzel|Steel\n|move|p2a: Lilligant|Giga Drain|p1a: Floatzel\n|-resisted|p1a: Floatzel\n|-damage|p1a: Floatzel|60/286\n|-heal|p2a: Lilligant|216/261|[from] drain|[of] p1a: Floatzel\n|-damage|p2a: Lilligant|190/261|[from] item: Life Orb\n|move|p1a: Floatzel|Ice Spinner|p2a: Lilligant\n|-resisted|p2a: Lilligant\n|-damage|p2a: Lilligant|153/261\n|\n|-heal|p1a: Floatzel|77/286|[from] item: Leftovers\n|upkeep\n|turn|10\n|c|\u2606diddygriddy22|Oops\n|-message|diddygriddy22 forfeited.\n|\n|win|Microbyte_\n|raw|diddygriddy22's rating: 1335 &rarr; <strong>1314</strong><br />(-21 for losing)\n|raw|Microbyte_'s rating: 1312 &rarr; <strong>1333</strong><br />(+21 for winning)\n|l|\u2606diddygriddy22\n|player|p1|\n", "inputlog": ">version f8ac14003a5f27e1bdc8d8c59608a773c1cb96e5\n>start {\"formatid\":\"gen9randombattle\",\"seed\":\"sodium,cb000d3d97693c11e9672a4df47981e5\",\"rated\":\"Rated battle\"}\n>player p1 {\"name\":\"diddygriddy22\",\"avatar\":\"chili\",\"rating\":1335,\"seed\":\"sodium,8e4fd9d5e730d24e6f6c0fd5b8868311\"}\n>player p2 {\"name\":\"Microbyte_\",\"avatar\":\"2\",\"rating\":1312,\"seed\":\"sodium,e13e9470af3bbaf594194a4703a0e710\"}\n>p1 move stealthrock\n>p2 move sleeppowder\n>p1 switch 3\n>p2 move quiverdance\n>p1 switch 6\n>p2 move terablast terastallize\n>p1 switch 3\n>p1 move earthquake\n>p2 move quiverdance\n>p1 move earthquake\n>p2 move quiverdance\n>p1 move earthquake\n>p2 move sleeppowder\n>p1 move earthquake\n>p2 move gigadrain\n>p1 move earthquake\n>p2 move gigadrain\n>p1 switch 4\n>p1 move icespinner terastallize\n>p2 move gigadrain\n>chat \u2606diddygriddy22|Oops\n>forcelose p1", "uploadtime": 1782778119, "views": 3, "formatid": "gen9randombattle", "rating": 1314, "private": 0, "password": null, "player_dets": [{"name": "diddygriddy22", "avatar": "chili", "rating": 1335, "seed": "sodium,8e4fd9d5e730d24e6f6c0fd5b8868311"}, {"name": "Microbyte_", "avatar": "2", "rating": 1312, "seed": "sodium,e13e9470af3bbaf594194a4703a0e710"}], "teams_full": [{"Torkoal": {"name": "Torkoal", "species": "Torkoal", "speciesId": "torkoal", "gender": "M", "shiny": false, "level": 88, "moves": ["fireblast", "earthquake", "solarbeam", "stealthrock"], "ability": "Drought", "evs": {"hp": 85, "atk": 85, "def": 85, "spa": 85, "spd": 85, "spe": 85}, "ivs": {"hp": 31, "atk": 31, "def": 31, "spa": 31, "spd": 31, "spe": 31}, "item": "Heavy-Duty Boots", "teraType": "Grass", "role": "Wallbreaker", "bvs": {"hp": 70, "atk": 85, "def": 140, "spa": 85, "spd": 70, "spe": 20}, "stats": {"hp": 266, "atk": 200, "def": 297, "spa": 200, "spd": 173, "spe": 85}, "types": ["Fire"]}, "Noivern": {"name": "Noivern", "species": "Noivern", "speciesId": "noivern", "gender": "F", "shiny": false, "level": 82, "moves": ["dracometeor", "uturn", "boomburst", "hurricane"], "ability": "Infiltrator", "evs": {"hp": 85, "atk": 85, "def": 85, "spa": 85, "spd": 85, "spe": 85}, "ivs": {"hp": 31, "atk": 31, "def": 31, "spa": 31, "spd": 31, "spe": 31}, "item": "Choice Specs", "teraType": "Normal", "role": "Fast Attacker", "bvs": {"hp": 85, "atk": 70, "def": 80, "spa": 97, "spd": 80, "spe": 123}, "stats": {"hp": 274, "atk": 162, "def": 178, "spa": 206, "spd": 178, "spe": 249}, "types": ["Flying", "Dragon"]}, "Drifblim": {"name": "Drifblim", "species": "Drifblim", "speciesId": "drifblim", "gender": "M", "shiny": false, "level": 86, "moves": ["strengthsap", "defog", "shadowball", "airslash"], "ability": "Aftermath", "evs": {"hp": 85, "atk": 0, "def": 85, "spa": 85, "spd": 85, "spe": 85}, "ivs": {"hp": 31, "atk": 0, "def": 31, "spa": 31, "spd": 31, "spe": 31}, "item": "Heavy-Duty Boots", "teraType": "Dark", "role": "Bulky Attacker", "bvs": {"hp": 150, "atk": 80, "def": 44, "spa": 90, "spd": 54, "spe": 80}, "stats": {"hp": 398, "atk": 142, "def": 125, "spa": 204, "spd": 142, "spe": 187}, "types": ["Ghost", "Flying"]}, "Floatzel": {"name": "Floatzel", "species": "Floatzel", "speciesId": "floatzel", "gender": "M", "shiny": false, "level": 86, "moves": ["bulkup", "taunt", "wavecrash", "icespinner"], "ability": "Water Veil", "evs": {"hp": 85, "atk": 85, "def": 85, "spa": 85, "spd": 85, "spe": 85}, "ivs": {"hp": 31, "atk": 31, "def": 31, "spa": 31, "spd": 31, "spe": 31}, "item": "Leftovers", "teraType": "Steel", "role": "Bulky Setup", "bvs": {"hp": 85, "atk": 105, "def": 55, "spa": 85, "spd": 50, "spe": 115}, "stats": {"hp": 286, "atk": 230, "def": 144, "spa": 195, "spd": 135, "spe": 247}, "types": ["Water"]}, "Blastoise": {"name": "Blastoise", "species": "Blastoise", "speciesId": "blastoise", "gender": "F", "shiny": false, "level": 80, "moves": ["earthquake", "hydropump", "icebeam", "shellsmash"], "ability": "Torrent", "evs": {"hp": 85, "atk": 85, "def": 85, "spa": 85, "spd": 85, "spe": 85}, "ivs": {"hp": 31, "atk": 31, "def": 31, "spa": 31, "spd": 31, "spe": 31}, "item": "White Herb", "teraType": "Steel", "role": "Setup Sweeper", "bvs": {"hp": 79, "atk": 83, "def": 100, "spa": 85, "spd": 105, "spe": 78}, "stats": {"hp": 258, "atk": 179, "def": 206, "spa": 182, "spd": 214, "spe": 171}, "types": ["Water"]}, "Houndstone": {"name": "Houndstone", "species": "Houndstone", "speciesId": "houndstone", "gender": "F", "shiny": false, "level": 86, "moves": ["roar", "bodypress", "poltergeist", "shadowsneak"], "ability": "Fluffy", "evs": {"hp": 85, "atk": 85, "def": 85, "spa": 85, "spd": 85, "spe": 85}, "ivs": {"hp": 31, "atk": 31, "def": 31, "spa": 31, "spd": 31, "spe": 31}, "item": "Leftovers", "teraType": "Fighting", "role": "Bulky Attacker", "bvs": {"hp": 72, "atk": 101, "def": 100, "spa": 50, "spd": 97, "spe": 68}, "stats": {"hp": 264, "atk": 223, "def": 221, "spa": 135, "spd": 216, "spe": 166}, "types": ["Ghost"]}}, {"Lilligant": {"name": "Lilligant", "species": "Lilligant", "speciesId": "lilligant", "gender": "F", "shiny": false, "level": 86, "moves": ["gigadrain", "quiverdance", "sleeppowder", "terablast"], "ability": "Chlorophyll", "evs": {"hp": 85, "atk": 0, "def": 85, "spa": 85, "spd": 85, "spe": 85}, "ivs": {"hp": 31, "atk": 0, "def": 31, "spa": 31, "spd": 31, "spe": 31}, "item": "Life Orb", "teraType": "Fire", "role": "Tera Blast user", "bvs": {"hp": 70, "atk": 60, "def": 75, "spa": 110, "spd": 75, "spe": 90}, "stats": {"hp": 261, "atk": 108, "def": 178, "spa": 238, "spd": 178, "spe": 204}, "types": ["Grass"]}, "Arceus": {"name": "Arceus", "species": "Arceus-Flying", "speciesId": "arceusflying", "gender": "N", "shiny": false, "level": 69, "moves": ["judgment", "earthpower", "recover", "calmmind"], "ability": "Multitype", "evs": {"hp": 81, "atk": 0, "def": 85, "spa": 85, "spd": 85, "spe": 85}, "ivs": {"hp": 31, "atk": 0, "def": 31, "spa": 31, "spd": 31, "spe": 31}, "item": "Sky Plate", "teraType": "Ground", "role": "Bulky Setup", "bvs": {"hp": 120, "atk": 120, "def": 120, "spa": 120, "spd": 120, "spe": 120}, "stats": {"hp": 279, "atk": 170, "def": 206, "spa": 206, "spd": 206, "spe": 206}, "types": ["Flying"]}, "Hitmontop": {"name": "Hitmontop", "species": "Hitmontop", "speciesId": "hitmontop", "gender": "M", "shiny": false, "level": 88, "moves": ["rapidspin", "closecombat", "earthquake", "stoneedge"], "ability": "Intimidate", "evs": {"hp": 85, "atk": 85, "def": 85, "spa": 85, "spd": 85, "spe": 85}, "ivs": {"hp": 31, "atk": 31, "def": 31, "spa": 31, "spd": 31, "spe": 31}, "item": "Assault Vest", "teraType": "Steel", "role": "Bulky Support", "bvs": {"hp": 50, "atk": 95, "def": 95, "spa": 35, "spd": 110, "spe": 70}, "stats": {"hp": 231, "atk": 217, "def": 217, "spa": 112, "spd": 244, "spe": 173}, "types": ["Fighting"]}, "Kricketune": {"name": "Kricketune", "species": "Kricketune", "speciesId": "kricketune", "gender": "M", "shiny": false, "level": 99, "moves": ["stickyweb", "pounce", "taunt", "knockoff"], "ability": "Technician", "evs": {"hp": 85, "atk": 85, "def": 85, "spa": 85, "spd": 85, "spe": 85}, "ivs": {"hp": 31, "atk": 31, "def": 31, "spa": 31, "spd": 31, "spe": 31}, "item": "Heavy-Duty Boots", "teraType": "Ghost", "role": "Fast Support", "bvs": {"hp": 77, "atk": 85, "def": 51, "spa": 55, "spd": 51, "spe": 65}, "stats": {"hp": 312, "atk": 224, "def": 157, "spa": 165, "spd": 157, "spe": 185}, "types": ["Bug"]}, "Alomomola": {"name": "Alomomola", "species": "Alomomola", "speciesId": "alomomola", "gender": "M", "shiny": false, "level": 87, "moves": ["scald", "wish", "protect", "flipturn"], "ability": "Regenerator", "evs": {"hp": 85, "atk": 85, "def": 85, "spa": 85, "spd": 85, "spe": 85}, "ivs": {"hp": 31, "atk": 31, "def": 31, "spa": 31, "spd": 31, "spe": 31}, "item": "Rocky Helmet", "teraType": "Steel", "role": "Bulky Support", "bvs": {"hp": 165, "atk": 75, "def": 80, "spa": 40, "spd": 45, "spe": 65}, "stats": {"hp": 429, "atk": 180, "def": 189, "spa": 119, "spd": 128, "spe": 163}, "types": ["Water"]}, "Eiscue": {"name": "Eiscue", "species": "Eiscue", "speciesId": "eiscue", "gender": "F", "shiny": false, "level": 88, "moves": ["liquidation", "bellydrum", "ironhead", "icespinner"], "ability": "Ice Face", "evs": {"hp": 81, "atk": 85, "def": 85, "spa": 85, "spd": 85, "spe": 85}, "ivs": {"hp": 31, "atk": 31, "def": 31, "spa": 31, "spd": 31, "spe": 31}, "item": "Sitrus Berry", "teraType": "Water", "role": "Setup Sweeper", "bvs": {"hp": 75, "atk": 80, "def": 110, "spa": 65, "spd": 90, "spe": 50}, "stats": {"hp": 274, "atk": 191, "def": 244, "spa": 165, "spd": 209, "spe": 138}, "types": ["Ice"]}}]}