{"id": "gen9randombattle-2641262588", "format": "[Gen 9] Random Battle", "players": ["batmanoftheboro", "Zabeme"], "log": "|j|\u2606batmanoftheboro\n|j|\u2606Zabeme\n|t:|1782760622\n|gametype|singles\n|player|p1|batmanoftheboro|fisherman-gen4|1422\n|player|p2|Zabeme|lady-gen4|1438\n|gen|9\n|tier|[Gen 9] Random Battle\n|rated|\n|rule|Species Clause: Limit one of each Pok\u00e9mon\n|rule|HP Percentage Mod: HP is shown in percentages\n|rule|Sleep Clause Mod: Limit one foe put to sleep\n|rule|Illusion Level Mod: Illusion disguises the Pok\u00e9mon's true level\n|\n|t:|1782760622\n|teamsize|p1|6\n|teamsize|p2|6\n|start\n|switch|p1a: Dragonite|Dragonite, L74, M|257/257\n|switch|p2a: Fezandipiti|Fezandipiti, L82, M|278/278\n|turn|1\n|inactive|Battle timer is ON: inactive players will automatically lose when time's up. (requested by batmanoftheboro)\n|\n|t:|1782760654\n|switch|p1a: Munkidori|Munkidori, L79, M|269/269\n|move|p2a: Fezandipiti|Play Rough|p1a: Munkidori\n|-resisted|p1a: Munkidori\n|-damage|p1a: Munkidori|216/269\n|\n|upkeep\n|turn|2\n|inactive|Zabeme has 120 seconds left.\n|\n|t:|1782760690\n|move|p1a: Munkidori|Nasty Plot|p1a: Munkidori\n|-boost|p1a: Munkidori|spa|2\n|move|p2a: Fezandipiti|Swords Dance|p2a: Fezandipiti\n|-boost|p2a: Fezandipiti|atk|2\n|\n|upkeep\n|turn|3\n|inactive|Zabeme has 120 seconds left.\n|\n|t:|1782760704\n|move|p1a: Munkidori|Psyshock|p2a: Fezandipiti\n|-supereffective|p2a: Fezandipiti\n|-damage|p2a: Fezandipiti|0 fnt\n|faint|p2a: Fezandipiti\n|-damage|p1a: Munkidori|190/269|[from] item: Life Orb\n|\n|upkeep\n|\n|t:|1782760720\n|switch|p2a: Mabosstiff|Mabosstiff, L86, M|278/278\n|turn|4\n|\n|t:|1782760726\n|move|p2a: Mabosstiff|Crunch|p1a: Munkidori\n|-supereffective|p1a: Munkidori\n|-damage|p1a: Munkidori|0 fnt\n|faint|p1a: Munkidori\n|\n|upkeep\n|\n|t:|1782760736\n|switch|p1a: Umbreon|Umbreon, L84, F|297/297\n|turn|5\n|inactive|Zabeme has 120 seconds left.\n|\n|t:|1782760746\n|switch|p2a: Hatterene|Hatterene, L85, F|236/236\n|move|p1a: Umbreon|Toxic|p2a: Hatterene\n|move|p2a: Hatterene|Toxic|p1a: Umbreon|[from] ability: Magic Bounce\n|-status|p1a: Umbreon|tox\n|-activate|p1a: Umbreon|ability: Synchronize\n|-status|p2a: Hatterene|tox\n|\n|-damage|p1a: Umbreon|279/297 tox|[from] psn\n|-damage|p2a: Hatterene|222/236 tox|[from] psn\n|upkeep\n|turn|6\n|inactive|Zabeme has 120 seconds left.\n|\n|t:|1782760762\n|switch|p1a: Chansey|Chansey, L85, F|564/564\n|switch|p2a: Dondozo|Dondozo, L78, F|362/362\n|\n|upkeep\n|turn|7\n|inactive|Zabeme has 120 seconds left.\n|\n|t:|1782760779\n|switch|p1a: Umbreon|Umbreon, L84, F|279/297 tox\n|move|p2a: Dondozo|Curse|p2a: Dondozo\n|-unboost|p2a: Dondozo|spe|1\n|-boost|p2a: Dondozo|atk|1\n|-boost|p2a: Dondozo|def|1\n|\n|-heal|p1a: Umbreon|297/297 tox|[from] item: Leftovers\n|-damage|p1a: Umbreon|279/297 tox|[from] psn\n|upkeep\n|turn|8\n|\n|t:|1782760791\n|move|p1a: Umbreon|Foul Play|p2a: Dondozo\n|-damage|p2a: Dondozo|311/362\n|move|p2a: Dondozo|Wave Crash|p1a: Umbreon\n|-damage|p1a: Umbreon|123/297 tox\n|-damage|p2a: Dondozo|260/362|[from] Recoil\n|\n|-heal|p1a: Umbreon|141/297 tox|[from] item: Leftovers\n|-heal|p2a: Dondozo|282/362|[from] item: Leftovers\n|-damage|p1a: Umbreon|105/297 tox|[from] psn\n|upkeep\n|turn|9\n|\n|t:|1782760800\n|move|p1a: Umbreon|Wish|p1a: Umbreon\n|move|p2a: Dondozo|Wave Crash|p1a: Umbreon\n|-damage|p1a: Umbreon|0 fnt\n|faint|p1a: Umbreon\n|-damage|p2a: Dondozo|247/362|[from] Recoil\n|\n|-heal|p2a: Dondozo|269/362|[from] item: Leftovers\n|upkeep\n|\n|t:|1782760811\n|switch|p1a: Dragonite|Dragonite, L74, M|257/257\n|turn|10\n|c|\u2606batmanoftheboro|gg\n|-message|batmanoftheboro forfeited.\n|\n|win|Zabeme\n|raw|batmanoftheboro's rating: 1422 &rarr; <strong>1403</strong><br />(-19 for losing)\n|raw|Zabeme's rating: 1438 &rarr; <strong>1457</strong><br />(+19 for winning)\n|l|\u2606batmanoftheboro\n|player|p1|\n", "inputlog": ">version f8ac14003a5f27e1bdc8d8c59608a773c1cb96e5\n>start {\"formatid\":\"gen9randombattle\",\"seed\":\"sodium,e850c884d59af38663a08f03669d88ed\",\"rated\":\"Rated battle\"}\n>player p1 {\"name\":\"batmanoftheboro\",\"avatar\":\"fisherman-gen4\",\"rating\":1422,\"seed\":\"sodium,1ca4fee6c9724ac164b7359e4266305e\"}\n>player p2 {\"name\":\"Zabeme\",\"avatar\":\"lady-gen4\",\"rating\":1438,\"seed\":\"sodium,6d390be1d78f1dba7b95decc8404a52f\"}\n>p1 switch 3\n>p2 move playrough\n>p1 move nastyplot\n>p2 move swordsdance\n>p1 move psyshock\n>p2 move terablast\n>p2 switch 3\n>p1 move focusblast\n>p2 move crunch\n>p1 switch 4\n>p1 move toxic\n>p2 switch 5\n>p1 switch 2\n>p2 switch 6\n>p1 switch 2\n>p2 move curse\n>p1 move foulplay\n>p2 move wavecrash\n>p1 move wish\n>p2 move wavecrash\n>p1 switch 3\n>chat \u2606batmanoftheboro|gg\n>forcelose p1", "uploadtime": 1782760821, "views": 5, "formatid": "gen9randombattle", "rating": 1403, "private": 0, "password": null, "player_dets": [{"name": "batmanoftheboro", "avatar": "fisherman-gen4", "rating": 1422, "seed": "sodium,1ca4fee6c9724ac164b7359e4266305e"}, {"name": "Zabeme", "avatar": "lady-gen4", "rating": 1438, "seed": "sodium,6d390be1d78f1dba7b95decc8404a52f"}], "teams_full": [{"Dragonite": {"name": "Dragonite", "species": "Dragonite", "speciesId": "dragonite", "gender": "M", "shiny": false, "level": 74, "moves": ["earthquake", "outrage", "terablast", "dragondance"], "ability": "Multiscale", "evs": {"hp": 85, "atk": 85, "def": 85, "spa": 85, "spd": 85, "spe": 85}, "ivs": {"hp": 31, "atk": 31, "def": 31, "spa": 31, "spd": 31, "spe": 31}, "item": "Heavy-Duty Boots", "teraType": "Flying", "role": "Tera Blast user", "bvs": {"hp": 91, "atk": 134, "def": 95, "spa": 100, "spd": 100, "spe": 80}, "stats": {"hp": 257, "atk": 241, "def": 184, "spa": 191, "spd": 191, "spe": 161}, "types": ["Dragon", "Flying"]}, "Chansey": {"name": "Chansey", "species": "Chansey", "speciesId": "chansey", "gender": "F", "shiny": false, "level": 85, "moves": ["stealthrock", "softboiled", "seismictoss", "thunderwave"], "ability": "Natural Cure", "evs": {"hp": 85, "atk": 0, "def": 85, "spa": 85, "spd": 85, "spe": 85}, "ivs": {"hp": 31, "atk": 0, "def": 31, "spa": 31, "spd": 31, "spe": 31}, "item": "Eviolite", "teraType": "Fairy", "role": "Bulky Support", "bvs": {"hp": 250, "atk": 5, "def": 5, "spa": 35, "spd": 105, "spe": 50}, "stats": {"hp": 564, "atk": 13, "def": 57, "spa": 108, "spd": 227, "spe": 134}, "types": ["Normal"]}, "Munkidori": {"name": "Munkidori", "species": "Munkidori", "speciesId": "munkidori", "gender": "M", "shiny": false, "level": 79, "moves": ["sludgewave", "focusblast", "psyshock", "nastyplot"], "ability": "Toxic Chain", "evs": {"hp": 85, "atk": 0, "def": 85, "spa": 85, "spd": 85, "spe": 85}, "ivs": {"hp": 31, "atk": 0, "def": 31, "spa": 31, "spd": 31, "spe": 31}, "item": "Life Orb", "teraType": "Poison", "role": "Fast Attacker", "bvs": {"hp": 88, "atk": 75, "def": 66, "spa": 130, "spd": 90, "spe": 106}, "stats": {"hp": 269, "atk": 123, "def": 150, "spa": 251, "spd": 188, "spe": 213}, "types": ["Poison", "Psychic"]}, "Umbreon": {"name": "Umbreon", "species": "Umbreon", "speciesId": "umbreon", "gender": "F", "shiny": false, "level": 84, "moves": ["foulplay", "toxic", "protect", "wish"], "ability": "Synchronize", "evs": {"hp": 85, "atk": 0, "def": 85, "spa": 85, "spd": 85, "spe": 85}, "ivs": {"hp": 31, "atk": 0, "def": 31, "spa": 31, "spd": 31, "spe": 31}, "item": "Leftovers", "teraType": "Poison", "role": "Bulky Support", "bvs": {"hp": 95, "atk": 65, "def": 110, "spa": 60, "spd": 130, "spe": 65}, "stats": {"hp": 297, "atk": 114, "def": 233, "spa": 149, "spd": 267, "spe": 157}, "types": ["Dark"]}, "Oricorio": {"name": "Oricorio", "species": "Oricorio-Pa'u", "speciesId": "oricoriopau", "gender": "M", "shiny": false, "level": 87, "moves": ["hurricane", "quiverdance", "roost", "revelationdance"], "ability": "Dancer", "evs": {"hp": 85, "atk": 0, "def": 85, "spa": 85, "spd": 85, "spe": 85}, "ivs": {"hp": 31, "atk": 0, "def": 31, "spa": 31, "spd": 31, "spe": 31}, "item": "Heavy-Duty Boots", "teraType": "Ground", "role": "Setup Sweeper", "bvs": {"hp": 75, "atk": 70, "def": 70, "spa": 98, "spd": 70, "spe": 93}, "stats": {"hp": 272, "atk": 126, "def": 172, "spa": 220, "spd": 172, "spe": 212}, "types": ["Psychic", "Flying"]}, "Flutter Mane": {"name": "Flutter Mane", "species": "Flutter Mane", "speciesId": "fluttermane", "gender": "N", "shiny": false, "level": 74, "moves": ["psyshock", "moonblast", "shadowball", "mysticalfire"], "ability": "Protosynthesis", "evs": {"hp": 85, "atk": 0, "def": 85, "spa": 85, "spd": 85, "spe": 85}, "ivs": {"hp": 31, "atk": 0, "def": 31, "spa": 31, "spd": 31, "spe": 31}, "item": "Choice Specs", "teraType": "Fairy", "role": "Wallbreaker", "bvs": {"hp": 55, "atk": 55, "def": 55, "spa": 135, "spd": 135, "spe": 135}, "stats": {"hp": 203, "atk": 86, "def": 124, "spa": 243, "spd": 243, "spe": 243}, "types": ["Ghost", "Fairy"]}}, {"Fezandipiti": {"name": "Fezandipiti", "species": "Fezandipiti", "speciesId": "fezandipiti", "gender": "M", "shiny": false, "level": 82, "moves": ["terablast", "playrough", "swordsdance", "gunkshot"], "ability": "Toxic Chain", "evs": {"hp": 85, "atk": 85, "def": 85, "spa": 85, "spd": 85, "spe": 85}, "ivs": {"hp": 31, "atk": 31, "def": 31, "spa": 31, "spd": 31, "spe": 31}, "item": "Leftovers", "teraType": "Ground", "role": "Tera Blast user", "bvs": {"hp": 88, "atk": 91, "def": 82, "spa": 70, "spd": 125, "spe": 99}, "stats": {"hp": 278, "atk": 196, "def": 182, "spa": 162, "spd": 252, "spe": 210}, "types": ["Poison", "Fairy"]}, "Drednaw": {"name": "Drednaw", "species": "Drednaw", "speciesId": "drednaw", "gender": "M", "shiny": false, "level": 81, "moves": ["shellsmash", "crunch", "liquidation", "stoneedge"], "ability": "Strong Jaw", "evs": {"hp": 85, "atk": 85, "def": 85, "spa": 85, "spd": 85, "spe": 85}, "ivs": {"hp": 31, "atk": 31, "def": 31, "spa": 31, "spd": 31, "spe": 31}, "item": "White Herb", "teraType": "Dark", "role": "Setup Sweeper", "bvs": {"hp": 90, "atk": 115, "def": 90, "spa": 48, "spd": 68, "spe": 74}, "stats": {"hp": 278, "atk": 233, "def": 192, "spa": 124, "spd": 157, "spe": 167}, "types": ["Water", "Rock"]}, "Mabosstiff": {"name": "Mabosstiff", "species": "Mabosstiff", "speciesId": "mabosstiff", "gender": "M", "shiny": false, "level": 86, "moves": ["playrough", "psychicfangs", "wildcharge", "crunch"], "ability": "Stakeout", "evs": {"hp": 85, "atk": 85, "def": 85, "spa": 85, "spd": 85, "spe": 85}, "ivs": {"hp": 31, "atk": 31, "def": 31, "spa": 31, "spd": 31, "spe": 31}, "item": "Choice Scarf", "teraType": "Dark", "role": "Bulky Attacker", "bvs": {"hp": 80, "atk": 120, "def": 90, "spa": 60, "spd": 70, "spe": 85}, "stats": {"hp": 278, "atk": 256, "def": 204, "spa": 152, "spd": 170, "spe": 195}, "types": ["Dark"]}, "Gengar": {"name": "Gengar", "species": "Gengar", "speciesId": "gengar", "gender": "M", "shiny": false, "level": 81, "moves": ["focusblast", "trick", "sludgewave", "shadowball"], "ability": "Cursed Body", "evs": {"hp": 85, "atk": 0, "def": 85, "spa": 85, "spd": 85, "spe": 85}, "ivs": {"hp": 31, "atk": 0, "def": 31, "spa": 31, "spd": 31, "spe": 31}, "item": "Choice Specs", "teraType": "Ghost", "role": "Wallbreaker", "bvs": {"hp": 60, "atk": 65, "def": 60, "spa": 130, "spd": 75, "spe": 110}, "stats": {"hp": 230, "atk": 110, "def": 144, "spa": 257, "spd": 168, "spe": 225}, "types": ["Ghost", "Poison"]}, "Hatterene": {"name": "Hatterene", "species": "Hatterene", "speciesId": "hatterene", "gender": "F", "shiny": false, "level": 85, "moves": ["mysticalfire", "drainingkiss", "psyshock", "calmmind"], "ability": "Magic Bounce", "evs": {"hp": 85, "atk": 0, "def": 85, "spa": 85, "spd": 85, "spe": 85}, "ivs": {"hp": 31, "atk": 0, "def": 31, "spa": 31, "spd": 31, "spe": 31}, "item": "Leftovers", "teraType": "Fairy", "role": "Bulky Setup", "bvs": {"hp": 57, "atk": 90, "def": 95, "spa": 136, "spd": 103, "spe": 29}, "stats": {"hp": 236, "atk": 158, "def": 210, "spa": 280, "spd": 224, "spe": 98}, "types": ["Psychic", "Fairy"]}, "Dondozo": {"name": "Dondozo", "species": "Dondozo", "speciesId": "dondozo", "gender": "F", "shiny": false, "level": 78, "moves": ["wavecrash", "rest", "curse", "sleeptalk"], "ability": "Unaware", "evs": {"hp": 85, "atk": 85, "def": 85, "spa": 85, "spd": 85, "spe": 85}, "ivs": {"hp": 31, "atk": 31, "def": 31, "spa": 31, "spd": 31, "spe": 31}, "item": "Leftovers", "teraType": "Dragon", "role": "Bulky Setup", "bvs": {"hp": 150, "atk": 100, "def": 115, "spa": 65, "spd": 65, "spe": 35}, "stats": {"hp": 362, "atk": 201, "def": 224, "spa": 146, "spd": 146, "spe": 100}, "types": ["Water"]}}]}