{"id": "gen9randombattle-2641714322", "format": "[Gen 9] Random Battle", "players": ["profrawr", "Capitan eevee"], "log": "|j|\u2606profrawr\n|j|\u2606Capitan eevee\n|t:|1782833162\n|gametype|singles\n|player|p1|profrawr|dancer|1535\n|player|p2|Capitan eevee|elaine|1558\n|gen|9\n|tier|[Gen 9] Random Battle\n|rated|\n|rule|Species Clause: Limit one of each Pok\u00e9mon\n|rule|HP Percentage Mod: HP is shown in percentages\n|rule|Sleep Clause Mod: Limit one foe put to sleep\n|rule|Illusion Level Mod: Illusion disguises the Pok\u00e9mon's true level\n|\n|t:|1782833162\n|teamsize|p1|6\n|teamsize|p2|6\n|start\n|switch|p1a: Rillaboom|Rillaboom, L79, F|288/288\n|switch|p2a: Ho-Oh|Ho-Oh, L71|268/268\n|-fieldstart|move: Grassy Terrain|[from] ability: Grassy Surge|[of] p1a: Rillaboom\n|turn|1\n|inactive|Battle timer is ON: inactive players will automatically lose when time's up. (requested by profrawr)\n|inactive|Capitan eevee also wants the timer to be on.\n|\n|t:|1782833190\n|switch|p1a: Chimecho|Chimecho, L93, M|290/290\n|move|p2a: Ho-Oh|Sacred Fire|p1a: Chimecho\n|-damage|p1a: Chimecho|194/290\n|\n|-heal|p1a: Chimecho|212/290|[from] item: Leftovers\n|upkeep\n|turn|2\n|inactive|Capitan eevee has 120 seconds left.\n|\n|t:|1782833237\n|switch|p2a: Pachirisu|Pachirisu, L96, M|271/271\n|move|p1a: Chimecho|Thunder Wave|p2a: Pachirisu\n|-immune|p2a: Pachirisu|[from] ability: Volt Absorb\n|\n|-heal|p1a: Chimecho|230/290|[from] item: Leftovers\n|upkeep\n|turn|3\n|\n|t:|1782833251\n|move|p2a: Pachirisu|Encore|p1a: Chimecho\n|-start|p1a: Chimecho|Encore\n|move|p1a: Chimecho|Thunder Wave|p2a: Pachirisu\n|-immune|p2a: Pachirisu|[from] ability: Volt Absorb\n|\n|-heal|p1a: Chimecho|248/290|[from] item: Leftovers\n|upkeep\n|turn|4\n|\n|t:|1782833267\n|switch|p1a: Wo-Chien|Wo-Chien, L83|277/277\n|-ability|p1a: Wo-Chien|Tablets of Ruin\n|move|p2a: Pachirisu|Super Fang|p1a: Wo-Chien\n|-damage|p1a: Wo-Chien|139/277\n|\n|-heal|p1a: Wo-Chien|156/277|[from] Grassy Terrain\n|-heal|p1a: Wo-Chien|173/277|[from] item: Leftovers\n|upkeep\n|turn|5\n|\n|t:|1782833281\n|move|p2a: Pachirisu|U-turn|p1a: Wo-Chien\n|-supereffective|p1a: Wo-Chien\n|-damage|p1a: Wo-Chien|61/277\n|\n|t:|1782833290\n|switch|p2a: Ho-Oh|Ho-Oh, L71|268/268|[from] U-turn\n|move|p1a: Wo-Chien|Giga Drain|p2a: Ho-Oh\n|-resisted|p2a: Ho-Oh\n|-damage|p2a: Ho-Oh|247/268\n|-heal|p1a: Wo-Chien|72/277|[from] drain|[of] p2a: Ho-Oh\n|\n|-heal|p1a: Wo-Chien|89/277|[from] Grassy Terrain\n|-heal|p1a: Wo-Chien|106/277|[from] item: Leftovers\n|-fieldend|move: Grassy Terrain\n|upkeep\n|turn|6\n|\n|t:|1782833306\n|switch|p1a: Chimecho|Chimecho, L93, M|248/290\n|move|p2a: Ho-Oh|Sacred Fire|p1a: Chimecho\n|-damage|p1a: Chimecho|148/290\n|-status|p1a: Chimecho|brn\n|\n|-heal|p1a: Chimecho|166/290 brn|[from] item: Leftovers\n|-damage|p1a: Chimecho|148/290 brn|[from] brn\n|upkeep\n|turn|7\n|inactive|Capitan eevee has 90 seconds left.\n|\n|t:|1782833323\n|switch|p2a: Pachirisu|Pachirisu, L96, M|271/271\n|move|p1a: Chimecho|Psychic Noise|p2a: Pachirisu\n|-damage|p2a: Pachirisu|187/271\n|-start|p2a: Pachirisu|move: Heal Block\n|\n|-heal|p1a: Chimecho|166/290 brn|[from] item: Leftovers\n|-damage|p1a: Chimecho|148/290 brn|[from] brn\n|upkeep\n|turn|8\n|inactive|Capitan eevee has 90 seconds left.\n|\n|t:|1782833333\n|move|p2a: Pachirisu|U-turn|p1a: Chimecho\n|-supereffective|p1a: Chimecho\n|-damage|p1a: Chimecho|76/290 brn\n|inactive|Capitan eevee has 90 seconds left.\n|\n|t:|1782833349\n|switch|p2a: Ho-Oh|Ho-Oh, L71|268/268|[from] U-turn\n|move|p1a: Chimecho|Psychic Noise|p2a: Ho-Oh\n|-damage|p2a: Ho-Oh|193/268\n|-start|p2a: Ho-Oh|move: Heal Block\n|\n|-heal|p1a: Chimecho|94/290 brn|[from] item: Leftovers\n|-damage|p1a: Chimecho|76/290 brn|[from] brn\n|upkeep\n|turn|9\n|\n|t:|1782833365\n|move|p1a: Chimecho|Psychic Noise|p2a: Ho-Oh\n|-damage|p2a: Ho-Oh|118/268\n|move|p2a: Ho-Oh|Brave Bird|p1a: Chimecho\n|-damage|p1a: Chimecho|0 fnt\n|faint|p1a: Chimecho\n|-damage|p2a: Ho-Oh|93/268|[from] Recoil\n|\n|-end|p2a: Ho-Oh|move: Heal Block\n|upkeep\n|\n|t:|1782833374\n|switch|p1a: Kingdra|Kingdra, L84, F|263/263\n|turn|10\n|inactive|Capitan eevee has 60 seconds left.\n|\n|t:|1782833434\n|switch|p2a: Crabominable|Crabominable, L90, M|321/321\n|move|p1a: Kingdra|Dragon Dance|p1a: Kingdra\n|-boost|p1a: Kingdra|atk|1\n|-boost|p1a: Kingdra|spe|1\n|\n|upkeep\n|turn|11\n|inactive|Capitan eevee has 30 seconds left.\n|inactive|Capitan eevee has 20 seconds left.\n|\n|t:|1782833463\n|move|p1a: Kingdra|Iron Head|p2a: Crabominable\n|-supereffective|p2a: Crabominable\n|-damage|p2a: Crabominable|159/321\n|cant|p2a: Crabominable|flinch\n|\n|upkeep\n|turn|12\n|inactive|Capitan eevee has 30 seconds left this turn.\n|inactive|Capitan eevee has 20 seconds left.\n|\n|t:|1782833477\n|move|p1a: Kingdra|Iron Head|p2a: Crabominable\n|-supereffective|p2a: Crabominable\n|-damage|p2a: Crabominable|0 fnt\n|faint|p2a: Crabominable\n|\n|upkeep\n|inactive|Capitan eevee has 25 seconds left this turn.\n|inactive|Capitan eevee has 20 seconds left.\n|inactive|Capitan eevee has 15 seconds left.\n|inactive|Capitan eevee has 10 seconds left.\n|\n|t:|1782833492\n|switch|p2a: Koraidon|Koraidon, L64|235/235\n|-weather|SunnyDay|[from] ability: Orichalcum Pulse|[of] p2a: Koraidon\n|-activate|p2a: Koraidon|Orichalcum Pulse|[source]\n|turn|13\n|inactive|Capitan eevee has 20 seconds left this turn.\n|inactive|Capitan eevee has 15 seconds left.\n|inactive|Capitan eevee has 10 seconds left.\n|inactive|profrawr has 120 seconds left.\n|\n|t:|1782833523\n|switch|p1a: Wo-Chien|Wo-Chien, L83|106/277\n|-ability|p1a: Wo-Chien|Tablets of Ruin\n|-terastallize|p2a: Koraidon|Fire\n|move|p2a: Koraidon|Scale Shot|p1a: Wo-Chien\n|-damage|p1a: Wo-Chien|87/277\n|-damage|p1a: Wo-Chien|68/277\n|-damage|p1a: Wo-Chien|49/277\n|-crit|p1a: Wo-Chien\n|-damage|p1a: Wo-Chien|21/277\n|-hitcount|p1a: Wo-Chien|4\n|-unboost|p2a: Koraidon|def|1\n|-boost|p2a: Koraidon|spe|1\n|\n|-weather|SunnyDay|[upkeep]\n|-heal|p1a: Wo-Chien|38/277|[from] item: Leftovers\n|upkeep\n|turn|14\n|inactive|Capitan eevee has 20 seconds left this turn.\n|inactive|Capitan eevee has 15 seconds left.\n|inactive|profrawr has 120 seconds left.\n|inactive|Capitan eevee has 10 seconds left.\n|inactive|Capitan eevee has 5 seconds left.\n|\n|t:|1782833541\n|move|p1a: Wo-Chien|Protect|p1a: Wo-Chien\n|-singleturn|p1a: Wo-Chien|Protect\n|move|p2a: Koraidon|Collision Course|p1a: Wo-Chien\n|-activate|p1a: Wo-Chien|move: Protect\n|\n|-weather|SunnyDay|[upkeep]\n|-heal|p1a: Wo-Chien|55/277|[from] item: Leftovers\n|upkeep\n|turn|15\n|inactive|Capitan eevee has 15 seconds left this turn.\n|inactive|Capitan eevee has 10 seconds left.\n|inactive|profrawr has 120 seconds left.\n|inactive|Capitan eevee has 5 seconds left.\n|\n|t:|1782833556\n|move|p2a: Koraidon|Collision Course|p1a: Wo-Chien\n|-supereffective|p1a: Wo-Chien\n|-damage|p1a: Wo-Chien|0 fnt\n|faint|p1a: Wo-Chien\n|\n|-weather|SunnyDay|[upkeep]\n|upkeep\n|inactive|profrawr has 120 seconds left.\n|\n|t:|1782833569\n|switch|p1a: Bisharp|Bisharp, L79, M|232/232\n|turn|16\n|inactive|Capitan eevee has 20 seconds left this turn.\n|inactive|profrawr has 120 seconds left.\n|inactive|Capitan eevee has 15 seconds left.\n|inactive|Capitan eevee has 10 seconds left.\n|inactive|Capitan eevee has 5 seconds left.\n|inactive|Capitan eevee no longer wants the timer on, but the timer is staying on because profrawr still does.\n|\n|t:|1782833588\n|switch|p2a: Ho-Oh|Ho-Oh, L71|182/268\n|move|p1a: Bisharp|Sucker Punch||[still]\n|-fail|p1a: Bisharp\n|\n|-weather|SunnyDay|[upkeep]\n|upkeep\n|turn|17\n|inactive|Capitan eevee has 15 seconds left this turn.\n|inactive|Capitan eevee has 10 seconds left.\n|inactive|Capitan eevee has 5 seconds left.\n|\n|t:|1782833600\n|switch|p1a: Empoleon|Empoleon, L84, F|278/278\n|move|p2a: Ho-Oh|Brave Bird|p1a: Empoleon\n|-resisted|p1a: Empoleon\n|-damage|p1a: Empoleon|219/278\n|-damage|p2a: Ho-Oh|163/268|[from] Recoil\n|\n|-weather|none\n|-heal|p1a: Empoleon|236/278|[from] item: Leftovers\n|upkeep\n|turn|18\n|inactive|Capitan eevee has 15 seconds left this turn.\n|inactive|Capitan eevee has 10 seconds left.\n|inactive|Capitan eevee has 5 seconds left.\n|\n|t:|1782833611\n|switch|p2a: Pachirisu|Pachirisu, L96, M|187/271\n|move|p1a: Empoleon|Flip Turn|p2a: Pachirisu\n|-damage|p2a: Pachirisu|127/271\n|\n|t:|1782833615\n|switch|p1a: Rillaboom|Rillaboom, L79, F|288/288|[from] Flip Turn\n|-fieldstart|move: Grassy Terrain|[from] ability: Grassy Surge|[of] p1a: Rillaboom\n|\n|-heal|p2a: Pachirisu|143/271|[from] Grassy Terrain\n|upkeep\n|turn|19\n|inactive|Capitan eevee has 20 seconds left this turn.\n|inactive|Capitan eevee has 15 seconds left.\n|\n|t:|1782833625\n|switch|p2a: Ho-Oh|Ho-Oh, L71|252/268\n|move|p1a: Rillaboom|Knock Off|p2a: Ho-Oh\n|-damage|p2a: Ho-Oh|142/268\n|-enditem|p2a: Ho-Oh|Heavy-Duty Boots|[from] move: Knock Off|[of] p1a: Rillaboom\n|-damage|p1a: Rillaboom|260/288|[from] item: Life Orb\n|\n|-heal|p1a: Rillaboom|278/288|[from] Grassy Terrain\n|upkeep\n|turn|20\n|inactive|Capitan eevee has 25 seconds left this turn.\n|inactive|Capitan eevee has 20 seconds left.\n|inactive|Capitan eevee has 15 seconds left.\n|\n|t:|1782833639\n|switch|p1a: Empoleon|Empoleon, L84, F|236/278\n|move|p2a: Ho-Oh|Sacred Fire|p1a: Empoleon\n|-damage|p1a: Empoleon|142/278\n|-status|p1a: Empoleon|brn\n|\n|-heal|p1a: Empoleon|159/278 brn|[from] Grassy Terrain\n|-heal|p1a: Empoleon|176/278 brn|[from] item: Leftovers\n|-damage|p1a: Empoleon|159/278 brn|[from] brn\n|upkeep\n|turn|21\n|inactive|Capitan eevee has 25 seconds left this turn.\n|inactive|Capitan eevee has 20 seconds left.\n|inactive|Capitan eevee has 15 seconds left.\n|\n|t:|1782833652\n|switch|p2a: Pachirisu|Pachirisu, L96, M|143/271\n|move|p1a: Empoleon|Yawn|p2a: Pachirisu\n|-start|p2a: Pachirisu|move: Yawn|[of] p1a: Empoleon\n|\n|-heal|p2a: Pachirisu|159/271|[from] Grassy Terrain\n|-heal|p1a: Empoleon|176/278 brn|[from] Grassy Terrain\n|-heal|p1a: Empoleon|193/278 brn|[from] item: Leftovers\n|-damage|p1a: Empoleon|176/278 brn|[from] brn\n|upkeep\n|turn|22\n|inactive|Capitan eevee has 25 seconds left this turn.\n|inactive|Capitan eevee has 20 seconds left.\n|\n|t:|1782833660\n|move|p2a: Pachirisu|U-turn|p1a: Empoleon\n|-resisted|p1a: Empoleon\n|-damage|p1a: Empoleon|157/278 brn\n|inactive|Capitan eevee has 25 seconds left this turn.\n|inactive|Capitan eevee has 20 seconds left.\n|\n|t:|1782833667\n|switch|p2a: Floatzel|Floatzel, L86, M|286/286|[from] U-turn\n|move|p1a: Empoleon|Surf|p2a: Floatzel\n|-resisted|p2a: Floatzel\n|-damage|p2a: Floatzel|214/286\n|\n|-heal|p2a: Floatzel|231/286|[from] Grassy Terrain\n|-heal|p2a: Floatzel|248/286|[from] item: Leftovers\n|-heal|p1a: Empoleon|174/278 brn|[from] Grassy Terrain\n|-heal|p1a: Empoleon|191/278 brn|[from] item: Leftovers\n|-damage|p1a: Empoleon|174/278 brn|[from] brn\n|-fieldend|move: Grassy Terrain\n|upkeep\n|turn|23\n|inactive|Capitan eevee has 30 seconds left this turn.\n|inactive|Capitan eevee has 20 seconds left.\n|\n|t:|1782833680\n|move|p2a: Floatzel|Taunt|p1a: Empoleon\n|-start|p1a: Empoleon|move: Taunt\n|cant|p1a: Empoleon|move: Taunt|Yawn\n|\n|-heal|p2a: Floatzel|265/286|[from] item: Leftovers\n|-heal|p1a: Empoleon|191/278 brn|[from] item: Leftovers\n|-damage|p1a: Empoleon|174/278 brn|[from] brn\n|upkeep\n|turn|24\n|inactive|Capitan eevee has 30 seconds left this turn.\n|\n|t:|1782833685\n|move|p2a: Floatzel|Bulk Up|p2a: Floatzel\n|-boost|p2a: Floatzel|atk|1\n|-boost|p2a: Floatzel|def|1\n|move|p1a: Empoleon|Flip Turn|p2a: Floatzel\n|-resisted|p2a: Floatzel\n|-damage|p2a: Floatzel|251/286\n|\n|t:|1782833691\n|switch|p1a: Rillaboom|Rillaboom, L79, F|278/288|[from] Flip Turn\n|-fieldstart|move: Grassy Terrain|[from] ability: Grassy Surge|[of] p1a: Rillaboom\n|\n|-heal|p2a: Floatzel|268/286|[from] Grassy Terrain\n|-heal|p2a: Floatzel|285/286|[from] item: Leftovers\n|-heal|p1a: Rillaboom|288/288|[from] Grassy Terrain\n|upkeep\n|turn|25\n|\n|t:|1782833700\n|switch|p2a: Ho-Oh|Ho-Oh, L71|231/268\n|move|p1a: Rillaboom|Grassy Glide|p2a: Ho-Oh\n|-resisted|p2a: Ho-Oh\n|-damage|p2a: Ho-Oh|200/268\n|-damage|p1a: Rillaboom|260/288|[from] item: Life Orb\n|\n|-heal|p1a: Rillaboom|278/288|[from] Grassy Terrain\n|upkeep\n|turn|26\n|\n|t:|1782833715\n|move|p1a: Rillaboom|Knock Off|p2a: Ho-Oh\n|-damage|p2a: Ho-Oh|127/268\n|-damage|p1a: Rillaboom|250/288|[from] item: Life Orb\n|move|p2a: Ho-Oh|Sacred Fire|p1a: Rillaboom|[miss]\n|-miss|p2a: Ho-Oh|p1a: Rillaboom\n|\n|-heal|p1a: Rillaboom|268/288|[from] Grassy Terrain\n|upkeep\n|turn|27\n|\n|t:|1782833723\n|switch|p1a: Empoleon|Empoleon, L84, F|174/278 brn\n|move|p2a: Ho-Oh|Recover|p2a: Ho-Oh\n|-heal|p2a: Ho-Oh|261/268\n|\n|-heal|p1a: Empoleon|191/278 brn|[from] Grassy Terrain\n|-heal|p1a: Empoleon|208/278 brn|[from] item: Leftovers\n|-damage|p1a: Empoleon|191/278 brn|[from] brn\n|upkeep\n|turn|28\n|\n|t:|1782833733\n|switch|p2a: Pachirisu|Pachirisu, L96, M|159/271\n|move|p1a: Empoleon|Roost|p1a: Empoleon\n|-heal|p1a: Empoleon|278/278 brn\n|-singleturn|p1a: Empoleon|move: Roost\n|\n|-heal|p2a: Pachirisu|175/271|[from] Grassy Terrain\n|-damage|p1a: Empoleon|261/278 brn|[from] brn\n|-fieldend|move: Grassy Terrain\n|upkeep\n|turn|29\n|\n|t:|1782833747\n|switch|p1a: Rillaboom|Rillaboom, L79, F|268/288\n|-fieldstart|move: Grassy Terrain|[from] ability: Grassy Surge|[of] p1a: Rillaboom\n|move|p2a: Pachirisu|Encore||[still]\n|-fail|p2a: Pachirisu\n|\n|-heal|p2a: Pachirisu|191/271|[from] Grassy Terrain\n|-heal|p1a: Rillaboom|286/288|[from] Grassy Terrain\n|upkeep\n|turn|30\n|\n|t:|1782833752\n|switch|p2a: Ho-Oh|Ho-Oh, L71|268/268\n|move|p1a: Rillaboom|Swords Dance|p1a: Rillaboom\n|-boost|p1a: Rillaboom|atk|2\n|\n|-heal|p1a: Rillaboom|288/288|[from] Grassy Terrain\n|upkeep\n|turn|31\n|\n|t:|1782833761\n|move|p1a: Rillaboom|Knock Off|p2a: Ho-Oh\n|-damage|p2a: Ho-Oh|129/268\n|-damage|p1a: Rillaboom|260/288|[from] item: Life Orb\n|move|p2a: Ho-Oh|Sacred Fire|p1a: Rillaboom\n|-supereffective|p1a: Rillaboom\n|-damage|p1a: Rillaboom|66/288\n|\n|-heal|p1a: Rillaboom|84/288|[from] Grassy Terrain\n|upkeep\n|turn|32\n|inactive|Capitan eevee has 60 seconds left.\n|inactive|Capitan eevee has 30 seconds left.\n|\n|t:|1782833801\n|switch|p2a: Pachirisu|Pachirisu, L96, M|191/271\n|move|p1a: Rillaboom|Knock Off|p2a: Pachirisu\n|-damage|p2a: Pachirisu|8/271\n|-enditem|p2a: Pachirisu|Heavy-Duty Boots|[from] move: Knock Off|[of] p1a: Rillaboom\n|-damage|p1a: Rillaboom|56/288|[from] item: Life Orb\n|\n|-heal|p2a: Pachirisu|24/271|[from] Grassy Terrain\n|-heal|p1a: Rillaboom|74/288|[from] Grassy Terrain\n|upkeep\n|turn|33\n|inactive|Capitan eevee has 30 seconds left.\n|\n|t:|1782833816\n|move|p1a: Rillaboom|Grassy Glide|p2a: Pachirisu\n|-damage|p2a: Pachirisu|0 fnt\n|faint|p2a: Pachirisu\n|-damage|p1a: Rillaboom|46/288|[from] item: Life Orb\n|\n|-heal|p1a: Rillaboom|64/288|[from] Grassy Terrain\n|-fieldend|move: Grassy Terrain\n|upkeep\n|inactive|Capitan eevee has 30 seconds left this turn.\n|\n|t:|1782833819\n|switch|p2a: Ho-Oh|Ho-Oh, L71|218/268\n|turn|34\n|inactive|Capitan eevee has 30 seconds left.\n|\n|t:|1782833836\n|switch|p1a: Empoleon|Empoleon, L84, F|261/278 brn\n|move|p2a: Ho-Oh|Brave Bird|p1a: Empoleon\n|-resisted|p1a: Empoleon\n|-damage|p1a: Empoleon|207/278 brn\n|-damage|p2a: Ho-Oh|200/268|[from] Recoil\n|\n|-heal|p1a: Empoleon|224/278 brn|[from] item: Leftovers\n|-damage|p1a: Empoleon|207/278 brn|[from] brn\n|upkeep\n|turn|35\n|\n|t:|1782833845\n|switch|p2a: Floatzel|Floatzel, L86, M|285/286\n|move|p1a: Empoleon|Surf|p2a: Floatzel\n|-resisted|p2a: Floatzel\n|-damage|p2a: Floatzel|215/286\n|\n|-heal|p2a: Floatzel|232/286|[from] item: Leftovers\n|-heal|p1a: Empoleon|224/278 brn|[from] item: Leftovers\n|-damage|p1a: Empoleon|207/278 brn|[from] brn\n|upkeep\n|turn|36\n|inactive|Capitan eevee has 30 seconds left.\n|\n|t:|1782833860\n|move|p2a: Floatzel|Taunt|p1a: Empoleon\n|-start|p1a: Empoleon|move: Taunt\n|move|p1a: Empoleon|Flip Turn|p2a: Floatzel\n|-resisted|p2a: Floatzel\n|-damage|p2a: Floatzel|213/286\n|\n|t:|1782833873\n|switch|p1a: Rillaboom|Rillaboom, L79, F|64/288|[from] Flip Turn\n|-fieldstart|move: Grassy Terrain|[from] ability: Grassy Surge|[of] p1a: Rillaboom\n|\n|-heal|p2a: Floatzel|230/286|[from] Grassy Terrain\n|-heal|p2a: Floatzel|247/286|[from] item: Leftovers\n|-heal|p1a: Rillaboom|82/288|[from] Grassy Terrain\n|upkeep\n|turn|37\n|\n|t:|1782833880\n|switch|p2a: Ho-Oh|Ho-Oh, L71|268/268\n|move|p1a: Rillaboom|Grassy Glide|p2a: Ho-Oh\n|-resisted|p2a: Ho-Oh\n|-damage|p2a: Ho-Oh|237/268\n|-damage|p1a: Rillaboom|54/288|[from] item: Life Orb\n|\n|-heal|p1a: Rillaboom|72/288|[from] Grassy Terrain\n|upkeep\n|turn|38\n|\n|t:|1782833895\n|switch|p1a: Empoleon|Empoleon, L84, F|207/278 brn\n|move|p2a: Ho-Oh|Sacred Fire|p1a: Empoleon\n|-damage|p1a: Empoleon|105/278 brn\n|\n|-heal|p1a: Empoleon|122/278 brn|[from] Grassy Terrain\n|-heal|p1a: Empoleon|139/278 brn|[from] item: Leftovers\n|-damage|p1a: Empoleon|122/278 brn|[from] brn\n|upkeep\n|turn|39\n|c|\u2606profrawr|hnoly fuck this ho oh is annoying\n|inactive|Capitan eevee has 30 seconds left.\n|\n|t:|1782833911\n|switch|p2a: Floatzel|Floatzel, L86, M|247/286\n|move|p1a: Empoleon|Roost|p1a: Empoleon\n|-heal|p1a: Empoleon|261/278 brn\n|-singleturn|p1a: Empoleon|move: Roost\n|\n|-heal|p2a: Floatzel|264/286|[from] Grassy Terrain\n|-heal|p2a: Floatzel|281/286|[from] item: Leftovers\n|-heal|p1a: Empoleon|278/278 brn|[from] Grassy Terrain\n|-damage|p1a: Empoleon|261/278 brn|[from] brn\n|upkeep\n|turn|40\n|inactive|Capitan eevee has 30 seconds left.\n|\n|t:|1782833928\n|move|p2a: Floatzel|Bulk Up|p2a: Floatzel\n|-boost|p2a: Floatzel|atk|1\n|-boost|p2a: Floatzel|def|1\n|move|p1a: Empoleon|Flip Turn|p2a: Floatzel\n|-resisted|p2a: Floatzel\n|-damage|p2a: Floatzel|268/286\n|\n|t:|1782833931\n|switch|p1a: Rillaboom|Rillaboom, L79, F|72/288|[from] Flip Turn\n|\n|-heal|p2a: Floatzel|285/286|[from] Grassy Terrain\n|-heal|p2a: Floatzel|286/286|[from] item: Leftovers\n|-heal|p1a: Rillaboom|90/288|[from] Grassy Terrain\n|-fieldend|move: Grassy Terrain\n|upkeep\n|turn|41\n|inactive|Capitan eevee has 30 seconds left.\n|inactive|Capitan eevee has 20 seconds left.\n|inactive|Capitan eevee has 15 seconds left.\n|\n|t:|1782833956\n|move|p2a: Floatzel|Ice Spinner|p1a: Rillaboom\n|-supereffective|p1a: Rillaboom\n|-damage|p1a: Rillaboom|0 fnt\n|faint|p1a: Rillaboom\n|\n|upkeep\n|\n|t:|1782833959\n|switch|p1a: Bisharp|Bisharp, L79, M|232/232\n|turn|42\n|inactive|Capitan eevee has 30 seconds left this turn.\n|\n|t:|1782833968\n|move|p2a: Floatzel|Bulk Up|p2a: Floatzel\n|-boost|p2a: Floatzel|atk|1\n|-boost|p2a: Floatzel|def|1\n|move|p1a: Bisharp|Swords Dance|p1a: Bisharp\n|-boost|p1a: Bisharp|atk|2\n|\n|upkeep\n|turn|43\n|inactive|Capitan eevee has 30 seconds left.\n|inactive|Capitan eevee has 20 seconds left.\n|inactive|Capitan eevee has 15 seconds left.\n|\n|t:|1782833991\n|move|p2a: Floatzel|Taunt|p1a: Bisharp\n|-start|p1a: Bisharp|move: Taunt\n|cant|p1a: Bisharp|move: Taunt|Swords Dance\n|\n|upkeep\n|turn|44\n|inactive|Capitan eevee has 25 seconds left this turn.\n|\n|t:|1782833996\n|move|p2a: Floatzel|Bulk Up|p2a: Floatzel\n|-boost|p2a: Floatzel|atk|1\n|-boost|p2a: Floatzel|def|1\n|move|p1a: Bisharp|Throat Chop|p2a: Floatzel\n|-damage|p2a: Floatzel|186/286\n|-start|p2a: Floatzel|Throat Chop|[silent]\n|\n|-heal|p2a: Floatzel|203/286|[from] item: Leftovers\n|upkeep\n|turn|45\n|inactive|Capitan eevee has 30 seconds left.\n|\n|t:|1782834008\n|move|p2a: Floatzel|Wave Crash|p1a: Bisharp\n|-damage|p1a: Bisharp|4/232\n|-damage|p2a: Floatzel|128/286|[from] Recoil\n|move|p1a: Bisharp|Throat Chop|p2a: Floatzel\n|-damage|p2a: Floatzel|32/286\n|\n|-heal|p2a: Floatzel|49/286|[from] item: Leftovers\n|-end|p1a: Bisharp|move: Taunt\n|-end|p2a: Floatzel|Throat Chop|[silent]\n|upkeep\n|turn|46\n|inactive|Capitan eevee has 30 seconds left.\n|inactive|Capitan eevee has 20 seconds left.\n|\n|t:|1782834023\n|move|p1a: Bisharp|Sucker Punch||[still]\n|-fail|p1a: Bisharp\n|move|p2a: Floatzel|Bulk Up|p2a: Floatzel\n|-boost|p2a: Floatzel|atk|1\n|-boost|p2a: Floatzel|def|1\n|\n|-heal|p2a: Floatzel|66/286|[from] item: Leftovers\n|upkeep\n|turn|47\n|inactive|Capitan eevee has 30 seconds left this turn.\n|inactive|Capitan eevee has 20 seconds left.\n|\n|t:|1782834033\n|move|p2a: Floatzel|Bulk Up|p2a: Floatzel\n|-boost|p2a: Floatzel|atk|1\n|-boost|p2a: Floatzel|def|1\n|move|p1a: Bisharp|Throat Chop|p2a: Floatzel\n|-damage|p2a: Floatzel|0 fnt\n|faint|p2a: Floatzel\n|\n|upkeep\n|inactive|Capitan eevee has 25 seconds left this turn.\n|inactive|Capitan eevee has 20 seconds left.\n|inactive|Capitan eevee has 15 seconds left.\n|inactive|Capitan eevee has 10 seconds left.\n|\n|t:|1782834050\n|switch|p2a: Ho-Oh|Ho-Oh, L71|268/268\n|turn|48\n|inactive|Capitan eevee has 20 seconds left this turn.\n|inactive|Capitan eevee has 15 seconds left.\n|inactive|Capitan eevee has 10 seconds left.\n|inactive|Capitan eevee has 5 seconds left.\n|\n|t:|1782834066\n|move|p1a: Bisharp|Sucker Punch|p2a: Ho-Oh\n|-damage|p2a: Ho-Oh|70/268\n|move|p2a: Ho-Oh|Earthquake|p1a: Bisharp\n|-supereffective|p1a: Bisharp\n|-damage|p1a: Bisharp|0 fnt\n|faint|p1a: Bisharp\n|\n|upkeep\n|\n|t:|1782834072\n|switch|p1a: Kingdra|Kingdra, L84, F|263/263\n|turn|49\n|inactive|Capitan eevee has 20 seconds left this turn.\n|inactive|Capitan eevee has 15 seconds left.\n|\n|t:|1782834082\n|move|p1a: Kingdra|Dragon Dance|p1a: Kingdra\n|-boost|p1a: Kingdra|atk|1\n|-boost|p1a: Kingdra|spe|1\n|move|p2a: Ho-Oh|Sacred Fire|p1a: Kingdra\n|-resisted|p1a: Kingdra\n|-damage|p1a: Kingdra|241/263\n|-status|p1a: Kingdra|brn\n|-enditem|p1a: Kingdra|Lum Berry|[eat]\n|-curestatus|p1a: Kingdra|brn|[msg]\n|\n|upkeep\n|turn|50\n|inactive|Capitan eevee has 25 seconds left this turn.\n|inactive|Capitan eevee has 20 seconds left.\n|inactive|Capitan eevee has 15 seconds left.\n|inactive|Capitan eevee has 10 seconds left.\n|inactive|Capitan eevee has 5 seconds left.\n|\n|t:|1782834106\n|move|p1a: Kingdra|Wave Crash|p2a: Ho-Oh\n|-supereffective|p2a: Ho-Oh\n|-damage|p2a: Ho-Oh|0 fnt\n|faint|p2a: Ho-Oh\n|-damage|p1a: Kingdra|218/263|[from] Recoil\n|\n|upkeep\n|inactive|Capitan eevee has 10 seconds left this turn.\n|inactive|Capitan eevee has 5 seconds left.\n|\n|t:|1782834111\n|switch|p2a: Koraidon|Koraidon, L64, tera:Fire|235/235\n|-weather|SunnyDay|[from] ability: Orichalcum Pulse|[of] p2a: Koraidon\n|-activate|p2a: Koraidon|Orichalcum Pulse|[source]\n|turn|51\n|inactive|Capitan eevee has 15 seconds left this turn.\n|inactive|Capitan eevee has 10 seconds left.\n|\n|t:|1782834122\n|-terastallize|p1a: Kingdra|Steel\n|move|p1a: Kingdra|Dragon Dance|p1a: Kingdra\n|-boost|p1a: Kingdra|atk|1\n|-boost|p1a: Kingdra|spe|1\n|move|p2a: Koraidon|Scale Shot|p1a: Kingdra\n|-resisted|p1a: Kingdra\n|-damage|p1a: Kingdra|205/263\n|-resisted|p1a: Kingdra\n|-damage|p1a: Kingdra|193/263\n|-resisted|p1a: Kingdra\n|-damage|p1a: Kingdra|179/263\n|-resisted|p1a: Kingdra\n|-damage|p1a: Kingdra|167/263\n|-hitcount|p1a: Kingdra|4\n|-unboost|p2a: Koraidon|def|1\n|-boost|p2a: Koraidon|spe|1\n|\n|-weather|SunnyDay|[upkeep]\n|upkeep\n|turn|52\n|inactive|Capitan eevee has 20 seconds left this turn.\n|inactive|Capitan eevee has 15 seconds left.\n|inactive|Capitan eevee has 10 seconds left.\n|\n|t:|1782834135\n|move|p1a: Kingdra|Outrage|p2a: Koraidon\n|-damage|p2a: Koraidon|0 fnt\n|faint|p2a: Koraidon\n|\n|-weather|SunnyDay|[upkeep]\n|upkeep\n|inactive|Capitan eevee has 15 seconds left this turn.\n|\n|t:|1782834140\n|switch|p2a: Rampardos|Rampardos, L90, F|321/321\n|turn|53\n|inactive|Capitan eevee has 25 seconds left this turn.\n|inactive|Capitan eevee has 20 seconds left.\n|inactive|Capitan eevee has 15 seconds left.\n|inactive|Capitan eevee has 10 seconds left.\n|\n|t:|1782834157\n|move|p1a: Kingdra|Outrage|p2a: Rampardos|[from] lockedmove\n|-damage|p2a: Rampardos|14/321\n|-start|p1a: Kingdra|confusion|[fatigue]\n|move|p2a: Rampardos|Earthquake|p1a: Kingdra\n|-supereffective|p1a: Kingdra\n|-damage|p1a: Kingdra|0 fnt\n|faint|p1a: Kingdra\n|\n|-weather|SunnyDay|[upkeep]\n|upkeep\n|\n|t:|1782834166\n|switch|p1a: Empoleon|Empoleon, L84, F|261/278 brn\n|turn|54\n|inactive|Capitan eevee has 25 seconds left this turn.\n|inactive|Capitan eevee has 20 seconds left.\n|\n|t:|1782834174\n|move|p2a: Rampardos|Earthquake|p1a: Empoleon\n|-supereffective|p1a: Empoleon\n|-damage|p1a: Empoleon|3/278 brn\n|move|p1a: Empoleon|Surf|p2a: Rampardos\n|-supereffective|p2a: Rampardos\n|-damage|p2a: Rampardos|0 fnt\n|faint|p2a: Rampardos\n|\n|win|profrawr\n", "inputlog": ">version f8ac14003a5f27e1bdc8d8c59608a773c1cb96e5\n>start {\"formatid\":\"gen9randombattle\",\"seed\":\"sodium,052511f8f77adfb7936a2740986aba44\",\"rated\":\"Rated battle\"}\n>player p1 {\"name\":\"profrawr\",\"avatar\":\"dancer\",\"rating\":1535,\"seed\":\"sodium,2c8075be62e01772ec7f35db9c4716ac\"}\n>player p2 {\"name\":\"Capitan eevee\",\"avatar\":\"elaine\",\"rating\":1558,\"seed\":\"sodium,5868846d976ca4b2f6b107efbe2d6137\"}\n>p1 switch 5\n>p2 move sacredfire\n>p1 move thunderwave\n>p2 switch 2\n>p1 move knockoff\n>p2 move encore\n>p1 switch 2\n>p2 move superfang\n>p1 move gigadrain\n>p2 move uturn\n>p2 switch 2\n>p1 switch 2\n>p2 move sacredfire\n>p1 move psychicnoise\n>p2 switch 2\n>p1 move psychicnoise\n>p2 move uturn\n>p2 switch 2\n>p1 move psychicnoise\n>p2 move bravebird\n>p1 switch 6\n>p1 move dragondance\n>p2 switch 4\n>p1 move ironhead\n>p2 move drainpunch\n>p1 move ironhead\n>p2 move drainpunch\n>p2 switch 6\n>p1 switch 2\n>p2 move scaleshot terastallize\n>p1 move protect\n>p2 move collisioncourse\n>p1 move leechseed\n>p2 move collisioncourse\n>p1 switch 3\n>p1 move suckerpunch\n>p2 switch 4\n>p1 switch 4\n>p2 move bravebird\n>p1 move flipturn\n>p2 switch 2\n>p1 switch 5\n>p1 move knockoff\n>p2 switch 2\n>p1 switch 5\n>p2 move sacredfire\n>p1 move yawn\n>p2 switch 2\n>p1 move surf\n>p2 move uturn\n>p2 switch 3\n>p1 move yawn\n>p2 move taunt\n>p1 move flipturn\n>p2 move bulkup\n>p1 switch 5\n>p1 move grassyglide\n>p2 switch 2\n>p1 move knockoff\n>p2 move sacredfire\n>p1 switch 5\n>p2 move recover\n>p1 move roost\n>p2 switch 3\n>p1 switch 5\n>p2 move encore\n>p1 move swordsdance\n>p2 switch 3\n>p1 move knockoff\n>p2 move sacredfire\n>p1 move knockoff\n>p2 switch 3\n>p1 move grassyglide\n>p2 move uturn\n>p2 switch 3\n>p1 switch 5\n>p2 move bravebird\n>p1 move surf\n>p2 switch 2\n>p1 move flipturn\n>p2 move taunt\n>p1 switch 5\n>p1 move grassyglide\n>p2 switch 2\n>p1 switch 5\n>p2 move sacredfire\n>chat \u2606profrawr|hnoly fuck this ho oh is annoying\n>p1 move roost\n>p2 switch 2\n>p1 move flipturn\n>p2 move bulkup\n>p1 switch 5\n>p1 move woodhammer\n>p2 move icespinner\n>p1 switch 4\n>p1 move swordsdance\n>p2 move bulkup\n>p1 move swordsdance\n>p2 move taunt\n>p1 move throatchop\n>p2 move bulkup\n>p1 move throatchop\n>p2 move wavecrash\n>p1 move suckerpunch\n>p2 move bulkup\n>p1 move throatchop\n>p2 move bulkup\n>p2 switch 2\n>p1 move suckerpunch\n>p2 move earthquake\n>p1 switch 2\n>p1 move dragondance\n>p2 move sacredfire\n>p1 move wavecrash\n>p2 move sacredfire\n>p2 switch 4\n>p1 move dragondance terastallize\n>p2 move scaleshot\n>p1 move outrage\n>p2 move flareblitz\n>p2 switch 5\n>p1 move outrage\n>p2 move earthquake\n>p1 switch 5\n>p1 move surf\n>p2 move earthquake", "uploadtime": 1782833908, "views": 1, "formatid": "gen9randombattle", "rating": null, "private": 0, "password": null, "player_dets": [{"name": "profrawr", "avatar": "dancer", "rating": 1535, "seed": "sodium,2c8075be62e01772ec7f35db9c4716ac"}, {"name": "Capitan eevee", "avatar": "elaine", "rating": 1558, "seed": "sodium,5868846d976ca4b2f6b107efbe2d6137"}], "teams_full": [{"Rillaboom": {"name": "Rillaboom", "species": "Rillaboom", "speciesId": "rillaboom", "gender": "F", "shiny": false, "level": 79, "moves": ["grassyglide", "knockoff", "swordsdance", "woodhammer"], "ability": "Grassy Surge", "evs": {"hp": 85, "atk": 85, "def": 85, "spa": 85, "spd": 85, "spe": 85}, "ivs": {"hp": 31, "atk": 31, "def": 31, "spa": 31, "spd": 31, "spe": 31}, "item": "Life Orb", "teraType": "Grass", "role": "Wallbreaker", "bvs": {"hp": 100, "atk": 125, "def": 90, "spa": 60, "spd": 70, "spe": 85}, "stats": {"hp": 288, "atk": 243, "def": 188, "spa": 140, "spd": 156, "spe": 180}, "types": ["Grass"]}, "Wo-Chien": {"name": "Wo-Chien", "species": "Wo-Chien", "speciesId": "wochien", "gender": "N", "shiny": false, "level": 83, "moves": ["leechseed", "knockoff", "gigadrain", "protect"], "ability": "Tablets of Ruin", "evs": {"hp": 85, "atk": 85, "def": 85, "spa": 85, "spd": 85, "spe": 85}, "ivs": {"hp": 31, "atk": 31, "def": 31, "spa": 31, "spd": 31, "spe": 31}, "item": "Leftovers", "teraType": "Poison", "role": "Bulky Support", "bvs": {"hp": 85, "atk": 85, "def": 100, "spa": 95, "spd": 135, "spe": 70}, "stats": {"hp": 277, "atk": 189, "def": 214, "spa": 205, "spd": 272, "spe": 164}, "types": ["Dark", "Grass"]}, "Bisharp": {"name": "Bisharp", "species": "Bisharp", "speciesId": "bisharp", "gender": "M", "shiny": false, "level": 79, "moves": ["ironhead", "throatchop", "suckerpunch", "swordsdance"], "ability": "Defiant", "evs": {"hp": 85, "atk": 85, "def": 85, "spa": 85, "spd": 85, "spe": 85}, "ivs": {"hp": 31, "atk": 31, "def": 31, "spa": 31, "spd": 31, "spe": 31}, "item": "Eviolite", "teraType": "Flying", "role": "Bulky Attacker", "bvs": {"hp": 65, "atk": 125, "def": 100, "spa": 60, "spd": 70, "spe": 70}, "stats": {"hp": 232, "atk": 243, "def": 204, "spa": 140, "spd": 156, "spe": 156}, "types": ["Dark", "Steel"]}, "Empoleon": {"name": "Empoleon", "species": "Empoleon", "speciesId": "empoleon", "gender": "F", "shiny": false, "level": 84, "moves": ["yawn", "roost", "surf", "flipturn"], "ability": "Competitive", "evs": {"hp": 85, "atk": 85, "def": 85, "spa": 85, "spd": 85, "spe": 85}, "ivs": {"hp": 31, "atk": 31, "def": 31, "spa": 31, "spd": 31, "spe": 31}, "item": "Leftovers", "teraType": "Flying", "role": "Bulky Support", "bvs": {"hp": 84, "atk": 86, "def": 88, "spa": 111, "spd": 101, "spe": 60}, "stats": {"hp": 278, "atk": 193, "def": 196, "spa": 235, "spd": 218, "spe": 149}, "types": ["Water", "Steel"]}, "Chimecho": {"name": "Chimecho", "species": "Chimecho", "speciesId": "chimecho", "gender": "M", "shiny": false, "level": 93, "moves": ["psychicnoise", "knockoff", "thunderwave", "recover"], "ability": "Levitate", "evs": {"hp": 85, "atk": 85, "def": 85, "spa": 85, "spd": 85, "spe": 85}, "ivs": {"hp": 31, "atk": 31, "def": 31, "spa": 31, "spd": 31, "spe": 31}, "item": "Leftovers", "teraType": "Electric", "role": "Bulky Support", "bvs": {"hp": 75, "atk": 50, "def": 80, "spa": 95, "spd": 90, "spe": 65}, "stats": {"hp": 290, "atk": 146, "def": 202, "spa": 230, "spd": 220, "spe": 174}, "types": ["Psychic"]}, "Kingdra": {"name": "Kingdra", "species": "Kingdra", "speciesId": "kingdra", "gender": "F", "shiny": false, "level": 84, "moves": ["dragondance", "wavecrash", "ironhead", "outrage"], "ability": "Sniper", "evs": {"hp": 85, "atk": 85, "def": 85, "spa": 85, "spd": 85, "spe": 85}, "ivs": {"hp": 31, "atk": 31, "def": 31, "spa": 31, "spd": 31, "spe": 31}, "item": "Lum Berry", "teraType": "Steel", "role": "Fast Bulky Setup", "bvs": {"hp": 75, "atk": 95, "def": 95, "spa": 95, "spd": 95, "spe": 85}, "stats": {"hp": 263, "atk": 208, "def": 208, "spa": 208, "spd": 208, "spe": 191}, "types": ["Water", "Dragon"]}}, {"Ho-Oh": {"name": "Ho-Oh", "species": "Ho-Oh", "speciesId": "hooh", "gender": "N", "shiny": false, "level": 71, "moves": ["sacredfire", "recover", "earthquake", "bravebird"], "ability": "Regenerator", "evs": {"hp": 85, "atk": 85, "def": 85, "spa": 85, "spd": 85, "spe": 85}, "ivs": {"hp": 31, "atk": 31, "def": 31, "spa": 31, "spd": 31, "spe": 31}, "item": "Heavy-Duty Boots", "teraType": "Steel", "role": "Bulky Attacker", "bvs": {"hp": 106, "atk": 130, "def": 90, "spa": 110, "spd": 154, "spe": 90}, "stats": {"hp": 268, "atk": 226, "def": 169, "spa": 198, "spd": 260, "spe": 169}, "types": ["Fire", "Flying"]}, "Pachirisu": {"name": "Pachirisu", "species": "Pachirisu", "speciesId": "pachirisu", "gender": "M", "shiny": false, "level": 96, "moves": ["superfang", "discharge", "uturn", "encore"], "ability": "Volt Absorb", "evs": {"hp": 85, "atk": 85, "def": 85, "spa": 85, "spd": 85, "spe": 85}, "ivs": {"hp": 31, "atk": 31, "def": 31, "spa": 31, "spd": 31, "spe": 31}, "item": "Heavy-Duty Boots", "teraType": "Flying", "role": "Fast Support", "bvs": {"hp": 60, "atk": 45, "def": 70, "spa": 45, "spd": 90, "spe": 95}, "stats": {"hp": 271, "atk": 141, "def": 189, "spa": 141, "spd": 227, "spe": 237}, "types": ["Electric"]}, "Floatzel": {"name": "Floatzel", "species": "Floatzel", "speciesId": "floatzel", "gender": "M", "shiny": false, "level": 86, "moves": ["taunt", "wavecrash", "icespinner", "bulkup"], "ability": "Water Veil", "evs": {"hp": 85, "atk": 85, "def": 85, "spa": 85, "spd": 85, "spe": 85}, "ivs": {"hp": 31, "atk": 31, "def": 31, "spa": 31, "spd": 31, "spe": 31}, "item": "Leftovers", "teraType": "Steel", "role": "Bulky Setup", "bvs": {"hp": 85, "atk": 105, "def": 55, "spa": 85, "spd": 50, "spe": 115}, "stats": {"hp": 286, "atk": 230, "def": 144, "spa": 195, "spd": 135, "spe": 247}, "types": ["Water"]}, "Crabominable": {"name": "Crabominable", "species": "Crabominable", "speciesId": "crabominable", "gender": "M", "shiny": false, "level": 90, "moves": ["earthquake", "icehammer", "gunkshot", "drainpunch"], "ability": "Iron Fist", "evs": {"hp": 85, "atk": 85, "def": 85, "spa": 85, "spd": 85, "spe": 85}, "ivs": {"hp": 31, "atk": 31, "def": 31, "spa": 31, "spd": 31, "spe": 31}, "item": "Choice Band", "teraType": "Fighting", "role": "Wallbreaker", "bvs": {"hp": 97, "atk": 132, "def": 77, "spa": 62, "spd": 67, "spe": 43}, "stats": {"hp": 321, "atk": 289, "def": 190, "spa": 163, "spd": 172, "spe": 129}, "types": ["Fighting", "Ice"]}, "Rampardos": {"name": "Rampardos", "species": "Rampardos", "speciesId": "rampardos", "gender": "F", "shiny": false, "level": 90, "moves": ["rockslide", "headsmash", "earthquake", "firepunch"], "ability": "Sheer Force", "evs": {"hp": 85, "atk": 85, "def": 85, "spa": 85, "spd": 85, "spe": 85}, "ivs": {"hp": 31, "atk": 31, "def": 31, "spa": 31, "spd": 31, "spe": 31}, "item": "Choice Scarf", "teraType": "Fire", "role": "Fast Attacker", "bvs": {"hp": 97, "atk": 165, "def": 60, "spa": 65, "spd": 50, "spe": 58}, "stats": {"hp": 321, "atk": 348, "def": 159, "spa": 168, "spd": 141, "spe": 156}, "types": ["Rock"]}, "Koraidon": {"name": "Koraidon", "species": "Koraidon", "speciesId": "koraidon", "gender": "N", "shiny": false, "level": 64, "moves": ["swordsdance", "scaleshot", "collisioncourse", "flareblitz"], "ability": "Orichalcum Pulse", "evs": {"hp": 85, "atk": 85, "def": 85, "spa": 85, "spd": 85, "spe": 85}, "ivs": {"hp": 31, "atk": 31, "def": 31, "spa": 31, "spd": 31, "spe": 31}, "item": "Loaded Dice", "teraType": "Fire", "role": "Setup Sweeper", "bvs": {"hp": 100, "atk": 135, "def": 115, "spa": 85, "spd": 100, "spe": 135}, "stats": {"hp": 235, "atk": 211, "def": 185, "spa": 147, "spd": 166, "spe": 211}, "types": ["Fighting", "Dragon"]}}]}