{"id": "gen9randombattle-2641504280", "format": "[Gen 9] Random Battle", "players": ["realmerc", "Jenome"], "log": "|j|\u2606realmerc\n|j|\u2606Jenome\n|t:|1782796164\n|gametype|singles\n|player|p1|realmerc|depotagent|1592\n|player|p2|Jenome|gentleman-gen4|1532\n|gen|9\n|tier|[Gen 9] Random Battle\n|rated|\n|rule|Species Clause: Limit one of each Pok\u00e9mon\n|rule|HP Percentage Mod: HP is shown in percentages\n|rule|Sleep Clause Mod: Limit one foe put to sleep\n|rule|Illusion Level Mod: Illusion disguises the Pok\u00e9mon's true level\n|\n|t:|1782796164\n|teamsize|p1|6\n|teamsize|p2|6\n|start\n|switch|p1a: Mamoswine|Mamoswine, L81, M|311/311\n|switch|p2a: Hypno|Hypno, L95, M|315/315\n|turn|1\n|j| showdex_testee\n|inactive|Battle timer is ON: inactive players will automatically lose when time's up. (requested by realmerc)\n|\n|t:|1782796186\n|move|p2a: Hypno|Focus Blast|p1a: Mamoswine\n|-supereffective|p1a: Mamoswine\n|-damage|p1a: Mamoswine|55/311\n|move|p1a: Mamoswine|Knock Off|p2a: Hypno\n|-supereffective|p2a: Hypno\n|-damage|p2a: Hypno|55/315\n|-enditem|p2a: Hypno|Leftovers|[from] move: Knock Off|[of] p1a: Mamoswine\n|\n|upkeep\n|turn|2\n|inactive|realmerc has 120 seconds left.\n|\n|t:|1782796224\n|switch|p1a: Luvdisc|Luvdisc, F|247/247\n|move|p2a: Hypno|Psychic Noise|p1a: Luvdisc\n|-damage|p1a: Luvdisc|157/247\n|-start|p1a: Luvdisc|move: Heal Block\n|\n|upkeep\n|turn|3\n|inactive|realmerc has 120 seconds left.\n|\n|t:|1782796250\n|move|p1a: Luvdisc|Surf|p2a: Hypno\n|-damage|p2a: Hypno|1/315\n|move|p2a: Hypno|Psychic Noise|p1a: Luvdisc\n|-damage|p1a: Luvdisc|69/247\n|\n|-end|p1a: Luvdisc|move: Heal Block\n|upkeep\n|turn|4\n|\n|t:|1782796258\n|move|p1a: Luvdisc|Endeavor|p2a: Hypno\n|-immune|p2a: Hypno\n|move|p2a: Hypno|Psychic Noise|p1a: Luvdisc\n|-damage|p1a: Luvdisc|0 fnt\n|faint|p1a: Luvdisc\n|\n|upkeep\n|inactive|realmerc has 120 seconds left.\n|\n|t:|1782796269\n|switch|p1a: Mamoswine|Mamoswine, L81, M|55/311\n|turn|5\n|\n|t:|1782796277\n|move|p1a: Mamoswine|Ice Shard|p2a: Hypno\n|-damage|p2a: Hypno|0 fnt\n|faint|p2a: Hypno\n|\n|upkeep\n|\n|t:|1782796289\n|switch|p2a: Arbok|Arbok, L87, F|246/246\n|-ability|p2a: Arbok|Intimidate|boost\n|-unboost|p1a: Mamoswine|atk|1\n|turn|6\n|\n|t:|1782796297\n|switch|p1a: Rampardos|Rampardos, L90, M|321/321\n|move|p2a: Arbok|Coil|p2a: Arbok\n|-boost|p2a: Arbok|atk|1\n|-boost|p2a: Arbok|def|1\n|-boost|p2a: Arbok|accuracy|1\n|\n|upkeep\n|turn|7\n|inactive|Jenome has 120 seconds left.\n|\n|t:|1782796339\n|move|p1a: Rampardos|Earthquake|p2a: Arbok\n|-supereffective|p2a: Arbok\n|-damage|p2a: Arbok|44/246\n|move|p2a: Arbok|Earthquake|p1a: Rampardos\n|-supereffective|p1a: Rampardos\n|-damage|p1a: Rampardos|31/321\n|\n|-heal|p2a: Arbok|59/246|[from] item: Leftovers\n|upkeep\n|turn|8\n|\n|t:|1782796346\n|move|p2a: Arbok|Sucker Punch|p1a: Rampardos\n|-damage|p1a: Rampardos|0 fnt\n|faint|p1a: Rampardos\n|\n|-heal|p2a: Arbok|74/246|[from] item: Leftovers\n|upkeep\n|\n|t:|1782796360\n|switch|p1a: Palkia|Palkia-Origin, L72|249/249\n|-ability|p1a: Palkia|Pressure\n|turn|9\n|\n|t:|1782796367\n|move|p1a: Palkia|Draco Meteor|p2a: Arbok\n|-damage|p2a: Arbok|0 fnt\n|-unboost|p1a: Palkia|spa|2\n|faint|p2a: Arbok\n|\n|upkeep\n|\n|t:|1782796375\n|switch|p2a: Espathra|Espathra, L80, M|283/283\n|turn|10\n|\n|t:|1782796380\n|move|p1a: Palkia|Thunder Wave|p2a: Espathra\n|-status|p2a: Espathra|par\n|move|p2a: Espathra|Calm Mind|p2a: Espathra\n|-boost|p2a: Espathra|spa|1\n|-boost|p2a: Espathra|spd|1\n|\n|-ability|p2a: Espathra|Speed Boost|boost\n|-boost|p2a: Espathra|spe|1\n|upkeep\n|turn|11\n|\n|t:|1782796391\n|switch|p1a: Slither Wing|Slither Wing, L81|270/270\n|move|p2a: Espathra|Dazzling Gleam|p1a: Slither Wing\n|-supereffective|p1a: Slither Wing\n|-damage|p1a: Slither Wing|128/270\n|\n|-ability|p2a: Espathra|Speed Boost|boost\n|-boost|p2a: Espathra|spe|1\n|upkeep\n|turn|12\n|\n|t:|1782796415\n|-terastallize|p2a: Espathra|Fairy\n|-terastallize|p1a: Slither Wing|Steel\n|move|p2a: Espathra|Dazzling Gleam|p1a: Slither Wing\n|-resisted|p1a: Slither Wing\n|-damage|p1a: Slither Wing|72/270\n|move|p1a: Slither Wing|U-turn|p2a: Espathra\n|-resisted|p2a: Espathra\n|-damage|p2a: Espathra|217/283 par\n|\n|t:|1782796435\n|-end|p1a: Slither Wing|Protosynthesis|[silent]\n|switch|p1a: Blaziken|Blaziken, L76, F|247/247|[from] U-turn\n|\n|-heal|p2a: Espathra|234/283 par|[from] item: Leftovers\n|-ability|p2a: Espathra|Speed Boost|boost\n|-boost|p2a: Espathra|spe|1\n|upkeep\n|turn|13\n|\n|t:|1782796453\n|move|p2a: Espathra|Stored Power|p1a: Blaziken\n|-supereffective|p1a: Blaziken\n|-damage|p1a: Blaziken|0 fnt\n|faint|p1a: Blaziken\n|\n|-heal|p2a: Espathra|251/283 par|[from] item: Leftovers\n|-ability|p2a: Espathra|Speed Boost|boost\n|-boost|p2a: Espathra|spe|1\n|upkeep\n|-message|realmerc forfeited.\n|\n|win|Jenome\n|raw|realmerc's rating: 1592 &rarr; <strong>1569</strong><br />(-23 for losing)\n|raw|Jenome's rating: 1532 &rarr; <strong>1555</strong><br />(+23 for winning)\n|l|\u2606realmerc\n|player|p1|\n", "inputlog": ">version f8ac14003a5f27e1bdc8d8c59608a773c1cb96e5\n>start {\"formatid\":\"gen9randombattle\",\"seed\":\"sodium,16f7d1c0f10772f71d2d65e587de7f16\",\"rated\":\"Rated battle\"}\n>player p1 {\"name\":\"realmerc\",\"avatar\":\"depotagent\",\"rating\":1592,\"seed\":\"sodium,eccb823c9ce19410440fe1a14e1de735\"}\n>player p2 {\"name\":\"Jenome\",\"avatar\":\"gentleman-gen4\",\"rating\":1532,\"seed\":\"sodium,11228a9aa8a1f4d21709efbbb8310de5\"}\n>p1 move knockoff\n>p2 move focusblast\n>p1 switch 3\n>p2 move psychicnoise\n>p1 move surf\n>p2 move psychicnoise\n>p1 move endeavor\n>p2 move psychicnoise\n>p1 switch 3\n>p1 move iceshard\n>p2 move psychicnoise\n>p2 switch 5\n>p1 switch 6\n>p2 move coil\n>p1 move earthquake\n>p2 move earthquake\n>p1 move earthquake\n>p2 move suckerpunch\n>p1 switch 2\n>p1 move dracometeor\n>p2 move gunkshot\n>p2 switch 4\n>p1 move thunderwave\n>p2 move calmmind\n>p1 switch 5\n>p2 move dazzlinggleam\n>p1 move uturn terastallize\n>p2 move dazzlinggleam terastallize\n>p1 switch 4\n>p1 move flareblitz\n>p2 move storedpower\n>forcelose p1", "uploadtime": 1782796469, "views": 2, "formatid": "gen9randombattle", "rating": 1555, "private": 0, "password": null, "player_dets": [{"name": "realmerc", "avatar": "depotagent", "rating": 1592, "seed": "sodium,eccb823c9ce19410440fe1a14e1de735"}, {"name": "Jenome", "avatar": "gentleman-gen4", "rating": 1532, "seed": "sodium,11228a9aa8a1f4d21709efbbb8310de5"}], "teams_full": [{"Mamoswine": {"name": "Mamoswine", "species": "Mamoswine", "speciesId": "mamoswine", "gender": "M", "shiny": false, "level": 81, "moves": ["iceshard", "knockoff", "iciclecrash", "earthquake"], "ability": "Thick Fat", "evs": {"hp": 85, "atk": 85, "def": 85, "spa": 85, "spd": 85, "spe": 85}, "ivs": {"hp": 31, "atk": 31, "def": 31, "spa": 31, "spd": 31, "spe": 31}, "item": "Choice Band", "teraType": "Ice", "role": "Wallbreaker", "bvs": {"hp": 110, "atk": 130, "def": 80, "spa": 70, "spd": 60, "spe": 80}, "stats": {"hp": 311, "atk": 257, "def": 176, "spa": 160, "spd": 144, "spe": 176}, "types": ["Ice", "Ground"]}, "Palkia": {"name": "Palkia", "species": "Palkia-Origin", "speciesId": "palkiaorigin", "gender": "N", "shiny": false, "level": 72, "moves": ["thunderwave", "fireblast", "hydropump", "dracometeor"], "ability": "Pressure", "evs": {"hp": 85, "atk": 0, "def": 85, "spa": 85, "spd": 85, "spe": 85}, "ivs": {"hp": 31, "atk": 0, "def": 31, "spa": 31, "spd": 31, "spe": 31}, "item": "Lustrous Globe", "teraType": "Dragon", "role": "Bulky Attacker", "bvs": {"hp": 90, "atk": 100, "def": 100, "spa": 150, "spd": 120, "spe": 120}, "stats": {"hp": 249, "atk": 149, "def": 186, "spa": 258, "spd": 215, "spe": 215}, "types": ["Water", "Dragon"]}, "Luvdisc": {"name": "Luvdisc", "species": "Luvdisc", "speciesId": "luvdisc", "gender": "F", "shiny": false, "level": 100, "moves": ["surf", "endeavor", "substitute", "flipturn"], "ability": "Swift Swim", "evs": {"hp": 81, "atk": 85, "def": 85, "spa": 85, "spd": 85, "spe": 85}, "ivs": {"hp": 31, "atk": 31, "def": 31, "spa": 31, "spd": 31, "spe": 31}, "item": "Heavy-Duty Boots", "teraType": "Ghost", "role": "Fast Support", "bvs": {"hp": 43, "atk": 30, "def": 55, "spa": 40, "spd": 65, "spe": 97}, "stats": {"hp": 247, "atk": 117, "def": 167, "spa": 137, "spd": 187, "spe": 251}, "types": ["Water"]}, "Blaziken": {"name": "Blaziken", "species": "Blaziken", "speciesId": "blaziken", "gender": "F", "shiny": false, "level": 76, "moves": ["closecombat", "swordsdance", "flareblitz", "knockoff"], "ability": "Speed Boost", "evs": {"hp": 85, "atk": 85, "def": 85, "spa": 85, "spd": 85, "spe": 85}, "ivs": {"hp": 31, "atk": 31, "def": 31, "spa": 31, "spd": 31, "spe": 31}, "item": "Life Orb", "teraType": "Dark", "role": "Setup Sweeper", "bvs": {"hp": 80, "atk": 120, "def": 70, "spa": 110, "spd": 70, "spe": 80}, "stats": {"hp": 247, "atk": 226, "def": 150, "spa": 211, "spd": 150, "spe": 166}, "types": ["Fire", "Fighting"]}, "Slither Wing": {"name": "Slither Wing", "species": "Slither Wing", "speciesId": "slitherwing", "gender": "N", "shiny": false, "level": 81, "moves": ["uturn", "morningsun", "willowisp", "closecombat"], "ability": "Protosynthesis", "evs": {"hp": 85, "atk": 85, "def": 85, "spa": 85, "spd": 85, "spe": 85}, "ivs": {"hp": 31, "atk": 31, "def": 31, "spa": 31, "spd": 31, "spe": 31}, "item": "Heavy-Duty Boots", "teraType": "Steel", "role": "Fast Support", "bvs": {"hp": 85, "atk": 135, "def": 79, "spa": 85, "spd": 105, "spe": 81}, "stats": {"hp": 270, "atk": 265, "def": 175, "spa": 184, "spd": 217, "spe": 178}, "types": ["Bug", "Fighting"]}, "Rampardos": {"name": "Rampardos", "species": "Rampardos", "speciesId": "rampardos", "gender": "M", "shiny": false, "level": 90, "moves": ["headsmash", "rockslide", "firepunch", "earthquake"], "ability": "Sheer Force", "evs": {"hp": 85, "atk": 85, "def": 85, "spa": 85, "spd": 85, "spe": 85}, "ivs": {"hp": 31, "atk": 31, "def": 31, "spa": 31, "spd": 31, "spe": 31}, "item": "Choice Scarf", "teraType": "Ground", "role": "Fast Attacker", "bvs": {"hp": 97, "atk": 165, "def": 60, "spa": 65, "spd": 50, "spe": 58}, "stats": {"hp": 321, "atk": 348, "def": 159, "spa": 168, "spd": 141, "spe": 156}, "types": ["Rock"]}}, {"Hypno": {"name": "Hypno", "species": "Hypno", "speciesId": "hypno", "gender": "M", "shiny": false, "level": 95, "moves": ["focusblast", "protect", "psychicnoise", "toxic"], "ability": "Insomnia", "evs": {"hp": 85, "atk": 0, "def": 85, "spa": 85, "spd": 85, "spe": 85}, "ivs": {"hp": 31, "atk": 0, "def": 31, "spa": 31, "spd": 31, "spe": 31}, "item": "Leftovers", "teraType": "Steel", "role": "Bulky Attacker", "bvs": {"hp": 85, "atk": 73, "def": 70, "spa": 73, "spd": 115, "spe": 67}, "stats": {"hp": 315, "atk": 143, "def": 187, "spa": 193, "spd": 272, "spe": 181}, "types": ["Psychic"]}, "Drifblim": {"name": "Drifblim", "species": "Drifblim", "speciesId": "drifblim", "gender": "M", "shiny": false, "level": 86, "moves": ["shadowball", "strengthsap", "defog", "airslash"], "ability": "Aftermath", "evs": {"hp": 85, "atk": 0, "def": 85, "spa": 85, "spd": 85, "spe": 85}, "ivs": {"hp": 31, "atk": 0, "def": 31, "spa": 31, "spd": 31, "spe": 31}, "item": "Heavy-Duty Boots", "teraType": "Fairy", "role": "Bulky Attacker", "bvs": {"hp": 150, "atk": 80, "def": 44, "spa": 90, "spd": 54, "spe": 80}, "stats": {"hp": 398, "atk": 142, "def": 125, "spa": 204, "spd": 142, "spe": 187}, "types": ["Ghost", "Flying"]}, "Swanna": {"name": "Swanna", "species": "Swanna", "speciesId": "swanna", "gender": "F", "shiny": false, "level": 89, "moves": ["bravebird", "flipturn", "roost", "hydropump"], "ability": "Hydration", "evs": {"hp": 85, "atk": 85, "def": 85, "spa": 85, "spd": 85, "spe": 85}, "ivs": {"hp": 31, "atk": 31, "def": 31, "spa": 31, "spd": 31, "spe": 31}, "item": "Heavy-Duty Boots", "teraType": "Ground", "role": "Bulky Support", "bvs": {"hp": 75, "atk": 87, "def": 63, "spa": 87, "spd": 63, "spe": 98}, "stats": {"hp": 278, "atk": 206, "def": 163, "spa": 206, "spd": 163, "spe": 225}, "types": ["Water", "Flying"]}, "Espathra": {"name": "Espathra", "species": "Espathra", "speciesId": "espathra", "gender": "M", "shiny": false, "level": 80, "moves": ["storedpower", "calmmind", "dazzlinggleam", "substitute"], "ability": "Speed Boost", "evs": {"hp": 85, "atk": 0, "def": 85, "spa": 85, "spd": 85, "spe": 85}, "ivs": {"hp": 31, "atk": 0, "def": 31, "spa": 31, "spd": 31, "spe": 31}, "item": "Leftovers", "teraType": "Fairy", "role": "Fast Bulky Setup", "bvs": {"hp": 95, "atk": 60, "def": 60, "spa": 101, "spd": 60, "spe": 105}, "stats": {"hp": 283, "atk": 101, "def": 142, "spa": 208, "spd": 142, "spe": 214}, "types": ["Psychic"]}, "Arbok": {"name": "Arbok", "species": "Arbok", "speciesId": "arbok", "gender": "F", "shiny": false, "level": 87, "moves": ["gunkshot", "coil", "earthquake", "suckerpunch"], "ability": "Intimidate", "evs": {"hp": 85, "atk": 85, "def": 85, "spa": 85, "spd": 85, "spe": 85}, "ivs": {"hp": 31, "atk": 31, "def": 31, "spa": 31, "spd": 31, "spe": 31}, "item": "Leftovers", "teraType": "Ground", "role": "Bulky Attacker", "bvs": {"hp": 60, "atk": 95, "def": 69, "spa": 65, "spd": 79, "spe": 80}, "stats": {"hp": 246, "atk": 215, "def": 170, "spa": 163, "spd": 187, "spe": 189}, "types": ["Poison"]}, "Breloom": {"name": "Breloom", "species": "Breloom", "speciesId": "breloom", "gender": "F", "shiny": false, "level": 83, "moves": ["spore", "rocktomb", "machpunch", "bulletseed"], "ability": "Technician", "evs": {"hp": 85, "atk": 85, "def": 85, "spa": 85, "spd": 85, "spe": 85}, "ivs": {"hp": 31, "atk": 31, "def": 31, "spa": 31, "spd": 31, "spe": 31}, "item": "Life Orb", "teraType": "Rock", "role": "Fast Attacker", "bvs": {"hp": 60, "atk": 130, "def": 80, "spa": 60, "spd": 60, "spe": 70}, "stats": {"hp": 235, "atk": 263, "def": 180, "spa": 147, "spd": 147, "spe": 164}, "types": ["Grass", "Fighting"]}}]}