{"id": "gen9randombattle-2641568445", "format": "[Gen 9] Random Battle", "players": ["BTS fan forevahh", "star reacher"], "log": "|j|\u2606BTS fan forevahh\n|j|\u2606star reacher\n|t:|1782809865\n|gametype|singles\n|player|p1|BTS fan forevahh|170|2057\n|player|p2|star reacher|psychic|2036\n|gen|9\n|tier|[Gen 9] Random Battle\n|rated|\n|rule|Species Clause: Limit one of each Pok\u00e9mon\n|rule|HP Percentage Mod: HP is shown in percentages\n|rule|Sleep Clause Mod: Limit one foe put to sleep\n|rule|Illusion Level Mod: Illusion disguises the Pok\u00e9mon's true level\n|\n|t:|1782809865\n|teamsize|p1|6\n|teamsize|p2|6\n|start\n|switch|p1a: Electivire|Electivire, L84, F|263/263\n|switch|p2a: Volbeat|Volbeat, L90, M|263/263\n|turn|1\n|inactive|Battle timer is ON: inactive players will automatically lose when time's up. (requested by star reacher)\n|\n|t:|1782809884\n|switch|p1a: Oricorio|Oricorio, L84, M|263/263\n|move|p2a: Volbeat|Lunge|p1a: Oricorio\n|-resisted|p1a: Oricorio\n|-damage|p1a: Oricorio|241/263\n|-unboost|p1a: Oricorio|atk|1\n|\n|upkeep\n|turn|2\n|\n|t:|1782809897\n|switch|p2a: Pachirisu|Pachirisu, L96, M|271/271\n|switch|p1a: Mew|Mew, L82|298/298\n|\n|upkeep\n|turn|3\n|\n|t:|1782809905\n|switch|p1a: Electivire|Electivire, L84, F|263/263\n|move|p2a: Pachirisu|U-turn|p1a: Electivire\n|-damage|p1a: Electivire|212/263\n|\n|t:|1782809911\n|switch|p2a: Mudsdale|Mudsdale, L83, M|302/302|[from] U-turn\n|\n|upkeep\n|turn|4\n|\n|t:|1782809919\n|switch|p1a: Mew|Mew, L82|298/298\n|move|p2a: Mudsdale|Stealth Rock|p1a: Mew\n|-sidestart|p1: BTS fan forevahh|move: Stealth Rock\n|\n|upkeep\n|turn|5\n|\n|t:|1782809924\n|move|p1a: Mew|Encore|p2a: Mudsdale\n|-start|p2a: Mudsdale|Encore\n|move|p2a: Mudsdale|Stealth Rock||[still]\n|-fail|p2a: Mudsdale\n|\n|upkeep\n|turn|6\n|\n|t:|1782809927\n|switch|p2a: Dipplin|Dipplin, L88, M|284/284\n|move|p1a: Mew|Toxic Spikes|p2a: Dipplin\n|-sidestart|p2: star reacher|move: Toxic Spikes\n|\n|upkeep\n|turn|7\n|\n|t:|1782809947\n|move|p1a: Mew|Psychic Noise|p2a: Dipplin\n|-damage|p2a: Dipplin|235/284\n|-start|p2a: Dipplin|move: Heal Block\n|move|p2a: Dipplin|Dragon Pulse|p1a: Mew\n|-damage|p1a: Mew|213/298\n|\n|-heal|p1a: Mew|231/298|[from] item: Leftovers\n|upkeep\n|turn|8\n|\n|t:|1782809960\n|switch|p1a: Oricorio|Oricorio, L84, M|241/263\n|move|p2a: Dipplin|Dragon Pulse|p1a: Oricorio\n|-damage|p1a: Oricorio|126/263\n|\n|-end|p2a: Dipplin|move: Heal Block\n|upkeep\n|turn|9\n|\n|t:|1782809966\n|move|p1a: Oricorio|Roost|p1a: Oricorio\n|-heal|p1a: Oricorio|258/263\n|-singleturn|p1a: Oricorio|move: Roost\n|move|p2a: Dipplin|Dragon Pulse|p1a: Oricorio\n|-damage|p1a: Oricorio|144/263\n|\n|upkeep\n|turn|10\n|\n|t:|1782809971\n|switch|p2a: Volbeat|Volbeat, L90, M|263/263\n|move|p1a: Oricorio|Hurricane|p2a: Volbeat\n|-supereffective|p2a: Volbeat\n|-damage|p2a: Volbeat|33/263\n|\n|upkeep\n|turn|11\n|\n|t:|1782809979\n|move|p2a: Volbeat|Roost|p2a: Volbeat\n|-heal|p2a: Volbeat|165/263\n|-singleturn|p2a: Volbeat|move: Roost\n|move|p1a: Oricorio|Revelation Dance|p2a: Volbeat\n|-supereffective|p2a: Volbeat\n|-damage|p2a: Volbeat|0 fnt\n|faint|p2a: Volbeat\n|\n|upkeep\n|\n|t:|1782809987\n|switch|p2a: Enamorus|Enamorus-Therian, L83, F|259/259\n|turn|12\n|\n|t:|1782810006\n|move|p1a: Oricorio|Quiver Dance|p1a: Oricorio\n|-boost|p1a: Oricorio|spa|1\n|-boost|p1a: Oricorio|spd|1\n|-boost|p1a: Oricorio|spe|1\n|move|p2a: Enamorus|Agility|p2a: Enamorus\n|-boost|p2a: Enamorus|spe|2\n|\n|upkeep\n|turn|13\n|\n|t:|1782810018\n|move|p1a: Oricorio|Quiver Dance|p1a: Oricorio\n|-boost|p1a: Oricorio|spa|1\n|-boost|p1a: Oricorio|spd|1\n|-boost|p1a: Oricorio|spe|1\n|move|p2a: Enamorus|Agility|p2a: Enamorus\n|-boost|p2a: Enamorus|spe|2\n|\n|upkeep\n|turn|14\n|\n|t:|1782810038\n|move|p1a: Oricorio|Revelation Dance|p2a: Enamorus\n|-damage|p2a: Enamorus|72/259\n|move|p2a: Enamorus|Mystical Fire|p1a: Oricorio\n|-resisted|p1a: Oricorio\n|-damage|p1a: Oricorio|125/263\n|-unboost|p1a: Oricorio|spa|1\n|\n|upkeep\n|turn|15\n|-message|star reacher forfeited.\n|\n|win|BTS fan forevahh\n", "inputlog": ">version f8ac14003a5f27e1bdc8d8c59608a773c1cb96e5\n>start {\"formatid\":\"gen9randombattle\",\"seed\":\"sodium,1ce4715be0008255f8a1e84c650f8b30\",\"rated\":\"Rated battle\"}\n>player p1 {\"name\":\"BTS fan forevahh\",\"avatar\":\"170\",\"rating\":2057,\"seed\":\"sodium,61add3eeb3f7f60cda61cbb965215ed1\"}\n>player p2 {\"name\":\"star reacher\",\"avatar\":\"psychic\",\"rating\":2036,\"seed\":\"sodium,11dabe0abf1764aad20102cb4182b6ca\"}\n>p1 switch 2\n>p2 move lunge\n>p1 switch 5\n>p2 switch 4\n>p1 switch 2\n>p2 move uturn\n>p2 switch 5\n>p1 switch 2\n>p2 move stealthrock\n>p1 move encore\n>p2 move earthquake\n>p1 move toxicspikes\n>p2 switch 2\n>p1 move psychicnoise\n>p2 move dragonpulse\n>p1 switch 5\n>p2 move dragonpulse\n>p1 move roost\n>p2 move dragonpulse\n>p1 move hurricane\n>p2 switch 4\n>p1 move revelationdance\n>p2 move roost\n>p2 switch 6\n>p1 move quiverdance\n>p2 move agility\n>p1 move quiverdance\n>p2 move agility\n>p1 move revelationdance\n>p2 move mysticalfire\n>forcelose p2", "uploadtime": 1782809867, "views": 8, "formatid": "gen9randombattle", "rating": null, "private": 0, "password": null, "player_dets": [{"name": "BTS fan forevahh", "avatar": "170", "rating": 2057, "seed": "sodium,61add3eeb3f7f60cda61cbb965215ed1"}, {"name": "star reacher", "avatar": "psychic", "rating": 2036, "seed": "sodium,11dabe0abf1764aad20102cb4182b6ca"}], "teams_full": [{"Electivire": {"name": "Electivire", "species": "Electivire", "speciesId": "electivire", "gender": "F", "shiny": false, "level": 84, "moves": ["icepunch", "earthquake", "supercellslam", "bulkup"], "ability": "Motor Drive", "evs": {"hp": 85, "atk": 85, "def": 85, "spa": 85, "spd": 85, "spe": 85}, "ivs": {"hp": 31, "atk": 31, "def": 31, "spa": 31, "spd": 31, "spe": 31}, "item": "Life Orb", "teraType": "Flying", "role": "Setup Sweeper", "bvs": {"hp": 75, "atk": 123, "def": 67, "spa": 95, "spd": 85, "spe": 95}, "stats": {"hp": 263, "atk": 255, "def": 161, "spa": 208, "spd": 191, "spe": 208}, "types": ["Electric"]}, "Oricorio": {"name": "Oricorio", "species": "Oricorio", "speciesId": "oricorio", "gender": "M", "shiny": false, "level": 84, "moves": ["hurricane", "revelationdance", "quiverdance", "roost"], "ability": "Dancer", "evs": {"hp": 85, "atk": 0, "def": 85, "spa": 85, "spd": 85, "spe": 85}, "ivs": {"hp": 31, "atk": 0, "def": 31, "spa": 31, "spd": 31, "spe": 31}, "item": "Heavy-Duty Boots", "teraType": "Ground", "role": "Setup Sweeper", "bvs": {"hp": 75, "atk": 70, "def": 70, "spa": 98, "spd": 70, "spe": 93}, "stats": {"hp": 263, "atk": 122, "def": 166, "spa": 213, "spd": 166, "spe": 204}, "types": ["Fire", "Flying"]}, "Cacturne": {"name": "Cacturne", "species": "Cacturne", "speciesId": "cacturne", "gender": "M", "shiny": false, "level": 92, "moves": ["swordsdance", "seedbomb", "knockoff", "suckerpunch"], "ability": "Water Absorb", "evs": {"hp": 85, "atk": 85, "def": 85, "spa": 85, "spd": 85, "spe": 85}, "ivs": {"hp": 31, "atk": 31, "def": 31, "spa": 31, "spd": 31, "spe": 31}, "item": "Life Orb", "teraType": "Dark", "role": "Setup Sweeper", "bvs": {"hp": 70, "atk": 115, "def": 60, "spa": 115, "spd": 60, "spe": 55}, "stats": {"hp": 278, "atk": 264, "def": 163, "spa": 264, "spd": 163, "spe": 154}, "types": ["Grass", "Dark"]}, "Ceruledge": {"name": "Ceruledge", "species": "Ceruledge", "speciesId": "ceruledge", "gender": "F", "shiny": false, "level": 78, "moves": ["poltergeist", "bitterblade", "swordsdance", "shadowsneak"], "ability": "Weak Armor", "evs": {"hp": 85, "atk": 85, "def": 85, "spa": 85, "spd": 85, "spe": 85}, "ivs": {"hp": 31, "atk": 31, "def": 31, "spa": 31, "spd": 31, "spe": 31}, "item": "Heavy-Duty Boots", "teraType": "Fire", "role": "Setup Sweeper", "bvs": {"hp": 75, "atk": 125, "def": 80, "spa": 60, "spd": 100, "spe": 85}, "stats": {"hp": 245, "atk": 240, "def": 170, "spa": 139, "spd": 201, "spe": 178}, "types": ["Fire", "Ghost"]}, "Mew": {"name": "Mew", "species": "Mew", "speciesId": "mew", "gender": "N", "shiny": false, "level": 82, "moves": ["encore", "toxicspikes", "knockoff", "psychicnoise"], "ability": "Synchronize", "evs": {"hp": 85, "atk": 85, "def": 85, "spa": 85, "spd": 85, "spe": 85}, "ivs": {"hp": 31, "atk": 31, "def": 31, "spa": 31, "spd": 31, "spe": 31}, "item": "Leftovers", "teraType": "Dark", "role": "Bulky Support", "bvs": {"hp": 100, "atk": 100, "def": 100, "spa": 100, "spd": 100, "spe": 100}, "stats": {"hp": 298, "atk": 211, "def": 211, "spa": 211, "spd": 211, "spe": 211}, "types": ["Psychic"]}, "Walking Wake": {"name": "Walking Wake", "species": "Walking Wake", "speciesId": "walkingwake", "gender": "N", "shiny": false, "level": 79, "moves": ["flamethrower", "dracometeor", "sunnyday", "hydrosteam"], "ability": "Protosynthesis", "evs": {"hp": 85, "atk": 0, "def": 85, "spa": 85, "spd": 85, "spe": 85}, "ivs": {"hp": 31, "atk": 0, "def": 31, "spa": 31, "spd": 31, "spe": 31}, "item": "Life Orb", "teraType": "Fire", "role": "Fast Attacker", "bvs": {"hp": 99, "atk": 83, "def": 91, "spa": 125, "spd": 83, "spe": 109}, "stats": {"hp": 286, "atk": 136, "def": 189, "spa": 243, "spd": 177, "spe": 218}, "types": ["Water", "Dragon"]}}, {"Volbeat": {"name": "Volbeat", "species": "Volbeat", "speciesId": "volbeat", "gender": "M", "shiny": false, "level": 90, "moves": ["lunge", "thunderwave", "encore", "roost"], "ability": "Prankster", "evs": {"hp": 85, "atk": 85, "def": 85, "spa": 85, "spd": 85, "spe": 85}, "ivs": {"hp": 31, "atk": 31, "def": 31, "spa": 31, "spd": 31, "spe": 31}, "item": "Heavy-Duty Boots", "teraType": "Steel", "role": "Bulky Attacker", "bvs": {"hp": 65, "atk": 73, "def": 75, "spa": 47, "spd": 85, "spe": 85}, "stats": {"hp": 263, "atk": 183, "def": 186, "spa": 136, "spd": 204, "spe": 204}, "types": ["Bug"]}, "Dipplin": {"name": "Dipplin", "species": "Dipplin", "speciesId": "dipplin", "gender": "M", "shiny": false, "level": 88, "moves": ["suckerpunch", "recover", "dragonpulse", "gigadrain"], "ability": "Sticky Hold", "evs": {"hp": 85, "atk": 85, "def": 85, "spa": 85, "spd": 85, "spe": 85}, "ivs": {"hp": 31, "atk": 31, "def": 31, "spa": 31, "spd": 31, "spe": 31}, "item": "Eviolite", "teraType": "Steel", "role": "Bulky Attacker", "bvs": {"hp": 80, "atk": 80, "def": 110, "spa": 95, "spd": 80, "spe": 40}, "stats": {"hp": 284, "atk": 191, "def": 244, "spa": 217, "spd": 191, "spe": 121}, "types": ["Grass", "Dragon"]}, "Farigiraf": {"name": "Farigiraf", "species": "Farigiraf", "speciesId": "farigiraf", "gender": "M", "shiny": false, "level": 90, "moves": ["wish", "psychicnoise", "protect", "bodyslam"], "ability": "Sap Sipper", "evs": {"hp": 85, "atk": 85, "def": 85, "spa": 85, "spd": 85, "spe": 85}, "ivs": {"hp": 31, "atk": 31, "def": 31, "spa": 31, "spd": 31, "spe": 31}, "item": "Leftovers", "teraType": "Water", "role": "Bulky Support", "bvs": {"hp": 120, "atk": 90, "def": 70, "spa": 110, "spd": 70, "spe": 60}, "stats": {"hp": 362, "atk": 213, "def": 177, "spa": 249, "spd": 177, "spe": 159}, "types": ["Normal", "Psychic"]}, "Pachirisu": {"name": "Pachirisu", "species": "Pachirisu", "speciesId": "pachirisu", "gender": "M", "shiny": false, "level": 96, "moves": ["thunderbolt", "nuzzle", "superfang", "uturn"], "ability": "Volt Absorb", "evs": {"hp": 85, "atk": 85, "def": 85, "spa": 85, "spd": 85, "spe": 85}, "ivs": {"hp": 31, "atk": 31, "def": 31, "spa": 31, "spd": 31, "spe": 31}, "item": "Assault Vest", "teraType": "Flying", "role": "AV Pivot", "bvs": {"hp": 60, "atk": 45, "def": 70, "spa": 45, "spd": 90, "spe": 95}, "stats": {"hp": 271, "atk": 141, "def": 189, "spa": 141, "spd": 227, "spe": 237}, "types": ["Electric"]}, "Mudsdale": {"name": "Mudsdale", "species": "Mudsdale", "speciesId": "mudsdale", "gender": "M", "shiny": false, "level": 83, "moves": ["heavyslam", "earthquake", "stoneedge", "stealthrock"], "ability": "Stamina", "evs": {"hp": 85, "atk": 85, "def": 85, "spa": 85, "spd": 85, "spe": 85}, "ivs": {"hp": 31, "atk": 31, "def": 31, "spa": 31, "spd": 31, "spe": 31}, "item": "Leftovers", "teraType": "Steel", "role": "Bulky Attacker", "bvs": {"hp": 100, "atk": 125, "def": 100, "spa": 55, "spd": 85, "spe": 35}, "stats": {"hp": 302, "atk": 255, "def": 214, "spa": 139, "spd": 189, "spe": 106}, "types": ["Ground"]}, "Enamorus": {"name": "Enamorus", "species": "Enamorus-Therian", "speciesId": "enamorustherian", "gender": "F", "shiny": false, "level": 83, "moves": ["earthpower", "mysticalfire", "agility", "moonblast"], "ability": "Overcoat", "evs": {"hp": 85, "atk": 0, "def": 85, "spa": 85, "spd": 85, "spe": 85}, "ivs": {"hp": 31, "atk": 0, "def": 31, "spa": 31, "spd": 31, "spe": 31}, "item": "Weakness Policy", "teraType": "Ground", "role": "Bulky Setup", "bvs": {"hp": 74, "atk": 115, "def": 110, "spa": 135, "spd": 100, "spe": 46}, "stats": {"hp": 259, "atk": 195, "def": 230, "spa": 272, "spd": 214, "spe": 124}, "types": ["Fairy", "Flying"]}}]}