{"id": "gen9randombattle-2641599882", "format": "[Gen 9] Random Battle", "players": ["morcollo", "testbotcif"], "log": "|j|\u2606morcollo\n|j|\u2606testbotcif\n|t:|1782816293\n|gametype|singles\n|player|p1|morcollo|blue|1221\n|player|p2|testbotcif|266|1205\n|gen|9\n|tier|[Gen 9] Random Battle\n|rated|\n|rule|Species Clause: Limit one of each Pok\u00e9mon\n|rule|HP Percentage Mod: HP is shown in percentages\n|rule|Sleep Clause Mod: Limit one foe put to sleep\n|rule|Illusion Level Mod: Illusion disguises the Pok\u00e9mon's true level\n|\n|t:|1782816293\n|teamsize|p1|6\n|teamsize|p2|6\n|start\n|switch|p1a: Dragonite|Dragonite, L74, F|257/257\n|switch|p2a: Ariados|Ariados, L95, F|287/287\n|turn|1\n|c|\u2606testbotcif|rlhf\n|inactive|Battle timer is ON: inactive players will automatically lose when time's up. (requested by testbotcif)\n|\n|t:|1782816313\n|move|p1a: Dragonite|Dragon Dance|p1a: Dragonite\n|-boost|p1a: Dragonite|atk|1\n|-boost|p1a: Dragonite|spe|1\n|move|p2a: Ariados|Poison Jab|p1a: Dragonite\n|-damage|p1a: Dragonite|203/257\n|\n|upkeep\n|turn|2\n|\n|t:|1782816320\n|move|p1a: Dragonite|Earthquake|p2a: Ariados\n|-damage|p2a: Ariados|185/287\n|move|p2a: Ariados|Poison Jab|p1a: Dragonite\n|-damage|p1a: Dragonite|88/257\n|\n|upkeep\n|turn|3\n|\n|t:|1782816326\n|move|p1a: Dragonite|Outrage|p2a: Ariados\n|-damage|p2a: Ariados|0 fnt\n|faint|p2a: Ariados\n|\n|upkeep\n|\n|t:|1782816326\n|switch|p2a: Calyrex|Calyrex-Shadow, L64|235/235\n|-ability|p2a: Calyrex|As One\n|-ability|p2a: Calyrex|Unnerve\n|turn|4\n|\n|t:|1782816340\n|move|p1a: Dragonite|Outrage|p2a: Calyrex|[from] lockedmove\n|-damage|p2a: Calyrex|0 fnt\n|faint|p2a: Calyrex\n|-start|p1a: Dragonite|confusion|[fatigue]\n|\n|upkeep\n|\n|t:|1782816340\n|switch|p2a: Cinccino|Cinccino, L83, F|260/260\n|turn|5\n|\n|t:|1782816347\n|-activate|p1a: Dragonite|confusion\n|move|p1a: Dragonite|Outrage|p2a: Cinccino\n|-damage|p2a: Cinccino|20/260\n|move|p2a: Cinccino|Tail Slap|p1a: Dragonite\n|-damage|p1a: Dragonite|45/257\n|-damage|p1a: Dragonite|2/257\n|-damage|p1a: Dragonite|0 fnt\n|faint|p1a: Dragonite\n|-hitcount|p1: Dragonite|3\n|\n|upkeep\n|\n|t:|1782816362\n|switch|p1a: Cacturne|Cacturne, L92, M|278/278\n|turn|6\n|\n|t:|1782816365\n|move|p1a: Cacturne|Sucker Punch|p2a: Cinccino\n|-damage|p2a: Cinccino|0 fnt\n|faint|p2a: Cinccino\n|-damage|p1a: Cacturne|251/278|[from] item: Life Orb\n|\n|upkeep\n|\n|t:|1782816365\n|switch|p2a: Mienshao|Mienshao, L83, F|244/244\n|turn|7\n|\n|t:|1782816391\n|move|p2a: Mienshao|Close Combat|p1a: Cacturne\n|-supereffective|p1a: Cacturne\n|-damage|p1a: Cacturne|0 fnt\n|-unboost|p2a: Mienshao|def|1\n|-unboost|p2a: Mienshao|spd|1\n|faint|p1a: Cacturne\n|\n|upkeep\n|\n|t:|1782816397\n|switch|p1a: Farigiraf|Farigiraf, L90, M|362/362\n|turn|8\n|\n|t:|1782816401\n|-terastallize|p2a: Mienshao|Dark\n|move|p2a: Mienshao|Knock Off|p1a: Farigiraf\n|-supereffective|p1a: Farigiraf\n|-damage|p1a: Farigiraf|96/362\n|-enditem|p1a: Farigiraf|Leftovers|[from] move: Knock Off|[of] p2a: Mienshao\n|move|p1a: Farigiraf|Psychic Noise|p2a: Mienshao\n|-immune|p2a: Mienshao\n|\n|upkeep\n|turn|9\n|\n|t:|1782816406\n|move|p1a: Farigiraf|Protect|p1a: Farigiraf\n|-singleturn|p1a: Farigiraf|Protect\n|move|p2a: Mienshao|Knock Off|p1a: Farigiraf\n|-activate|p1a: Farigiraf|move: Protect\n|\n|upkeep\n|turn|10\n|\n|t:|1782816413\n|move|p2a: Mienshao|Knock Off|p1a: Farigiraf\n|-supereffective|p1a: Farigiraf\n|-damage|p1a: Farigiraf|0 fnt\n|faint|p1a: Farigiraf\n|\n|upkeep\n|\n|t:|1782816416\n|switch|p1a: Ninetales|Ninetales-Alola, L78, M|242/242\n|-weather|Snowscape|[from] ability: Snow Warning|[of] p1a: Ninetales\n|turn|11\n|\n|t:|1782816420\n|move|p2a: Mienshao|Close Combat|p1a: Ninetales\n|-damage|p1a: Ninetales|121/242\n|-unboost|p2a: Mienshao|def|1\n|-unboost|p2a: Mienshao|spd|1\n|move|p1a: Ninetales|Aurora Veil|p1a: Ninetales\n|-sidestart|p1: morcollo|move: Aurora Veil\n|\n|-weather|Snowscape|[upkeep]\n|upkeep\n|turn|12\n|\n|t:|1782816428\n|move|p2a: Mienshao|Close Combat|p1a: Ninetales\n|-damage|p1a: Ninetales|58/242\n|-unboost|p2a: Mienshao|def|1\n|-unboost|p2a: Mienshao|spd|1\n|move|p1a: Ninetales|Moonblast|p2a: Mienshao\n|-supereffective|p2a: Mienshao\n|-damage|p2a: Mienshao|0 fnt\n|faint|p2a: Mienshao\n|\n|-weather|Snowscape|[upkeep]\n|upkeep\n|\n|t:|1782816428\n|switch|p2a: Snorlax|Snorlax, L82, F|397/397\n|turn|13\n|\n|t:|1782816440\n|move|p1a: Ninetales|Blizzard|p2a: Snorlax\n|-damage|p2a: Snorlax|360/397\n|move|p2a: Snorlax|Body Slam|p1a: Ninetales\n|-damage|p1a: Ninetales|19/242\n|\n|-weather|Snowscape|[upkeep]\n|-heal|p2a: Snorlax|384/397|[from] item: Leftovers\n|upkeep\n|turn|14\n|\n|t:|1782816448\n|move|p1a: Ninetales|Moonblast|p2a: Snorlax\n|-damage|p2a: Snorlax|320/397\n|move|p2a: Snorlax|Body Slam|p1a: Ninetales\n|-damage|p1a: Ninetales|0 fnt\n|faint|p1a: Ninetales\n|\n|-weather|Snowscape|[upkeep]\n|-heal|p2a: Snorlax|344/397|[from] item: Leftovers\n|upkeep\n|\n|t:|1782816457\n|switch|p1a: Ursaluna|Ursaluna, L79, M|335/335\n|turn|15\n|\n|t:|1782816463\n|move|p1a: Ursaluna|Trailblaze|p2a: Snorlax\n|-damage|p2a: Snorlax|290/397\n|-boost|p1a: Ursaluna|spe|1\n|move|p2a: Snorlax|Body Slam|p1a: Ursaluna\n|-damage|p1a: Ursaluna|287/335\n|\n|-weather|none\n|-heal|p2a: Snorlax|314/397|[from] item: Leftovers\n|-status|p1a: Ursaluna|brn|[from] item: Flame Orb\n|upkeep\n|turn|16\n|\n|t:|1782816473\n|move|p1a: Ursaluna|Trailblaze|p2a: Snorlax\n|-damage|p2a: Snorlax|239/397\n|-boost|p1a: Ursaluna|spe|1\n|move|p2a: Snorlax|Body Slam|p1a: Ursaluna\n|-damage|p1a: Ursaluna|245/335 brn\n|\n|-heal|p2a: Snorlax|263/397|[from] item: Leftovers\n|-damage|p1a: Ursaluna|225/335 brn|[from] brn\n|upkeep\n|turn|17\n|\n|t:|1782816482\n|move|p1a: Ursaluna|Swords Dance|p1a: Ursaluna\n|-boost|p1a: Ursaluna|atk|2\n|move|p2a: Snorlax|Body Slam|p1a: Ursaluna\n|-damage|p1a: Ursaluna|178/335 brn\n|\n|-heal|p2a: Snorlax|287/397|[from] item: Leftovers\n|-damage|p1a: Ursaluna|158/335 brn|[from] brn\n|upkeep\n|turn|18\n|\n|t:|1782816490\n|move|p1a: Ursaluna|Facade|p2a: Snorlax\n|-damage|p2a: Snorlax|0 fnt\n|faint|p2a: Snorlax\n|\n|-damage|p1a: Ursaluna|138/335 brn|[from] brn\n|-sideend|p1: morcollo|move: Aurora Veil\n|upkeep\n|\n|t:|1782816491\n|switch|p2a: Oricorio|Oricorio-Pom-Pom, L82, F|257/257\n|turn|19\n|\n|t:|1782816498\n|move|p1a: Ursaluna|Facade|p2a: Oricorio\n|-damage|p2a: Oricorio|0 fnt\n|faint|p2a: Oricorio\n|\n|win|morcollo\n|raw|morcollo's rating: 1221 &rarr; <strong>1245</strong><br />(+24 for winning)\n|raw|testbotcif's rating: 1205 &rarr; <strong>1181</strong><br />(-24 for losing)\n", "inputlog": ">version f8ac14003a5f27e1bdc8d8c59608a773c1cb96e5\n>start {\"formatid\":\"gen9randombattle\",\"seed\":\"sodium,182187371999949a2d13587212613c5b\",\"rated\":\"Rated battle\"}\n>player p1 {\"name\":\"morcollo\",\"avatar\":\"blue\",\"rating\":1221,\"seed\":\"sodium,1b71cd148789637ef8d7c638931f8d1d\"}\n>player p2 {\"name\":\"testbotcif\",\"avatar\":\"266\",\"rating\":1205,\"seed\":\"sodium,59ec590404a5a5fd6cdeff89727b13cc\"}\n>chat \u2606testbotcif|rlhf\n>p1 move dragondance\n>p2 move poisonjab\n>p1 move earthquake\n>p2 move poisonjab\n>p1 move outrage\n>p2 move poisonjab\n>p2 switch 3\n>p1 move outrage\n>p2 move astralbarrage\n>p2 switch 5\n>p1 move outrage\n>p2 move tailslap\n>p1 switch 5\n>p1 move suckerpunch\n>p2 move tripleaxel\n>p2 switch 6\n>p1 move knockoff\n>p2 move closecombat\n>p1 switch 3\n>p1 move psychicnoise\n>p2 move knockoff terastallize\n>p1 move protect\n>p2 move knockoff\n>p1 move wish\n>p2 move knockoff\n>p1 switch 6\n>p1 move auroraveil\n>p2 move closecombat\n>p1 move moonblast\n>p2 move closecombat\n>p2 switch 2\n>p1 move blizzard\n>p2 move bodyslam\n>p1 move moonblast\n>p2 move bodyslam\n>p1 switch 4\n>p1 move trailblaze\n>p2 move bodyslam\n>p1 move trailblaze\n>p2 move bodyslam\n>p1 move swordsdance\n>p2 move bodyslam\n>p1 move facade\n>p2 move bodyslam\n>p2 switch 4\n>p1 move facade\n>p2 move quiverdance", "uploadtime": 1782816498, "views": 3, "formatid": "gen9randombattle", "rating": 1181, "private": 0, "password": null, "player_dets": [{"name": "morcollo", "avatar": "blue", "rating": 1221, "seed": "sodium,1b71cd148789637ef8d7c638931f8d1d"}, {"name": "testbotcif", "avatar": "266", "rating": 1205, "seed": "sodium,59ec590404a5a5fd6cdeff89727b13cc"}], "teams_full": [{"Dragonite": {"name": "Dragonite", "species": "Dragonite", "speciesId": "dragonite", "gender": "F", "shiny": false, "level": 74, "moves": ["earthquake", "dragondance", "ironhead", "outrage"], "ability": "Multiscale", "evs": {"hp": 85, "atk": 85, "def": 85, "spa": 85, "spd": 85, "spe": 85}, "ivs": {"hp": 31, "atk": 31, "def": 31, "spa": 31, "spd": 31, "spe": 31}, "item": "Heavy-Duty Boots", "teraType": "Steel", "role": "Setup Sweeper", "bvs": {"hp": 91, "atk": 134, "def": 95, "spa": 100, "spd": 100, "spe": 80}, "stats": {"hp": 257, "atk": 241, "def": 184, "spa": 191, "spd": 191, "spe": 161}, "types": ["Dragon", "Flying"]}, "Swanna": {"name": "Swanna", "species": "Swanna", "speciesId": "swanna", "gender": "M", "shiny": false, "level": 89, "moves": ["hydropump", "roost", "bravebird", "defog"], "ability": "Hydration", "evs": {"hp": 85, "atk": 85, "def": 85, "spa": 85, "spd": 85, "spe": 85}, "ivs": {"hp": 31, "atk": 31, "def": 31, "spa": 31, "spd": 31, "spe": 31}, "item": "Heavy-Duty Boots", "teraType": "Ground", "role": "Bulky Support", "bvs": {"hp": 75, "atk": 87, "def": 63, "spa": 87, "spd": 63, "spe": 98}, "stats": {"hp": 278, "atk": 206, "def": 163, "spa": 206, "spd": 163, "spe": 225}, "types": ["Water", "Flying"]}, "Farigiraf": {"name": "Farigiraf", "species": "Farigiraf", "speciesId": "farigiraf", "gender": "M", "shiny": false, "level": 90, "moves": ["wish", "protect", "bodyslam", "psychicnoise"], "ability": "Sap Sipper", "evs": {"hp": 85, "atk": 85, "def": 85, "spa": 85, "spd": 85, "spe": 85}, "ivs": {"hp": 31, "atk": 31, "def": 31, "spa": 31, "spd": 31, "spe": 31}, "item": "Leftovers", "teraType": "Ground", "role": "Bulky Support", "bvs": {"hp": 120, "atk": 90, "def": 70, "spa": 110, "spd": 70, "spe": 60}, "stats": {"hp": 362, "atk": 213, "def": 177, "spa": 249, "spd": 177, "spe": 159}, "types": ["Normal", "Psychic"]}, "Ursaluna": {"name": "Ursaluna", "species": "Ursaluna", "speciesId": "ursaluna", "gender": "M", "shiny": false, "level": 79, "moves": ["swordsdance", "facade", "trailblaze", "headlongrush"], "ability": "Guts", "evs": {"hp": 85, "atk": 85, "def": 85, "spa": 85, "spd": 85, "spe": 85}, "ivs": {"hp": 31, "atk": 31, "def": 31, "spa": 31, "spd": 31, "spe": 31}, "item": "Flame Orb", "teraType": "Normal", "role": "Bulky Attacker", "bvs": {"hp": 130, "atk": 140, "def": 105, "spa": 45, "spd": 80, "spe": 50}, "stats": {"hp": 335, "atk": 267, "def": 211, "spa": 117, "spd": 172, "spe": 125}, "types": ["Ground", "Normal"]}, "Cacturne": {"name": "Cacturne", "species": "Cacturne", "speciesId": "cacturne", "gender": "M", "shiny": false, "level": 92, "moves": ["leafstorm", "suckerpunch", "focusblast", "knockoff"], "ability": "Water Absorb", "evs": {"hp": 85, "atk": 85, "def": 85, "spa": 85, "spd": 85, "spe": 85}, "ivs": {"hp": 31, "atk": 31, "def": 31, "spa": 31, "spd": 31, "spe": 31}, "item": "Life Orb", "teraType": "Dark", "role": "Wallbreaker", "bvs": {"hp": 70, "atk": 115, "def": 60, "spa": 115, "spd": 60, "spe": 55}, "stats": {"hp": 278, "atk": 264, "def": 163, "spa": 264, "spd": 163, "spe": 154}, "types": ["Grass", "Dark"]}, "Ninetales": {"name": "Ninetales", "species": "Ninetales-Alola", "speciesId": "ninetalesalola", "gender": "M", "shiny": false, "level": 78, "moves": ["blizzard", "moonblast", "freezedry", "auroraveil"], "ability": "Snow Warning", "evs": {"hp": 85, "atk": 0, "def": 85, "spa": 85, "spd": 85, "spe": 85}, "ivs": {"hp": 31, "atk": 0, "def": 31, "spa": 31, "spd": 31, "spe": 31}, "item": "Light Clay", "teraType": "Water", "role": "Fast Attacker", "bvs": {"hp": 73, "atk": 67, "def": 75, "spa": 81, "spd": 100, "spe": 109}, "stats": {"hp": 242, "atk": 109, "def": 162, "spa": 171, "spd": 201, "spe": 215}, "types": ["Ice", "Fairy"]}}, {"Ariados": {"name": "Ariados", "species": "Ariados", "speciesId": "ariados", "gender": "F", "shiny": false, "level": 95, "moves": ["knockoff", "stickyweb", "megahorn", "poisonjab"], "ability": "Swarm", "evs": {"hp": 85, "atk": 85, "def": 85, "spa": 85, "spd": 85, "spe": 85}, "ivs": {"hp": 31, "atk": 31, "def": 31, "spa": 31, "spd": 31, "spe": 31}, "item": "Focus Sash", "teraType": "Ghost", "role": "Fast Support", "bvs": {"hp": 70, "atk": 90, "def": 70, "spa": 60, "spd": 70, "spe": 40}, "stats": {"hp": 287, "atk": 225, "def": 187, "spa": 168, "spd": 187, "spe": 130}, "types": ["Bug", "Poison"]}, "Snorlax": {"name": "Snorlax", "species": "Snorlax", "speciesId": "snorlax", "gender": "F", "shiny": false, "level": 82, "moves": ["crunch", "earthquake", "bodyslam", "curse"], "ability": "Thick Fat", "evs": {"hp": 85, "atk": 85, "def": 85, "spa": 85, "spd": 85, "spe": 85}, "ivs": {"hp": 31, "atk": 31, "def": 31, "spa": 31, "spd": 31, "spe": 31}, "item": "Leftovers", "teraType": "Ground", "role": "Bulky Setup", "bvs": {"hp": 160, "atk": 110, "def": 65, "spa": 65, "spd": 110, "spe": 30}, "stats": {"hp": 397, "atk": 228, "def": 154, "spa": 154, "spd": 228, "spe": 96}, "types": ["Normal"]}, "Calyrex": {"name": "Calyrex", "species": "Calyrex-Shadow", "speciesId": "calyrexshadow", "gender": "N", "shiny": false, "level": 64, "moves": ["trick", "astralbarrage", "psyshock", "pollenpuff"], "ability": "As One (Spectrier)", "evs": {"hp": 85, "atk": 0, "def": 85, "spa": 85, "spd": 85, "spe": 85}, "ivs": {"hp": 31, "atk": 0, "def": 31, "spa": 31, "spd": 31, "spe": 31}, "item": "Choice Specs", "teraType": "Ghost", "role": "Fast Attacker", "bvs": {"hp": 100, "atk": 85, "def": 80, "spa": 165, "spd": 100, "spe": 150}, "stats": {"hp": 235, "atk": 113, "def": 140, "spa": 249, "spd": 166, "spe": 230}, "types": ["Psychic", "Ghost"]}, "Oricorio": {"name": "Oricorio", "species": "Oricorio-Pom-Pom", "speciesId": "oricoriopompom", "gender": "F", "shiny": false, "level": 82, "moves": ["revelationdance", "roost", "quiverdance", "hurricane"], "ability": "Dancer", "evs": {"hp": 85, "atk": 0, "def": 85, "spa": 85, "spd": 85, "spe": 85}, "ivs": {"hp": 31, "atk": 0, "def": 31, "spa": 31, "spd": 31, "spe": 31}, "item": "Heavy-Duty Boots", "teraType": "Ground", "role": "Setup Sweeper", "bvs": {"hp": 75, "atk": 70, "def": 70, "spa": 98, "spd": 70, "spe": 93}, "stats": {"hp": 257, "atk": 119, "def": 162, "spa": 208, "spd": 162, "spe": 200}, "types": ["Electric", "Flying"]}, "Cinccino": {"name": "Cinccino", "species": "Cinccino", "speciesId": "cinccino", "gender": "F", "shiny": false, "level": 83, "moves": ["tidyup", "tripleaxel", "tailslap", "bulletseed"], "ability": "Technician", "evs": {"hp": 85, "atk": 85, "def": 85, "spa": 85, "spd": 85, "spe": 85}, "ivs": {"hp": 31, "atk": 31, "def": 31, "spa": 31, "spd": 31, "spe": 31}, "item": "Loaded Dice", "teraType": "Normal", "role": "Fast Attacker", "bvs": {"hp": 75, "atk": 95, "def": 60, "spa": 65, "spd": 60, "spe": 115}, "stats": {"hp": 260, "atk": 205, "def": 147, "spa": 156, "spd": 147, "spe": 239}, "types": ["Normal"]}, "Mienshao": {"name": "Mienshao", "species": "Mienshao", "speciesId": "mienshao", "gender": "F", "shiny": false, "level": 83, "moves": ["closecombat", "uturn", "knockoff", "fakeout"], "ability": "Regenerator", "evs": {"hp": 85, "atk": 85, "def": 85, "spa": 85, "spd": 85, "spe": 85}, "ivs": {"hp": 31, "atk": 31, "def": 31, "spa": 31, "spd": 31, "spe": 31}, "item": "Assault Vest", "teraType": "Dark", "role": "AV Pivot", "bvs": {"hp": 65, "atk": 125, "def": 60, "spa": 95, "spd": 60, "spe": 105}, "stats": {"hp": 244, "atk": 255, "def": 147, "spa": 205, "spd": 147, "spe": 222}, "types": ["Fighting"]}}]}