{"id": "gen9randombattle-2641207286", "format": "[Gen 9] Random Battle", "players": ["Yeegus", "efalunt"], "log": "|j|\u203dYeegus\n|j|\u2606efalunt\n|t:|1782753737\n|gametype|singles\n|player|p1|Yeegus|170|1916\n|player|p2|efalunt|supernerd|2008\n|gen|9\n|tier|[Gen 9] Random Battle\n|rated|\n|rule|Species Clause: Limit one of each Pok\u00e9mon\n|rule|HP Percentage Mod: HP is shown in percentages\n|rule|Sleep Clause Mod: Limit one foe put to sleep\n|rule|Illusion Level Mod: Illusion disguises the Pok\u00e9mon's true level\n|\n|t:|1782753737\n|teamsize|p1|6\n|teamsize|p2|6\n|start\n|switch|p1a: Oranguru|Oranguru, L92, F|315/315\n|switch|p2a: Floatzel|Floatzel, L86, F|286/286\n|turn|1\n|inactive|Battle timer is ON: inactive players will automatically lose when time's up. (requested by efalunt)\n|\n|t:|1782753743\n|move|p2a: Floatzel|Wave Crash|p1a: Oranguru\n|-damage|p1a: Oranguru|171/315\n|-damage|p2a: Floatzel|238/286|[from] Recoil\n|move|p1a: Oranguru|Thunderbolt|p2a: Floatzel\n|-supereffective|p2a: Floatzel\n|-damage|p2a: Floatzel|22/286\n|\n|-heal|p2a: Floatzel|39/286|[from] item: Leftovers\n|-heal|p1a: Oranguru|190/315|[from] item: Leftovers\n|upkeep\n|turn|2\n|\n|t:|1782753751\n|switch|p2a: Bellibolt|Bellibolt, L84, F|320/320\n|move|p1a: Oranguru|Psyshock|p2a: Bellibolt\n|-damage|p2a: Bellibolt|224/320\n|-start|p2a: Bellibolt|Charge|Psyshock|[from] ability: Electromorphosis\n|\n|-heal|p1a: Oranguru|209/315|[from] item: Leftovers\n|-heal|p2a: Bellibolt|244/320|[from] item: Leftovers\n|upkeep\n|turn|3\n|\n|t:|1782753760\n|move|p1a: Oranguru|Nasty Plot|p1a: Oranguru\n|-boost|p1a: Oranguru|spa|2\n|move|p2a: Bellibolt|Thunderbolt|p1a: Oranguru\n|-damage|p1a: Oranguru|50/315\n|-end|p2a: Bellibolt|Charge|[silent]\n|\n|-heal|p1a: Oranguru|69/315|[from] item: Leftovers\n|-heal|p2a: Bellibolt|264/320|[from] item: Leftovers\n|upkeep\n|turn|4\n|\n|t:|1782753770\n|move|p1a: Oranguru|Psyshock|p2a: Bellibolt\n|-damage|p2a: Bellibolt|80/320\n|-start|p2a: Bellibolt|Charge|Psyshock|[from] ability: Electromorphosis\n|move|p2a: Bellibolt|Thunderbolt|p1a: Oranguru\n|-damage|p1a: Oranguru|0 fnt\n|faint|p1a: Oranguru\n|-end|p2a: Bellibolt|Charge|[silent]\n|\n|-heal|p2a: Bellibolt|100/320|[from] item: Leftovers\n|upkeep\n|\n|t:|1782753784\n|switch|p1a: Torterra|Torterra, L78, F|276/276\n|turn|5\n|\n|t:|1782753792\n|switch|p2a: Misdreavus|Misdreavus, L90, M|254/254\n|move|p1a: Torterra|Headlong Rush|p2a: Misdreavus\n|-immune|p2a: Misdreavus|[from] ability: Levitate\n|\n|upkeep\n|turn|6\n|inactive|Yeegus has 120 seconds left.\n|\n|t:|1782753822\n|switch|p1a: Malamar|Malamar, L82, M|275/275\n|move|p2a: Misdreavus|Will-O-Wisp|p1a: Malamar\n|-status|p1a: Malamar|brn\n|\n|-damage|p1a: Malamar|258/275 brn|[from] brn\n|upkeep\n|turn|7\n|\n|t:|1782753840\n|-terastallize|p2a: Misdreavus|Fairy\n|move|p2a: Misdreavus|Calm Mind|p2a: Misdreavus\n|-boost|p2a: Misdreavus|spa|1\n|-boost|p2a: Misdreavus|spd|1\n|move|p1a: Malamar|Knock Off|p2a: Misdreavus\n|-resisted|p2a: Misdreavus\n|-damage|p2a: Misdreavus|235/254\n|-enditem|p2a: Misdreavus|Eviolite|[from] move: Knock Off|[of] p1a: Malamar\n|\n|-damage|p1a: Malamar|241/275 brn|[from] brn\n|upkeep\n|turn|8\n|\n|t:|1782753858\n|switch|p1a: Cinccino|Cinccino, L83, M|260/260\n|move|p2a: Misdreavus|Calm Mind|p2a: Misdreavus\n|-boost|p2a: Misdreavus|spa|1\n|-boost|p2a: Misdreavus|spd|1\n|\n|upkeep\n|turn|9\n|\n|t:|1782753864\n|move|p1a: Cinccino|Tail Slap|p2a: Misdreavus\n|-damage|p2a: Misdreavus|192/254\n|-damage|p2a: Misdreavus|146/254\n|-damage|p2a: Misdreavus|98/254\n|-damage|p2a: Misdreavus|53/254\n|-damage|p2a: Misdreavus|7/254\n|-hitcount|p2a: Misdreavus|5\n|move|p2a: Misdreavus|Will-O-Wisp|p1a: Cinccino\n|-status|p1a: Cinccino|brn\n|\n|-damage|p1a: Cinccino|244/260 brn|[from] brn\n|upkeep\n|turn|10\n|\n|t:|1782753871\n|switch|p2a: Tauros|Tauros-Paldea-Aqua, L81, M|254/254\n|-ability|p2a: Tauros|Intimidate|boost\n|-unboost|p1a: Cinccino|atk|1\n|move|p1a: Cinccino|U-turn|p2a: Tauros\n|-resisted|p2a: Tauros\n|-damage|p2a: Tauros|247/254\n|\n|t:|1782753877\n|switch|p1a: Spiritomb|Spiritomb, L89, M|234/234|[from] U-turn\n|\n|upkeep\n|turn|11\n|\n|t:|1782753883\n|switch|p2a: Pyroar|Pyroar, L88, F|295/295\n|-ability|p2a: Pyroar|Unnerve\n|move|p1a: Spiritomb|Will-O-Wisp|p2a: Pyroar\n|-immune|p2a: Pyroar\n|\n|upkeep\n|turn|12\n|\n|t:|1782753891\n|switch|p1a: Cinccino|Cinccino, L83, M|244/260 brn\n|move|p2a: Pyroar|Work Up|p2a: Pyroar\n|-boost|p2a: Pyroar|atk|1\n|-boost|p2a: Pyroar|spa|1\n|\n|-damage|p1a: Cinccino|228/260 brn|[from] brn\n|upkeep\n|turn|13\n|\n|t:|1782753897\n|move|p1a: Cinccino|Tail Slap|p2a: Pyroar|[miss]\n|-miss|p1a: Cinccino|p2a: Pyroar\n|move|p2a: Pyroar|Hyper Voice|p1a: Cinccino\n|-damage|p1a: Cinccino|0 fnt\n|faint|p1a: Cinccino\n|\n|upkeep\n|\n|t:|1782753902\n|switch|p1a: Malamar|Malamar, L82, M|241/275 brn\n|turn|14\n|\n|t:|1782753912\n|move|p2a: Pyroar|Hyper Voice|p1a: Malamar\n|-damage|p1a: Malamar|33/275 brn\n|move|p1a: Malamar|Superpower|p2a: Pyroar\n|-supereffective|p2a: Pyroar\n|-damage|p2a: Pyroar|207/295\n|-boost|p1a: Malamar|atk|1\n|-boost|p1a: Malamar|def|1\n|\n|-damage|p1a: Malamar|16/275 brn|[from] brn\n|upkeep\n|turn|15\n|\n|t:|1782753917\n|move|p2a: Pyroar|Hyper Voice|p1a: Malamar\n|-damage|p1a: Malamar|0 fnt\n|faint|p1a: Malamar\n|\n|upkeep\n|\n|t:|1782753921\n|switch|p1a: Torterra|Torterra, L78, F|276/276\n|turn|16\n|\n|t:|1782753925\n|move|p2a: Pyroar|Fire Blast|p1a: Torterra\n|-supereffective|p1a: Torterra\n|-damage|p1a: Torterra|0 fnt\n|faint|p1a: Torterra\n|\n|upkeep\n|-message|Yeegus forfeited.\n|\n|win|efalunt\n|raw|Yeegus's rating: 1916 &rarr; <strong>1901</strong><br />(-15 for losing)\n|raw|efalunt's rating: 2008 &rarr; <strong>2023</strong><br />(+15 for winning)\n", "inputlog": ">version f8ac14003a5f27e1bdc8d8c59608a773c1cb96e5\n>start {\"formatid\":\"gen9randombattle\",\"seed\":\"sodium,a19266c7fecb7e5835005619b5f6d64b\",\"rated\":\"Rated battle\"}\n>player p1 {\"name\":\"Yeegus\",\"avatar\":\"170\",\"rating\":1916,\"seed\":\"sodium,08554b591060ece887f86422d4c0b536\"}\n>player p2 {\"name\":\"efalunt\",\"avatar\":\"supernerd\",\"rating\":2008,\"seed\":\"sodium,c876b95544682eef6b5e1ad20bc0b251\"}\n>p1 move thunderbolt\n>p2 move wavecrash\n>p1 move psyshock\n>p2 switch 6\n>p1 move nastyplot\n>p2 move thunderbolt\n>p1 move psyshock\n>p2 move thunderbolt\n>p1 switch 6\n>p1 move headlongrush\n>p2 switch 3\n>p1 switch 5\n>p2 move willowisp\n>p1 move knockoff\n>p2 move calmmind terastallize\n>p1 switch 2\n>p2 move calmmind\n>p1 move tailslap\n>p2 move willowisp\n>p1 move uturn\n>p2 switch 4\n>p1 switch 4\n>p1 move willowisp\n>p2 switch 2\n>p1 switch 4\n>p2 move workup\n>p1 move tailslap\n>p2 move hypervoice\n>p1 switch 2\n>p1 move superpower\n>p2 move hypervoice\n>p1 move knockoff\n>p2 move hypervoice\n>p1 switch 5\n>p1 move shellsmash\n>p2 move fireblast\n>forcelose p1", "uploadtime": 1782753930, "views": 6, "formatid": "gen9randombattle", "rating": 1901, "private": 0, "password": null, "player_dets": [{"name": "Yeegus", "avatar": "170", "rating": 1916, "seed": "sodium,08554b591060ece887f86422d4c0b536"}, {"name": "efalunt", "avatar": "supernerd", "rating": 2008, "seed": "sodium,c876b95544682eef6b5e1ad20bc0b251"}], "teams_full": [{"Oranguru": {"name": "Oranguru", "species": "Oranguru", "speciesId": "oranguru", "gender": "F", "shiny": false, "level": 92, "moves": ["nastyplot", "focusblast", "thunderbolt", "psyshock"], "ability": "Inner Focus", "evs": {"hp": 85, "atk": 0, "def": 85, "spa": 85, "spd": 85, "spe": 85}, "ivs": {"hp": 31, "atk": 0, "def": 31, "spa": 31, "spd": 31, "spe": 31}, "item": "Leftovers", "teraType": "Electric", "role": "Bulky Attacker", "bvs": {"hp": 90, "atk": 60, "def": 80, "spa": 90, "spd": 110, "spe": 60}, "stats": {"hp": 315, "atk": 115, "def": 200, "spa": 218, "spd": 255, "spe": 163}, "types": ["Normal", "Psychic"]}, "Cinccino": {"name": "Cinccino", "species": "Cinccino", "speciesId": "cinccino", "gender": "M", "shiny": false, "level": 83, "moves": ["tailslap", "uturn", "bulletseed", "tripleaxel"], "ability": "Technician", "evs": {"hp": 85, "atk": 85, "def": 85, "spa": 85, "spd": 85, "spe": 85}, "ivs": {"hp": 31, "atk": 31, "def": 31, "spa": 31, "spd": 31, "spe": 31}, "item": "Loaded Dice", "teraType": "Grass", "role": "Fast Attacker", "bvs": {"hp": 75, "atk": 95, "def": 60, "spa": 65, "spd": 60, "spe": 115}, "stats": {"hp": 260, "atk": 205, "def": 147, "spa": 156, "spd": 147, "spe": 239}, "types": ["Normal"]}, "Sandslash": {"name": "Sandslash", "species": "Sandslash-Alola", "speciesId": "sandslashalola", "gender": "F", "shiny": false, "level": 88, "moves": ["tripleaxel", "ironhead", "earthquake", "rapidspin"], "ability": "Slush Rush", "evs": {"hp": 85, "atk": 85, "def": 85, "spa": 85, "spd": 85, "spe": 85}, "ivs": {"hp": 31, "atk": 31, "def": 31, "spa": 31, "spd": 31, "spe": 31}, "item": "Assault Vest", "teraType": "Water", "role": "Bulky Support", "bvs": {"hp": 75, "atk": 100, "def": 120, "spa": 25, "spd": 65, "spe": 65}, "stats": {"hp": 275, "atk": 226, "def": 261, "spa": 94, "spd": 165, "spe": 165}, "types": ["Ice", "Steel"]}, "Spiritomb": {"name": "Spiritomb", "species": "Spiritomb", "speciesId": "spiritomb", "gender": "M", "shiny": false, "level": 89, "moves": ["willowisp", "poltergeist", "foulplay", "shadowsneak"], "ability": "Infiltrator", "evs": {"hp": 85, "atk": 85, "def": 85, "spa": 85, "spd": 85, "spe": 85}, "ivs": {"hp": 31, "atk": 31, "def": 31, "spa": 31, "spd": 31, "spe": 31}, "item": "Leftovers", "teraType": "Steel", "role": "Bulky Support", "bvs": {"hp": 50, "atk": 92, "def": 108, "spa": 92, "spd": 108, "spe": 35}, "stats": {"hp": 234, "atk": 215, "def": 243, "spa": 215, "spd": 243, "spe": 113}, "types": ["Ghost", "Dark"]}, "Malamar": {"name": "Malamar", "species": "Malamar", "speciesId": "malamar", "gender": "M", "shiny": false, "level": 82, "moves": ["rest", "knockoff", "psychocut", "superpower"], "ability": "Contrary", "evs": {"hp": 85, "atk": 85, "def": 85, "spa": 85, "spd": 85, "spe": 85}, "ivs": {"hp": 31, "atk": 31, "def": 31, "spa": 31, "spd": 31, "spe": 31}, "item": "Chesto Berry", "teraType": "Fighting", "role": "Fast Bulky Setup", "bvs": {"hp": 86, "atk": 92, "def": 88, "spa": 68, "spd": 75, "spe": 73}, "stats": {"hp": 275, "atk": 198, "def": 191, "spa": 159, "spd": 170, "spe": 167}, "types": ["Dark", "Psychic"]}, "Torterra": {"name": "Torterra", "species": "Torterra", "speciesId": "torterra", "gender": "F", "shiny": false, "level": 78, "moves": ["shellsmash", "headlongrush", "rockblast", "bulletseed"], "ability": "Overgrow", "evs": {"hp": 85, "atk": 85, "def": 85, "spa": 85, "spd": 85, "spe": 85}, "ivs": {"hp": 31, "atk": 31, "def": 31, "spa": 31, "spd": 31, "spe": 31}, "item": "Loaded Dice", "teraType": "Grass", "role": "Setup Sweeper", "bvs": {"hp": 95, "atk": 109, "def": 105, "spa": 75, "spd": 85, "spe": 56}, "stats": {"hp": 276, "atk": 215, "def": 209, "spa": 162, "spd": 178, "spe": 132}, "types": ["Grass", "Ground"]}}, {"Floatzel": {"name": "Floatzel", "species": "Floatzel", "speciesId": "floatzel", "gender": "F", "shiny": false, "level": 86, "moves": ["taunt", "icespinner", "bulkup", "wavecrash"], "ability": "Water Veil", "evs": {"hp": 85, "atk": 85, "def": 85, "spa": 85, "spd": 85, "spe": 85}, "ivs": {"hp": 31, "atk": 31, "def": 31, "spa": 31, "spd": 31, "spe": 31}, "item": "Leftovers", "teraType": "Water", "role": "Bulky Setup", "bvs": {"hp": 85, "atk": 105, "def": 55, "spa": 85, "spd": 50, "spe": 115}, "stats": {"hp": 286, "atk": 230, "def": 144, "spa": 195, "spd": 135, "spe": 247}, "types": ["Water"]}, "Pyroar": {"name": "Pyroar", "species": "Pyroar", "speciesId": "pyroar", "gender": "F", "shiny": false, "level": 88, "moves": ["workup", "darkpulse", "hypervoice", "fireblast"], "ability": "Unnerve", "evs": {"hp": 85, "atk": 0, "def": 85, "spa": 85, "spd": 85, "spe": 85}, "ivs": {"hp": 31, "atk": 0, "def": 31, "spa": 31, "spd": 31, "spe": 31}, "item": "Heavy-Duty Boots", "teraType": "Fire", "role": "Fast Attacker", "bvs": {"hp": 86, "atk": 68, "def": 72, "spa": 109, "spd": 66, "spe": 106}, "stats": {"hp": 295, "atk": 124, "def": 177, "spa": 242, "spd": 166, "spe": 237}, "types": ["Fire", "Normal"]}, "Misdreavus": {"name": "Misdreavus", "species": "Misdreavus", "speciesId": "misdreavus", "gender": "M", "shiny": false, "level": 90, "moves": ["calmmind", "shadowball", "drainingkiss", "willowisp"], "ability": "Levitate", "evs": {"hp": 85, "atk": 0, "def": 85, "spa": 85, "spd": 85, "spe": 85}, "ivs": {"hp": 31, "atk": 0, "def": 31, "spa": 31, "spd": 31, "spe": 31}, "item": "Eviolite", "teraType": "Fairy", "role": "Bulky Setup", "bvs": {"hp": 60, "atk": 60, "def": 60, "spa": 85, "spd": 85, "spe": 85}, "stats": {"hp": 254, "atk": 113, "def": 159, "spa": 204, "spd": 204, "spe": 204}, "types": ["Ghost"]}, "Tauros": {"name": "Tauros", "species": "Tauros-Paldea-Aqua", "speciesId": "taurospaldeaaqua", "gender": "M", "shiny": false, "level": 81, "moves": ["bulkup", "closecombat", "liquidation", "aquajet"], "ability": "Intimidate", "evs": {"hp": 85, "atk": 85, "def": 85, "spa": 85, "spd": 85, "spe": 85}, "ivs": {"hp": 31, "atk": 31, "def": 31, "spa": 31, "spd": 31, "spe": 31}, "item": "Life Orb", "teraType": "Water", "role": "Setup Sweeper", "bvs": {"hp": 75, "atk": 110, "def": 105, "spa": 30, "spd": 70, "spe": 100}, "stats": {"hp": 254, "atk": 225, "def": 217, "spa": 95, "spd": 160, "spe": 209}, "types": ["Fighting", "Water"]}, "Florges": {"name": "Florges", "species": "Florges-Yellow", "speciesId": "florges", "gender": "F", "shiny": false, "level": 85, "moves": ["wish", "calmmind", "protect", "moonblast"], "ability": "Flower Veil", "evs": {"hp": 85, "atk": 0, "def": 85, "spa": 85, "spd": 85, "spe": 85}, "ivs": {"hp": 31, "atk": 0, "def": 31, "spa": 31, "spd": 31, "spe": 31}, "item": "Leftovers", "teraType": "Steel", "role": "Bulky Setup", "bvs": {"hp": 78, "atk": 65, "def": 68, "spa": 112, "spd": 154, "spe": 75}, "stats": {"hp": 271, "atk": 115, "def": 164, "spa": 239, "spd": 311, "spe": 176}, "types": ["Fairy"]}, "Bellibolt": {"name": "Bellibolt", "species": "Bellibolt", "speciesId": "bellibolt", "gender": "F", "shiny": false, "level": 84, "moves": ["voltswitch", "muddywater", "slackoff", "thunderbolt"], "ability": "Electromorphosis", "evs": {"hp": 85, "atk": 0, "def": 85, "spa": 85, "spd": 85, "spe": 85}, "ivs": {"hp": 31, "atk": 0, "def": 31, "spa": 31, "spd": 31, "spe": 31}, "item": "Leftovers", "teraType": "Electric", "role": "Bulky Attacker", "bvs": {"hp": 109, "atk": 64, "def": 91, "spa": 103, "spd": 83, "spe": 45}, "stats": {"hp": 320, "atk": 112, "def": 201, "spa": 221, "spd": 188, "spe": 124}, "types": ["Electric"]}}]}