{"id": "gen9randombattle-2641727046", "format": "[Gen 9] Random Battle", "players": ["Nursey 29", "Pranith98"], "log": "|j|\u2606Nursey 29\n|j|\u2606Pranith98\n|t:|1782834702\n|gametype|singles\n|player|p1|Nursey 29|lucas|2091\n|player|p2|Pranith98|102|2082\n|gen|9\n|tier|[Gen 9] Random Battle\n|rated|\n|rule|Species Clause: Limit one of each Pok\u00e9mon\n|rule|HP Percentage Mod: HP is shown in percentages\n|rule|Sleep Clause Mod: Limit one foe put to sleep\n|rule|Illusion Level Mod: Illusion disguises the Pok\u00e9mon's true level\n|\n|t:|1782834702\n|teamsize|p1|6\n|teamsize|p2|6\n|start\n|switch|p1a: Ursaluna|Ursaluna, L79, F|335/335\n|switch|p2a: Electivire|Electivire, L84, F|263/263\n|turn|1\n|\n|t:|1782834717\n|move|p2a: Electivire|Ice Punch|p1a: Ursaluna\n|-supereffective|p1a: Ursaluna\n|-damage|p1a: Ursaluna|169/335\n|-damage|p2a: Electivire|237/263|[from] item: Life Orb\n|move|p1a: Ursaluna|Headlong Rush|p2a: Electivire\n|-supereffective|p2a: Electivire\n|-damage|p2a: Electivire|0 fnt\n|-unboost|p1a: Ursaluna|def|1\n|-unboost|p1a: Ursaluna|spd|1\n|faint|p2a: Electivire\n|\n|-status|p1a: Ursaluna|brn|[from] item: Flame Orb\n|upkeep\n|\n|t:|1782834723\n|switch|p2a: Decidueye|Decidueye-Hisui, L87, F|295/295\n|turn|2\n|\n|t:|1782834733\n|switch|p1a: Cramorant|Cramorant, L86, M|261/261\n|move|p2a: Decidueye|Triple Arrows|p1a: Cramorant\n|-resisted|p1a: Cramorant\n|-damage|p1a: Cramorant|183/261\n|-unboost|p1a: Cramorant|def|1\n|\n|upkeep\n|turn|3\n|\n|t:|1782834743\n|move|p1a: Cramorant|Brave Bird|p2a: Decidueye\n|-supereffective|p2a: Decidueye\n|-damage|p2a: Decidueye|0 fnt\n|faint|p2a: Decidueye\n|-damage|p1a: Cramorant|86/261|[from] Recoil\n|\n|upkeep\n|\n|t:|1782834749\n|switch|p2a: Keldeo|Keldeo-Resolute, L79|273/273\n|turn|4\n|\n|t:|1782834755\n|move|p2a: Keldeo|Secret Sword|p1a: Cramorant\n|-resisted|p1a: Cramorant\n|-damage|p1a: Cramorant|0 fnt\n|faint|p1a: Cramorant\n|\n|upkeep\n|\n|t:|1782834764\n|switch|p1a: Veluza|Veluza, L85, M|292/292\n|turn|5\n|\n|t:|1782834773\n|switch|p2a: Magcargo|Magcargo, L95, F|268/268\n|move|p1a: Veluza|Aqua Cutter|p2a: Magcargo\n|-supereffective|p2a: Magcargo\n|-damage|p2a: Magcargo|0 fnt\n|faint|p2a: Magcargo\n|\n|upkeep\n|\n|t:|1782834777\n|switch|p2a: Deoxys|Deoxys, L74|196/196\n|-ability|p2a: Deoxys|Pressure\n|turn|6\n|\n|t:|1782834786\n|-terastallize|p1a: Veluza|Dark\n|move|p2a: Deoxys|Knock Off|p1a: Veluza\n|-resisted|p1a: Veluza\n|-damage|p1a: Veluza|237/292\n|-enditem|p1a: Veluza|Choice Band|[from] move: Knock Off|[of] p2a: Deoxys\n|-damage|p2a: Deoxys|177/196|[from] item: Life Orb\n|move|p1a: Veluza|Aqua Cutter|p2a: Deoxys\n|-damage|p2a: Deoxys|0 fnt\n|faint|p2a: Deoxys\n|\n|upkeep\n|\n|t:|1782834793\n|switch|p2a: Keldeo|Keldeo-Resolute, L79|273/273\n|turn|7\n|\n|t:|1782834798\n|switch|p1a: Exeggutor|Exeggutor, L89, F|312/312\n|move|p2a: Keldeo|Secret Sword|p1a: Exeggutor\n|-resisted|p1a: Exeggutor\n|-damage|p1a: Exeggutor|259/312\n|\n|upkeep\n|turn|8\n|\n|t:|1782834806\n|move|p2a: Keldeo|Substitute|p2a: Keldeo\n|-start|p2a: Keldeo|Substitute\n|-damage|p2a: Keldeo|205/273\n|move|p1a: Exeggutor|Leech Seed||[still]\n|-fail|p1a: Exeggutor\n|\n|-heal|p2a: Keldeo|222/273|[from] item: Leftovers\n|upkeep\n|turn|9\n|\n|t:|1782834812\n|-terastallize|p2a: Keldeo|Steel\n|move|p2a: Keldeo|Calm Mind|p2a: Keldeo\n|-boost|p2a: Keldeo|spa|1\n|-boost|p2a: Keldeo|spd|1\n|move|p1a: Exeggutor|Psychic Noise|p2a: Keldeo\n|-resisted|p2a: Keldeo\n|-damage|p2a: Keldeo|188/273\n|-start|p2a: Keldeo|move: Heal Block\n|\n|upkeep\n|turn|10\n|\n|t:|1782834835\n|switch|p1a: Veluza|Veluza, L85, M, tera:Dark|237/292\n|move|p2a: Keldeo|Calm Mind|p2a: Keldeo\n|-boost|p2a: Keldeo|spa|1\n|-boost|p2a: Keldeo|spd|1\n|\n|-end|p2a: Keldeo|move: Heal Block\n|upkeep\n|turn|11\n|\n|t:|1782834842\n|move|p1a: Veluza|Aqua Jet|p2a: Keldeo\n|-activate|p2a: Keldeo|move: Substitute|[damage]\n|move|p2a: Keldeo|Secret Sword|p1a: Veluza\n|-supereffective|p1a: Veluza\n|-damage|p1a: Veluza|0 fnt\n|faint|p1a: Veluza\n|\n|-heal|p2a: Keldeo|205/273|[from] item: Leftovers\n|upkeep\n|\n|t:|1782834852\n|switch|p1a: Morpeko|Morpeko, L88, F|245/245\n|turn|12\n|\n|t:|1782834857\n|move|p1a: Morpeko|Aura Wheel|p2a: Keldeo\n|-end|p2a: Keldeo|Substitute\n|-boost|p1a: Morpeko|spe|1\n|move|p2a: Keldeo|Secret Sword|p1a: Morpeko\n|-supereffective|p1a: Morpeko\n|-damage|p1a: Morpeko|0 fnt\n|faint|p1a: Morpeko\n|\n|-heal|p2a: Keldeo|222/273|[from] item: Leftovers\n|upkeep\n|inactive|Battle timer is ON: inactive players will automatically lose when time's up. (requested by Pranith98)\n|\n|t:|1782834869\n|switch|p1a: Forretress|Forretress, L84, M|263/263\n|turn|13\n|\n|t:|1782834876\n|switch|p2a: Flareon|Flareon, L90, F|263/263\n|move|p1a: Forretress|Iron Head|p2a: Flareon\n|-resisted|p2a: Flareon\n|-damage|p2a: Flareon|213/263\n|\n|-status|p2a: Flareon|tox|[from] item: Toxic Orb\n|upkeep\n|turn|14\n|\n|t:|1782834887\n|switch|p1a: Exeggutor|Exeggutor, L89, F|259/312\n|move|p2a: Flareon|Trailblaze|p1a: Exeggutor\n|-resisted|p1a: Exeggutor\n|-damage|p1a: Exeggutor|221/312\n|-boost|p2a: Flareon|spe|1\n|\n|-damage|p2a: Flareon|197/263 tox|[from] psn\n|upkeep\n|turn|15\n|\n|t:|1782834895\n|move|p1a: Exeggutor|Protect|p1a: Exeggutor\n|-singleturn|p1a: Exeggutor|Protect\n|move|p2a: Flareon|Flare Blitz|p1a: Exeggutor\n|-activate|p1a: Exeggutor|move: Protect\n|\n|-damage|p2a: Flareon|165/263 tox|[from] psn\n|upkeep\n|turn|16\n|\n|t:|1782834903\n|move|p1a: Exeggutor|Protect|p1a: Exeggutor\n|-singleturn|p1a: Exeggutor|Protect\n|move|p2a: Flareon|Flare Blitz|p1a: Exeggutor\n|-activate|p1a: Exeggutor|move: Protect\n|\n|-damage|p2a: Flareon|117/263 tox|[from] psn\n|upkeep\n|turn|17\n|\n|t:|1782834916\n|switch|p1a: Ursaluna|Ursaluna, L79, F|169/335 brn\n|move|p2a: Flareon|Flare Blitz|p1a: Ursaluna\n|-damage|p1a: Ursaluna|0 fnt\n|faint|p1a: Ursaluna\n|-damage|p2a: Flareon|61/263 tox|[from] Recoil\n|\n|-damage|p2a: Flareon|0 fnt|[from] psn\n|faint|p2a: Flareon\n|upkeep\n|\n|t:|1782834925\n|switch|p2a: Keldeo|Keldeo-Resolute, L79, tera:Steel|222/273\n|switch|p1a: Exeggutor|Exeggutor, L89, F|221/312\n|turn|18\n|\n|t:|1782834930\n|move|p2a: Keldeo|Substitute|p2a: Keldeo\n|-start|p2a: Keldeo|Substitute\n|-damage|p2a: Keldeo|154/273\n|move|p1a: Exeggutor|Psychic Noise|p2a: Keldeo\n|-resisted|p2a: Keldeo\n|-damage|p2a: Keldeo|99/273\n|-start|p2a: Keldeo|move: Heal Block\n|\n|upkeep\n|turn|19\n|\n|t:|1782834937\n|move|p2a: Keldeo|Calm Mind|p2a: Keldeo\n|-boost|p2a: Keldeo|spa|1\n|-boost|p2a: Keldeo|spd|1\n|move|p1a: Exeggutor|Psychic Noise|p2a: Keldeo\n|-resisted|p2a: Keldeo\n|-damage|p2a: Keldeo|63/273\n|\n|-end|p2a: Keldeo|move: Heal Block\n|upkeep\n|turn|20\n|\n|t:|1782834946\n|move|p2a: Keldeo|Calm Mind|p2a: Keldeo\n|-boost|p2a: Keldeo|spa|1\n|-boost|p2a: Keldeo|spd|1\n|move|p1a: Exeggutor|Psychic Noise|p2a: Keldeo\n|-resisted|p2a: Keldeo\n|-damage|p2a: Keldeo|34/273\n|-start|p2a: Keldeo|move: Heal Block\n|\n|upkeep\n|turn|21\n|\n|t:|1782834953\n|move|p2a: Keldeo|Calm Mind|p2a: Keldeo\n|-boost|p2a: Keldeo|spa|1\n|-boost|p2a: Keldeo|spd|1\n|move|p1a: Exeggutor|Psychic Noise|p2a: Keldeo\n|-resisted|p2a: Keldeo\n|-damage|p2a: Keldeo|13/273\n|\n|-end|p2a: Keldeo|move: Heal Block\n|upkeep\n|turn|22\n|\n|t:|1782834961\n|move|p2a: Keldeo|Surf|p1a: Exeggutor\n|-resisted|p1a: Exeggutor\n|-damage|p1a: Exeggutor|74/312\n|-enditem|p1a: Exeggutor|Sitrus Berry|[eat]\n|-heal|p1a: Exeggutor|152/312|[from] item: Sitrus Berry\n|move|p1a: Exeggutor|Psychic Noise|p2a: Keldeo\n|-resisted|p2a: Keldeo\n|-damage|p2a: Keldeo|0 fnt\n|faint|p2a: Keldeo\n|\n|win|Nursey 29\n|raw|Nursey 29's rating: 2091 &rarr; <strong>2110</strong><br />(+19 for winning)\n|raw|Pranith98's rating: 2082 &rarr; <strong>2063</strong><br />(-19 for losing)\n", "inputlog": ">version f8ac14003a5f27e1bdc8d8c59608a773c1cb96e5\n>start {\"formatid\":\"gen9randombattle\",\"seed\":\"sodium,f457f67e7fe908f498de420f8871af92\",\"rated\":\"Rated battle\"}\n>player p1 {\"name\":\"Nursey 29\",\"avatar\":\"lucas\",\"rating\":2091,\"seed\":\"sodium,2c1651138ec5bd9cea8fb7faef51d044\"}\n>player p2 {\"name\":\"Pranith98\",\"avatar\":\"102\",\"rating\":2082,\"seed\":\"sodium,51a1f60ba296bd25cafa9c449fd762ec\"}\n>p1 move headlongrush\n>p2 move icepunch\n>p2 switch 4\n>p1 switch 2\n>p2 move triplearrows\n>p1 move bravebird\n>p2 move leafblade\n>p2 switch 5\n>p1 move roost\n>p2 move secretsword\n>p1 switch 3\n>p1 move aquacutter\n>p2 switch 2\n>p2 switch 3\n>p1 move aquacutter terastallize\n>p2 move knockoff\n>p2 switch 2\n>p1 switch 6\n>p2 move secretsword\n>p1 move leechseed\n>p2 move substitute\n>p1 move psychicnoise\n>p2 move calmmind terastallize\n>p1 switch 6\n>p2 move calmmind\n>p1 move aquajet\n>p2 move secretsword\n>p1 switch 4\n>p1 move aurawheel\n>p2 move secretsword\n>p1 switch 5\n>p1 move ironhead\n>p2 switch 6\n>p1 switch 6\n>p2 move trailblaze\n>p1 move protect\n>p2 move flareblitz\n>p1 move protect\n>p2 move flareblitz\n>p1 switch 2\n>p2 move flareblitz\n>p1 switch 2\n>p2 switch 6\n>p1 move psychicnoise\n>p2 move substitute\n>p1 move psychicnoise\n>p2 move calmmind\n>p1 move psychicnoise\n>p2 move calmmind\n>p1 move psychicnoise\n>p2 move calmmind\n>p1 move psychicnoise\n>p2 move surf", "uploadtime": 1782834705, "views": 10, "formatid": "gen9randombattle", "rating": 2063, "private": 0, "password": null, "player_dets": [{"name": "Nursey 29", "avatar": "lucas", "rating": 2091, "seed": "sodium,2c1651138ec5bd9cea8fb7faef51d044"}, {"name": "Pranith98", "avatar": "102", "rating": 2082, "seed": "sodium,51a1f60ba296bd25cafa9c449fd762ec"}], "teams_full": [{"Ursaluna": {"name": "Ursaluna", "species": "Ursaluna", "speciesId": "ursaluna", "gender": "F", "shiny": false, "level": 79, "moves": ["throatchop", "headlongrush", "facade", "swordsdance"], "ability": "Guts", "evs": {"hp": 85, "atk": 85, "def": 85, "spa": 85, "spd": 85, "spe": 85}, "ivs": {"hp": 31, "atk": 31, "def": 31, "spa": 31, "spd": 31, "spe": 31}, "item": "Flame Orb", "teraType": "Normal", "role": "Bulky Attacker", "bvs": {"hp": 130, "atk": 140, "def": 105, "spa": 45, "spd": 80, "spe": 50}, "stats": {"hp": 335, "atk": 267, "def": 211, "spa": 117, "spd": 172, "spe": 125}, "types": ["Ground", "Normal"]}, "Cramorant": {"name": "Cramorant", "species": "Cramorant", "speciesId": "cramorant", "gender": "M", "shiny": false, "level": 86, "moves": ["bravebird", "roost", "defog", "surf"], "ability": "Gulp Missile", "evs": {"hp": 85, "atk": 85, "def": 85, "spa": 85, "spd": 85, "spe": 85}, "ivs": {"hp": 31, "atk": 31, "def": 31, "spa": 31, "spd": 31, "spe": 31}, "item": "Heavy-Duty Boots", "teraType": "Ground", "role": "Bulky Support", "bvs": {"hp": 70, "atk": 85, "def": 55, "spa": 85, "spd": 95, "spe": 85}, "stats": {"hp": 261, "atk": 195, "def": 144, "spa": 195, "spd": 213, "spe": 195}, "types": ["Flying", "Water"]}, "Veluza": {"name": "Veluza", "species": "Veluza", "speciesId": "veluza", "gender": "M", "shiny": false, "level": 85, "moves": ["psychocut", "aquajet", "aquacutter", "nightslash"], "ability": "Sharpness", "evs": {"hp": 85, "atk": 85, "def": 85, "spa": 85, "spd": 85, "spe": 85}, "ivs": {"hp": 31, "atk": 31, "def": 31, "spa": 31, "spd": 31, "spe": 31}, "item": "Choice Band", "teraType": "Dark", "role": "Fast Attacker", "bvs": {"hp": 90, "atk": 102, "def": 73, "spa": 78, "spd": 65, "spe": 70}, "stats": {"hp": 292, "atk": 222, "def": 173, "spa": 181, "spd": 159, "spe": 168}, "types": ["Water", "Psychic"]}, "Morpeko": {"name": "Morpeko", "species": "Morpeko", "speciesId": "morpeko", "gender": "F", "shiny": false, "level": 88, "moves": ["rapidspin", "protect", "partingshot", "aurawheel"], "ability": "Hunger Switch", "evs": {"hp": 85, "atk": 85, "def": 85, "spa": 85, "spd": 85, "spe": 85}, "ivs": {"hp": 31, "atk": 31, "def": 31, "spa": 31, "spd": 31, "spe": 31}, "item": "Heavy-Duty Boots", "teraType": "Electric", "role": "Fast Support", "bvs": {"hp": 58, "atk": 95, "def": 58, "spa": 70, "spd": 58, "spe": 97}, "stats": {"hp": 245, "atk": 217, "def": 152, "spa": 173, "spd": 152, "spe": 221}, "types": ["Electric", "Dark"]}, "Forretress": {"name": "Forretress", "species": "Forretress", "speciesId": "forretress", "gender": "M", "shiny": false, "level": 84, "moves": ["ironhead", "stealthrock", "spikes", "thunderwave"], "ability": "Sturdy", "evs": {"hp": 85, "atk": 85, "def": 85, "spa": 85, "spd": 85, "spe": 85}, "ivs": {"hp": 31, "atk": 31, "def": 31, "spa": 31, "spd": 31, "spe": 31}, "item": "Leftovers", "teraType": "Water", "role": "Bulky Support", "bvs": {"hp": 75, "atk": 90, "def": 140, "spa": 60, "spd": 60, "spe": 40}, "stats": {"hp": 263, "atk": 199, "def": 283, "spa": 149, "spd": 149, "spe": 115}, "types": ["Bug", "Steel"]}, "Exeggutor": {"name": "Exeggutor", "species": "Exeggutor", "speciesId": "exeggutor", "gender": "F", "shiny": false, "level": 89, "moves": ["substitute", "psychicnoise", "leechseed", "protect"], "ability": "Harvest", "evs": {"hp": 77, "atk": 0, "def": 85, "spa": 85, "spd": 85, "spe": 85}, "ivs": {"hp": 31, "atk": 0, "def": 31, "spa": 31, "spd": 31, "spe": 31}, "item": "Sitrus Berry", "teraType": "Steel", "role": "Bulky Attacker", "bvs": {"hp": 95, "atk": 95, "def": 85, "spa": 125, "spd": 75, "spe": 55}, "stats": {"hp": 312, "atk": 174, "def": 202, "spa": 273, "spd": 184, "spe": 149}, "types": ["Grass", "Psychic"]}}, {"Electivire": {"name": "Electivire", "species": "Electivire", "speciesId": "electivire", "gender": "F", "shiny": false, "level": 84, "moves": ["bulkup", "icepunch", "supercellslam", "earthquake"], "ability": "Motor Drive", "evs": {"hp": 85, "atk": 85, "def": 85, "spa": 85, "spd": 85, "spe": 85}, "ivs": {"hp": 31, "atk": 31, "def": 31, "spa": 31, "spd": 31, "spe": 31}, "item": "Life Orb", "teraType": "Flying", "role": "Setup Sweeper", "bvs": {"hp": 75, "atk": 123, "def": 67, "spa": 95, "spd": 85, "spe": 95}, "stats": {"hp": 263, "atk": 255, "def": 161, "spa": 208, "spd": 191, "spe": 208}, "types": ["Electric"]}, "Magcargo": {"name": "Magcargo", "species": "Magcargo", "speciesId": "magcargo", "gender": "F", "shiny": false, "level": 95, "moves": ["fireblast", "earthpower", "shellsmash", "powergem"], "ability": "Weak Armor", "evs": {"hp": 85, "atk": 0, "def": 85, "spa": 85, "spd": 85, "spe": 85}, "ivs": {"hp": 31, "atk": 0, "def": 31, "spa": 31, "spd": 31, "spe": 31}, "item": "Heavy-Duty Boots", "teraType": "Dragon", "role": "Setup Sweeper", "bvs": {"hp": 60, "atk": 50, "def": 120, "spa": 90, "spd": 80, "spe": 30}, "stats": {"hp": 268, "atk": 100, "def": 282, "spa": 225, "spd": 206, "spe": 111}, "types": ["Fire", "Rock"]}, "Deoxys": {"name": "Deoxys", "species": "Deoxys", "speciesId": "deoxys", "gender": "N", "shiny": false, "level": 74, "moves": ["psychoboost", "superpower", "icebeam", "knockoff"], "ability": "Pressure", "evs": {"hp": 85, "atk": 85, "def": 85, "spa": 85, "spd": 85, "spe": 85}, "ivs": {"hp": 31, "atk": 31, "def": 31, "spa": 31, "spd": 31, "spe": 31}, "item": "Life Orb", "teraType": "Dark", "role": "Wallbreaker", "bvs": {"hp": 50, "atk": 150, "def": 50, "spa": 150, "spd": 50, "spe": 150}, "stats": {"hp": 196, "atk": 265, "def": 117, "spa": 265, "spd": 117, "spe": 265}, "types": ["Psychic"]}, "Decidueye": {"name": "Decidueye", "species": "Decidueye-Hisui", "speciesId": "decidueyehisui", "gender": "F", "shiny": false, "level": 87, "moves": ["triplearrows", "roost", "leafblade", "swordsdance"], "ability": "Scrappy", "evs": {"hp": 85, "atk": 85, "def": 85, "spa": 85, "spd": 85, "spe": 85}, "ivs": {"hp": 31, "atk": 31, "def": 31, "spa": 31, "spd": 31, "spe": 31}, "item": "Leftovers", "teraType": "Steel", "role": "Bulky Attacker", "bvs": {"hp": 88, "atk": 112, "def": 80, "spa": 95, "spd": 95, "spe": 60}, "stats": {"hp": 295, "atk": 245, "def": 189, "spa": 215, "spd": 215, "spe": 154}, "types": ["Grass", "Fighting"]}, "Keldeo": {"name": "Keldeo", "species": "Keldeo-Resolute", "speciesId": "keldeoresolute", "gender": "N", "shiny": false, "level": 79, "moves": ["secretsword", "surf", "substitute", "calmmind"], "ability": "Justified", "evs": {"hp": 85, "atk": 0, "def": 85, "spa": 85, "spd": 85, "spe": 85}, "ivs": {"hp": 31, "atk": 0, "def": 31, "spa": 31, "spd": 31, "spe": 31}, "item": "Leftovers", "teraType": "Steel", "role": "Bulky Setup", "bvs": {"hp": 91, "atk": 72, "def": 90, "spa": 129, "spd": 90, "spe": 108}, "stats": {"hp": 273, "atk": 118, "def": 188, "spa": 249, "spd": 188, "spe": 216}, "types": ["Water", "Fighting"]}, "Flareon": {"name": "Flareon", "species": "Flareon", "speciesId": "flareon", "gender": "F", "shiny": false, "level": 90, "moves": ["willowisp", "trailblaze", "flareblitz", "facade"], "ability": "Guts", "evs": {"hp": 85, "atk": 85, "def": 85, "spa": 85, "spd": 85, "spe": 85}, "ivs": {"hp": 31, "atk": 31, "def": 31, "spa": 31, "spd": 31, "spe": 31}, "item": "Toxic Orb", "teraType": "Normal", "role": "Setup Sweeper", "bvs": {"hp": 65, "atk": 130, "def": 60, "spa": 95, "spd": 110, "spe": 65}, "stats": {"hp": 263, "atk": 285, "def": 159, "spa": 222, "spd": 249, "spe": 168}, "types": ["Fire"]}}]}