{"id": "gen9randombattle-2641467102", "format": "[Gen 9] Random Battle", "players": ["rainum", "nickolassbomfim"], "log": "|j|\u2606rainum\n|j|\u2606nickolassbomfim\n|t:|1782789290\n|gametype|singles\n|player|p1|rainum|169|1945\n|player|p2|nickolassbomfim|red-masters|2018\n|gen|9\n|tier|[Gen 9] Random Battle\n|rated|\n|rule|Species Clause: Limit one of each Pok\u00e9mon\n|rule|HP Percentage Mod: HP is shown in percentages\n|rule|Sleep Clause Mod: Limit one foe put to sleep\n|rule|Illusion Level Mod: Illusion disguises the Pok\u00e9mon's true level\n|\n|t:|1782789290\n|teamsize|p1|6\n|teamsize|p2|6\n|start\n|switch|p1a: Flamigo|Flamigo, L82, M|269/269\n|switch|p2a: Hitmonchan|Hitmonchan, L87, M|229/229\n|turn|1\n|inactive|Battle timer is ON: inactive players will automatically lose when time's up. (requested by nickolassbomfim)\n|\n|t:|1782789302\n|move|p1a: Flamigo|U-turn|p2a: Hitmonchan\n|-resisted|p2a: Hitmonchan\n|-damage|p2a: Hitmonchan|203/229\n|\n|t:|1782789311\n|switch|p1a: Keldeo|Keldeo-Resolute, L79|273/273|[from] U-turn\n|move|p2a: Hitmonchan|Ice Punch|p1a: Keldeo\n|-resisted|p1a: Keldeo\n|-damage|p1a: Keldeo|222/273\n|-damage|p2a: Hitmonchan|181/229|[from] item: Life Orb\n|\n|upkeep\n|turn|2\n|\n|t:|1782789316\n|move|p1a: Keldeo|Flip Turn|p2a: Hitmonchan\n|-damage|p2a: Hitmonchan|133/229\n|\n|t:|1782789318\n|switch|p1a: Flamigo|Flamigo, L82, M|269/269|[from] Flip Turn\n|move|p2a: Hitmonchan|Drain Punch|p1a: Flamigo\n|-resisted|p1a: Flamigo\n|-damage|p1a: Flamigo|195/269\n|-heal|p2a: Hitmonchan|170/229|[from] drain|[of] p1a: Flamigo\n|-damage|p2a: Hitmonchan|148/229|[from] item: Life Orb\n|\n|upkeep\n|turn|3\n|\n|t:|1782789324\n|move|p1a: Flamigo|Brave Bird|p2a: Hitmonchan\n|-supereffective|p2a: Hitmonchan\n|-crit|p2a: Hitmonchan\n|-damage|p2a: Hitmonchan|0 fnt\n|faint|p2a: Hitmonchan\n|-damage|p1a: Flamigo|146/269|[from] Recoil\n|\n|upkeep\n|\n|t:|1782789333\n|switch|p2a: Kyurem|Kyurem-White, L73|303/303\n|-ability|p2a: Kyurem|Turboblaze\n|turn|4\n|\n|t:|1782789337\n|switch|p1a: Greedent|Greedent, L86, F|347/347\n|move|p2a: Kyurem|Freeze-Dry|p1a: Greedent\n|-crit|p1a: Greedent\n|-damage|p1a: Greedent|122/347\n|-status|p1a: Greedent|frz\n|-enditem|p1a: Greedent|Sitrus Berry|[eat]\n|-heal|p1a: Greedent|208/347 frz|[from] item: Sitrus Berry\n|-heal|p1a: Greedent|323/347 frz|[from] ability: Cheek Pouch\n|\n|upkeep\n|turn|5\n|\n|t:|1782789344\n|switch|p2a: Palafin|Palafin, L77, M|281/281\n|-curestatus|p1a: Greedent|frz|[msg]\n|move|p1a: Greedent|Body Slam|p2a: Palafin\n|-damage|p2a: Palafin|155/281\n|\n|upkeep\n|turn|6\n|\n|t:|1782789348\n|move|p2a: Palafin|Flip Turn|p1a: Greedent\n|-damage|p1a: Greedent|266/347\n|\n|t:|1782789360\n|detailschange|p2a: Palafin|Palafin-Hero, L77, M\n|switch|p2a: Flutter Mane|Flutter Mane, L74|203/203|[from] Flip Turn\n|move|p1a: Greedent|Body Slam|p2a: Flutter Mane\n|-immune|p2a: Flutter Mane\n|\n|upkeep\n|turn|7\n|\n|t:|1782789363\n|move|p2a: Flutter Mane|Calm Mind|p2a: Flutter Mane\n|-boost|p2a: Flutter Mane|spa|1\n|-boost|p2a: Flutter Mane|spd|1\n|move|p1a: Greedent|Knock Off|p2a: Flutter Mane\n|-damage|p2a: Flutter Mane|98/203\n|-enditem|p2a: Flutter Mane|Life Orb|[from] move: Knock Off|[of] p1a: Greedent\n|\n|upkeep\n|turn|8\n|\n|t:|1782789368\n|move|p2a: Flutter Mane|Moonblast|p1a: Greedent\n|-damage|p1a: Greedent|112/347\n|move|p1a: Greedent|Earthquake|p2a: Flutter Mane\n|-damage|p2a: Flutter Mane|0 fnt\n|faint|p2a: Flutter Mane\n|-end|p2a: Flutter Mane|Protosynthesis|[silent]\n|\n|upkeep\n|\n|t:|1782789373\n|switch|p2a: Kyurem|Kyurem-White, L73|303/303\n|-ability|p2a: Kyurem|Turboblaze\n|turn|9\n|\n|t:|1782789375\n|move|p2a: Kyurem|Freeze-Dry|p1a: Greedent\n|-damage|p1a: Greedent|0 fnt\n|faint|p1a: Greedent\n|\n|upkeep\n|\n|t:|1782789377\n|switch|p1a: Flamigo|Flamigo, L82, M|146/269\n|turn|10\n|\n|t:|1782789382\n|-terastallize|p2a: Kyurem|Fire\n|move|p1a: Flamigo|Close Combat|p2a: Kyurem\n|-damage|p2a: Kyurem|144/303\n|-unboost|p1a: Flamigo|def|1\n|-unboost|p1a: Flamigo|spd|1\n|move|p2a: Kyurem|Freeze-Dry|p1a: Flamigo\n|-supereffective|p1a: Flamigo\n|-damage|p1a: Flamigo|0 fnt\n|faint|p1a: Flamigo\n|\n|upkeep\n|\n|t:|1782789386\n|switch|p1a: Keldeo|Keldeo-Resolute, L79|222/273\n|turn|11\n|\n|t:|1782789390\n|switch|p2a: Iron Leaves|Iron Leaves, L80|275/275\n|move|p1a: Keldeo|Hydro Pump|p2a: Iron Leaves\n|-resisted|p2a: Iron Leaves\n|-damage|p2a: Iron Leaves|213/275\n|\n|upkeep\n|turn|12\n|\n|t:|1782789394\n|switch|p1a: Wo-Chien|Wo-Chien, L83|277/277\n|-ability|p1a: Wo-Chien|Tablets of Ruin\n|move|p2a: Iron Leaves|Swords Dance|p2a: Iron Leaves\n|-boost|p2a: Iron Leaves|atk|2\n|\n|upkeep\n|turn|13\n|\n|t:|1782789408\n|switch|p1a: Golem|Golem-Alola, L93, F|300/300\n|move|p2a: Iron Leaves|Close Combat|p1a: Golem\n|-supereffective|p1a: Golem\n|-damage|p1a: Golem|0 fnt\n|-unboost|p2a: Iron Leaves|def|1\n|-unboost|p2a: Iron Leaves|spd|1\n|faint|p1a: Golem\n|-damage|p2a: Iron Leaves|186/275|[from] item: Life Orb\n|\n|upkeep\n|\n|t:|1782789410\n|switch|p1a: Keldeo|Keldeo-Resolute, L79|222/273\n|turn|14\n|\n|t:|1782789413\n|-end|p2a: Iron Leaves|Quark Drive|[silent]\n|switch|p2a: Appletun|Appletun, L92, F|352/352\n|move|p1a: Keldeo|Air Slash|p2a: Appletun\n|-supereffective|p2a: Appletun\n|-damage|p2a: Appletun|226/352\n|\n|-heal|p2a: Appletun|248/352|[from] item: Leftovers\n|upkeep\n|turn|15\n|\n|t:|1782789422\n|switch|p1a: Wo-Chien|Wo-Chien, L83|277/277\n|-ability|p1a: Wo-Chien|Tablets of Ruin\n|move|p2a: Appletun|Apple Acid|p1a: Wo-Chien\n|-resisted|p1a: Wo-Chien\n|-damage|p1a: Wo-Chien|239/277\n|-unboost|p1a: Wo-Chien|spd|1\n|\n|-heal|p1a: Wo-Chien|256/277|[from] item: Leftovers\n|-heal|p2a: Appletun|270/352|[from] item: Leftovers\n|upkeep\n|turn|16\n|\n|t:|1782789425\n|switch|p1a: Samurott|Samurott, L88, F|310/310\n|move|p2a: Appletun|Recover|p2a: Appletun\n|-heal|p2a: Appletun|352/352\n|\n|upkeep\n|turn|17\n|\n|t:|1782789428\n|move|p1a: Samurott|Megahorn|p2a: Appletun\n|-supereffective|p2a: Appletun\n|-damage|p2a: Appletun|168/352\n|move|p2a: Appletun|Apple Acid|p1a: Samurott\n|-supereffective|p1a: Samurott\n|-damage|p1a: Samurott|142/310\n|-unboost|p1a: Samurott|spd|1\n|\n|-heal|p2a: Appletun|190/352|[from] item: Leftovers\n|upkeep\n|turn|18\n|\n|t:|1782789433\n|move|p1a: Samurott|Ice Beam|p2a: Appletun\n|-supereffective|p2a: Appletun\n|-damage|p2a: Appletun|54/352\n|move|p2a: Appletun|Recover|p2a: Appletun\n|-heal|p2a: Appletun|230/352\n|\n|-heal|p2a: Appletun|252/352|[from] item: Leftovers\n|upkeep\n|turn|19\n|\n|t:|1782789437\n|move|p1a: Samurott|Megahorn|p2a: Appletun\n|-supereffective|p2a: Appletun\n|-damage|p2a: Appletun|60/352\n|move|p2a: Appletun|Recover|p2a: Appletun\n|-heal|p2a: Appletun|236/352\n|\n|-heal|p2a: Appletun|258/352|[from] item: Leftovers\n|upkeep\n|turn|20\n|\n|t:|1782789441\n|move|p1a: Samurott|Ice Beam|p2a: Appletun\n|-supereffective|p2a: Appletun\n|-damage|p2a: Appletun|106/352\n|move|p2a: Appletun|Recover|p2a: Appletun\n|-heal|p2a: Appletun|282/352\n|\n|-heal|p2a: Appletun|304/352|[from] item: Leftovers\n|upkeep\n|turn|21\n|\n|t:|1782789444\n|move|p1a: Samurott|Megahorn|p2a: Appletun\n|-supereffective|p2a: Appletun\n|-damage|p2a: Appletun|104/352\n|move|p2a: Appletun|Apple Acid|p1a: Samurott\n|-supereffective|p1a: Samurott\n|-damage|p1a: Samurott|0 fnt\n|faint|p1a: Samurott\n|\n|-heal|p2a: Appletun|126/352|[from] item: Leftovers\n|upkeep\n|\n|t:|1782789447\n|switch|p1a: Wo-Chien|Wo-Chien, L83|256/277\n|-ability|p1a: Wo-Chien|Tablets of Ruin\n|turn|22\n|\n|t:|1782789449\n|move|p1a: Wo-Chien|Knock Off|p2a: Appletun\n|-damage|p2a: Appletun|35/352\n|-enditem|p2a: Appletun|Leftovers|[from] move: Knock Off|[of] p1a: Wo-Chien\n|move|p2a: Appletun|Recover|p2a: Appletun\n|-heal|p2a: Appletun|211/352\n|\n|-heal|p1a: Wo-Chien|273/277|[from] item: Leftovers\n|upkeep\n|turn|23\n|-message|rainum forfeited.\n|\n|win|nickolassbomfim\n", "inputlog": ">version f8ac14003a5f27e1bdc8d8c59608a773c1cb96e5\n>start {\"formatid\":\"gen9randombattle\",\"seed\":\"sodium,62a429e3c7140d46aeadfad26d726557\",\"rated\":\"Rated battle\"}\n>player p1 {\"name\":\"rainum\",\"avatar\":\"169\",\"rating\":1945,\"seed\":\"sodium,7ec633964a05c802651228b5f59a1428\"}\n>player p2 {\"name\":\"nickolassbomfim\",\"avatar\":\"red-masters\",\"rating\":2018,\"seed\":\"sodium,32fd8477dfa082a2153a5dfd7e8429d0\"}\n>p1 move uturn\n>p2 move icepunch\n>p1 switch 3\n>p1 move flipturn\n>p2 move drainpunch\n>p1 switch 3\n>p1 move bravebird\n>p2 move knockoff\n>p2 switch 6\n>p1 switch 2\n>p2 move freezedry\n>p1 move bodyslam\n>p2 switch 3\n>p1 move bodyslam\n>p2 move flipturn\n>p2 switch 4\n>p1 move knockoff\n>p2 move calmmind\n>p1 move earthquake\n>p2 move moonblast\n>p2 switch 3\n>p1 move bodyslam\n>p2 move freezedry\n>p1 switch 2\n>p1 move closecombat\n>p2 move freezedry terastallize\n>p1 switch 3\n>p1 move hydropump\n>p2 switch 5\n>p1 switch 6\n>p2 move swordsdance\n>p1 switch 5\n>p2 move closecombat\n>p1 switch 6\n>p1 move airslash\n>p2 switch 2\n>p1 switch 5\n>p2 move appleacid\n>p1 switch 4\n>p2 move recover\n>p1 move megahorn\n>p2 move appleacid\n>p1 move icebeam\n>p2 move recover\n>p1 move megahorn\n>p2 move recover\n>p1 move icebeam\n>p2 move recover\n>p1 move megahorn\n>p2 move appleacid\n>p1 switch 4\n>p1 move knockoff\n>p2 move recover\n>forcelose p1", "uploadtime": 1782789292, "views": 3, "formatid": "gen9randombattle", "rating": null, "private": 0, "password": null, "player_dets": [{"name": "rainum", "avatar": "169", "rating": 1945, "seed": "sodium,7ec633964a05c802651228b5f59a1428"}, {"name": "nickolassbomfim", "avatar": "red-masters", "rating": 2018, "seed": "sodium,32fd8477dfa082a2153a5dfd7e8429d0"}], "teams_full": [{"Flamigo": {"name": "Flamigo", "species": "Flamigo", "speciesId": "flamigo", "gender": "M", "shiny": false, "level": 82, "moves": ["closecombat", "throatchop", "uturn", "bravebird"], "ability": "Scrappy", "evs": {"hp": 85, "atk": 85, "def": 85, "spa": 85, "spd": 85, "spe": 85}, "ivs": {"hp": 31, "atk": 31, "def": 31, "spa": 31, "spd": 31, "spe": 31}, "item": "Choice Scarf", "teraType": "Fighting", "role": "Fast Attacker", "bvs": {"hp": 82, "atk": 115, "def": 74, "spa": 75, "spd": 64, "spe": 90}, "stats": {"hp": 269, "atk": 236, "def": 169, "spa": 170, "spd": 152, "spe": 195}, "types": ["Flying", "Fighting"]}, "Greedent": {"name": "Greedent", "species": "Greedent", "speciesId": "greedent", "gender": "F", "shiny": false, "level": 86, "moves": ["knockoff", "bodyslam", "swordsdance", "earthquake"], "ability": "Cheek Pouch", "evs": {"hp": 85, "atk": 85, "def": 85, "spa": 85, "spd": 85, "spe": 85}, "ivs": {"hp": 31, "atk": 31, "def": 31, "spa": 31, "spd": 31, "spe": 31}, "item": "Sitrus Berry", "teraType": "Ghost", "role": "Bulky Setup", "bvs": {"hp": 120, "atk": 95, "def": 95, "spa": 55, "spd": 75, "spe": 20}, "stats": {"hp": 347, "atk": 213, "def": 213, "spa": 144, "spd": 178, "spe": 84}, "types": ["Normal"]}, "Keldeo": {"name": "Keldeo", "species": "Keldeo-Resolute", "speciesId": "keldeoresolute", "gender": "N", "shiny": false, "level": 79, "moves": ["secretsword", "airslash", "flipturn", "hydropump"], "ability": "Justified", "evs": {"hp": 85, "atk": 85, "def": 85, "spa": 85, "spd": 85, "spe": 85}, "ivs": {"hp": 31, "atk": 31, "def": 31, "spa": 31, "spd": 31, "spe": 31}, "item": "Choice Scarf", "teraType": "Fighting", "role": "Fast Attacker", "bvs": {"hp": 91, "atk": 72, "def": 90, "spa": 129, "spd": 90, "spe": 108}, "stats": {"hp": 273, "atk": 159, "def": 188, "spa": 249, "spd": 188, "spe": 216}, "types": ["Water", "Fighting"]}, "Samurott": {"name": "Samurott", "species": "Samurott", "speciesId": "samurott", "gender": "F", "shiny": false, "level": 88, "moves": ["megahorn", "hydropump", "icebeam", "grassknot"], "ability": "Torrent", "evs": {"hp": 85, "atk": 85, "def": 85, "spa": 85, "spd": 85, "spe": 85}, "ivs": {"hp": 31, "atk": 31, "def": 31, "spa": 31, "spd": 31, "spe": 31}, "item": "Assault Vest", "teraType": "Grass", "role": "AV Pivot", "bvs": {"hp": 95, "atk": 100, "def": 85, "spa": 108, "spd": 70, "spe": 70}, "stats": {"hp": 310, "atk": 226, "def": 200, "spa": 240, "spd": 173, "spe": 173}, "types": ["Water"]}, "Golem": {"name": "Golem", "species": "Golem-Alola", "speciesId": "golemalola", "gender": "F", "shiny": false, "level": 93, "moves": ["earthquake", "doubleedge", "rockpolish", "stoneedge"], "ability": "Galvanize", "evs": {"hp": 85, "atk": 85, "def": 85, "spa": 85, "spd": 85, "spe": 85}, "ivs": {"hp": 31, "atk": 31, "def": 31, "spa": 31, "spd": 31, "spe": 31}, "item": "Life Orb", "teraType": "Grass", "role": "Setup Sweeper", "bvs": {"hp": 80, "atk": 120, "def": 130, "spa": 55, "spd": 65, "spe": 45}, "stats": {"hp": 300, "atk": 276, "def": 295, "spa": 155, "spd": 174, "spe": 137}, "types": ["Rock", "Electric"]}, "Wo-Chien": {"name": "Wo-Chien", "species": "Wo-Chien", "speciesId": "wochien", "gender": "N", "shiny": false, "level": 83, "moves": ["ruination", "knockoff", "protect", "leechseed"], "ability": "Tablets of Ruin", "evs": {"hp": 85, "atk": 85, "def": 85, "spa": 85, "spd": 85, "spe": 85}, "ivs": {"hp": 31, "atk": 31, "def": 31, "spa": 31, "spd": 31, "spe": 31}, "item": "Leftovers", "teraType": "Poison", "role": "Bulky Support", "bvs": {"hp": 85, "atk": 85, "def": 100, "spa": 95, "spd": 135, "spe": 70}, "stats": {"hp": 277, "atk": 189, "def": 214, "spa": 205, "spd": 272, "spe": 164}, "types": ["Dark", "Grass"]}}, {"Hitmonchan": {"name": "Hitmonchan", "species": "Hitmonchan", "speciesId": "hitmonchan", "gender": "M", "shiny": false, "level": 87, "moves": ["swordsdance", "icepunch", "drainpunch", "knockoff"], "ability": "Iron Fist", "evs": {"hp": 85, "atk": 85, "def": 85, "spa": 85, "spd": 85, "spe": 85}, "ivs": {"hp": 31, "atk": 31, "def": 31, "spa": 31, "spd": 31, "spe": 31}, "item": "Life Orb", "teraType": "Dark", "role": "Setup Sweeper", "bvs": {"hp": 50, "atk": 105, "def": 79, "spa": 35, "spd": 110, "spe": 76}, "stats": {"hp": 229, "atk": 232, "def": 187, "spa": 111, "spd": 241, "spe": 182}, "types": ["Fighting"]}, "Appletun": {"name": "Appletun", "species": "Appletun", "speciesId": "appletun", "gender": "F", "shiny": false, "level": 92, "moves": ["dracometeor", "appleacid", "recover", "leechseed"], "ability": "Thick Fat", "evs": {"hp": 85, "atk": 0, "def": 85, "spa": 85, "spd": 85, "spe": 85}, "ivs": {"hp": 31, "atk": 0, "def": 31, "spa": 31, "spd": 31, "spe": 31}, "item": "Leftovers", "teraType": "Steel", "role": "Bulky Attacker", "bvs": {"hp": 110, "atk": 85, "def": 80, "spa": 100, "spd": 80, "spe": 30}, "stats": {"hp": 352, "atk": 161, "def": 200, "spa": 236, "spd": 200, "spe": 108}, "types": ["Grass", "Dragon"]}, "Palafin": {"name": "Palafin", "species": "Palafin", "speciesId": "palafin", "gender": "M", "shiny": false, "level": 77, "moves": ["wavecrash", "jetpunch", "closecombat", "flipturn"], "ability": "Zero to Hero", "evs": {"hp": 85, "atk": 85, "def": 85, "spa": 85, "spd": 85, "spe": 85}, "ivs": {"hp": 31, "atk": 31, "def": 31, "spa": 31, "spd": 31, "spe": 31}, "item": "Choice Band", "teraType": "Fighting", "role": "Wallbreaker", "bvs": {"hp": 100, "atk": 70, "def": 72, "spa": 53, "spd": 62, "spe": 100}, "stats": {"hp": 281, "atk": 152, "def": 155, "spa": 126, "spd": 140, "spe": 199}, "types": ["Water"]}, "Flutter Mane": {"name": "Flutter Mane", "species": "Flutter Mane", "speciesId": "fluttermane", "gender": "N", "shiny": false, "level": 74, "moves": ["calmmind", "shadowball", "thunderbolt", "moonblast"], "ability": "Protosynthesis", "evs": {"hp": 85, "atk": 0, "def": 85, "spa": 85, "spd": 85, "spe": 85}, "ivs": {"hp": 31, "atk": 0, "def": 31, "spa": 31, "spd": 31, "spe": 31}, "item": "Life Orb", "teraType": "Ghost", "role": "Setup Sweeper", "bvs": {"hp": 55, "atk": 55, "def": 55, "spa": 135, "spd": 135, "spe": 135}, "stats": {"hp": 203, "atk": 86, "def": 124, "spa": 243, "spd": 243, "spe": 243}, "types": ["Ghost", "Fairy"]}, "Iron Leaves": {"name": "Iron Leaves", "species": "Iron Leaves", "speciesId": "ironleaves", "gender": "N", "shiny": false, "level": 80, "moves": ["closecombat", "swordsdance", "psyblade", "leafblade"], "ability": "Quark Drive", "evs": {"hp": 85, "atk": 85, "def": 85, "spa": 85, "spd": 85, "spe": 85}, "ivs": {"hp": 31, "atk": 31, "def": 31, "spa": 31, "spd": 31, "spe": 31}, "item": "Life Orb", "teraType": "Fighting", "role": "Wallbreaker", "bvs": {"hp": 90, "atk": 130, "def": 88, "spa": 70, "spd": 108, "spe": 104}, "stats": {"hp": 275, "atk": 254, "def": 187, "spa": 158, "spd": 219, "spe": 213}, "types": ["Grass", "Psychic"]}, "Kyurem": {"name": "Kyurem", "species": "Kyurem-White", "speciesId": "kyuremwhite", "gender": "N", "shiny": false, "level": 73, "moves": ["fusionflare", "icebeam", "dracometeor", "freezedry"], "ability": "Turboblaze", "evs": {"hp": 85, "atk": 0, "def": 85, "spa": 85, "spd": 85, "spe": 85}, "ivs": {"hp": 31, "atk": 0, "def": 31, "spa": 31, "spd": 31, "spe": 31}, "item": "Choice Specs", "teraType": "Fire", "role": "Bulky Attacker", "bvs": {"hp": 125, "atk": 120, "def": 90, "spa": 170, "spd": 100, "spe": 95}, "stats": {"hp": 303, "atk": 180, "def": 174, "spa": 291, "spd": 188, "spe": 181}, "types": ["Dragon", "Ice"]}}]}