{"id": "gen9randombattle-2641425510", "format": "[Gen 9] Random Battle", "players": ["megazmovegmaxbond", "ropob11"], "log": "|j|\u2606megazmovegmaxbond\n|j|\u2606ropob11\n|t:|1782782878\n|gametype|singles\n|player|p1|megazmovegmaxbond|265|1646\n|player|p2|ropob11|170|1596\n|gen|9\n|tier|[Gen 9] Random Battle\n|rated|\n|rule|Species Clause: Limit one of each Pok\u00e9mon\n|rule|HP Percentage Mod: HP is shown in percentages\n|rule|Sleep Clause Mod: Limit one foe put to sleep\n|rule|Illusion Level Mod: Illusion disguises the Pok\u00e9mon's true level\n|\n|t:|1782782878\n|teamsize|p1|6\n|teamsize|p2|6\n|start\n|switch|p1a: Golurk|Golurk, L87|297/297\n|switch|p2a: Okidogi|Okidogi, L77, M|262/262\n|turn|1\n|inactive|Battle timer is ON: inactive players will automatically lose when time's up. (requested by ropob11)\n|\n|t:|1782782904\n|switch|p2a: Brute Bonnet|Brute Bonnet, L80|309/309\n|move|p1a: Golurk|Dynamic Punch|p2a: Brute Bonnet\n|-supereffective|p2a: Brute Bonnet\n|-damage|p2a: Brute Bonnet|69/309\n|-start|p2a: Brute Bonnet|confusion\n|\n|-heal|p2a: Brute Bonnet|88/309|[from] item: Leftovers\n|upkeep\n|turn|2\n|\n|t:|1782782914\n|-activate|p2a: Brute Bonnet|confusion\n|move|p2a: Brute Bonnet|Sucker Punch|p1a: Golurk\n|-supereffective|p1a: Golurk\n|-damage|p1a: Golurk|129/297\n|move|p1a: Golurk|Dynamic Punch|p2a: Brute Bonnet\n|-supereffective|p2a: Brute Bonnet\n|-damage|p2a: Brute Bonnet|0 fnt\n|faint|p2a: Brute Bonnet\n|-end|p2a: Brute Bonnet|Protosynthesis|[silent]\n|\n|upkeep\n|\n|t:|1782782918\n|switch|p2a: Floatzel|Floatzel, L86, F|286/286\n|turn|3\n|\n|t:|1782782929\n|switch|p1a: Suicune|Suicune, L82|298/298\n|-ability|p1a: Suicune|Pressure\n|move|p2a: Floatzel|Flip Turn|p1a: Suicune\n|-resisted|p1a: Suicune\n|-damage|p1a: Suicune|250/298\n|\n|t:|1782782937\n|switch|p2a: Raging Bolt|Raging Bolt, L78|323/323|[from] Flip Turn\n|\n|-heal|p1a: Suicune|268/298|[from] item: Leftovers\n|upkeep\n|turn|4\n|\n|t:|1782782955\n|switch|p1a: Torterra|Torterra, L78, F|276/276\n|move|p2a: Raging Bolt|Thunderbolt|p1a: Torterra\n|-immune|p1a: Torterra\n|\n|upkeep\n|turn|5\n|\n|t:|1782782957\n|move|p2a: Raging Bolt|Draco Meteor|p1a: Torterra\n|-damage|p1a: Torterra|107/276\n|-unboost|p2a: Raging Bolt|spa|2\n|move|p1a: Torterra|Shell Smash|p1a: Torterra\n|-unboost|p1a: Torterra|def|1\n|-unboost|p1a: Torterra|spd|1\n|-boost|p1a: Torterra|atk|2\n|-boost|p1a: Torterra|spa|2\n|-boost|p1a: Torterra|spe|2\n|\n|upkeep\n|turn|6\n|\n|t:|1782782976\n|-end|p2a: Raging Bolt|Protosynthesis|[silent]\n|switch|p2a: Clefable|Clefable, L83, M|293/293\n|move|p1a: Torterra|Headlong Rush|p2a: Clefable\n|-damage|p2a: Clefable|29/293\n|-unboost|p1a: Torterra|def|1\n|-unboost|p1a: Torterra|spd|1\n|\n|upkeep\n|turn|7\n|\n|t:|1782782982\n|move|p1a: Torterra|Bullet Seed|p2a: Clefable\n|-crit|p2a: Clefable\n|-damage|p2a: Clefable|0 fnt\n|faint|p2a: Clefable\n|-hitcount|p2: Clefable|1\n|\n|upkeep\n|\n|t:|1782782986\n|switch|p2a: Bruxish|Bruxish, L85, F|254/254\n|turn|8\n|\n|t:|1782782998\n|move|p2a: Bruxish|Aqua Jet|p1a: Torterra\n|-damage|p1a: Torterra|0 fnt\n|faint|p1a: Torterra\n|\n|upkeep\n|\n|t:|1782783003\n|switch|p1a: Magearna|Magearna-Original, L77|250/250\n|turn|9\n|\n|t:|1782783014\n|switch|p2a: Raging Bolt|Raging Bolt, L78|323/323\n|move|p1a: Magearna|Thunder Wave|p2a: Raging Bolt\n|-immune|p2a: Raging Bolt\n|\n|upkeep\n|turn|10\n|\n|t:|1782783034\n|-terastallize|p2a: Raging Bolt|Electric\n|move|p2a: Raging Bolt|Calm Mind|p2a: Raging Bolt\n|-boost|p2a: Raging Bolt|spa|1\n|-boost|p2a: Raging Bolt|spd|1\n|move|p1a: Magearna|Fleur Cannon|p2a: Raging Bolt\n|-damage|p2a: Raging Bolt|227/323\n|-unboost|p1a: Magearna|spa|2\n|\n|-heal|p2a: Raging Bolt|247/323|[from] item: Leftovers\n|upkeep\n|turn|11\n|\n|t:|1782783043\n|switch|p1a: Entei|Entei, L78|307/307\n|move|p2a: Raging Bolt|Draco Meteor|p1a: Entei\n|-damage|p1a: Entei|19/307\n|-unboost|p2a: Raging Bolt|spa|2\n|\n|-heal|p2a: Raging Bolt|267/323|[from] item: Leftovers\n|upkeep\n|turn|12\n|\n|t:|1782783063\n|move|p2a: Raging Bolt|Thunderclap|p1a: Entei\n|-damage|p1a: Entei|0 fnt\n|faint|p1a: Entei\n|\n|-heal|p2a: Raging Bolt|287/323|[from] item: Leftovers\n|upkeep\n|\n|t:|1782783065\n|switch|p1a: Golurk|Golurk, L87|129/297\n|turn|13\n|\n|t:|1782783070\n|-end|p2a: Raging Bolt|Protosynthesis|[silent]\n|switch|p2a: Okidogi|Okidogi, L77, M|262/262\n|move|p1a: Golurk|Earthquake|p2a: Okidogi\n|-supereffective|p2a: Okidogi\n|-damage|p2a: Okidogi|0 fnt\n|faint|p2a: Okidogi\n|\n|upkeep\n|\n|t:|1782783075\n|switch|p2a: Floatzel|Floatzel, L86, F|286/286\n|turn|14\n|\n|t:|1782783079\n|switch|p1a: Suicune|Suicune, L82|268/298\n|-ability|p1a: Suicune|Pressure\n|move|p2a: Floatzel|Flip Turn|p1a: Suicune\n|-resisted|p1a: Suicune\n|-damage|p1a: Suicune|224/298\n|\n|t:|1782783082\n|switch|p2a: Raging Bolt|Raging Bolt, L78, tera:Electric|287/323|[from] Flip Turn\n|\n|-heal|p1a: Suicune|242/298|[from] item: Leftovers\n|-heal|p2a: Raging Bolt|307/323|[from] item: Leftovers\n|upkeep\n|turn|15\n|\n|t:|1782783087\n|switch|p1a: Raichu|Raichu-Alola, L87, M|246/246\n|move|p2a: Raging Bolt|Draco Meteor|p1a: Raichu\n|-damage|p1a: Raichu|86/246\n|-unboost|p2a: Raging Bolt|spa|2\n|\n|-heal|p2a: Raging Bolt|323/323|[from] item: Leftovers\n|upkeep\n|turn|16\n|\n|t:|1782783094\n|-end|p2a: Raging Bolt|Protosynthesis|[silent]\n|switch|p2a: Bruxish|Bruxish, L85, F|254/254\n|move|p1a: Raichu|Psychic|p2a: Bruxish\n|-resisted|p2a: Bruxish\n|-damage|p2a: Bruxish|165/254\n|\n|upkeep\n|turn|17\n|\n|t:|1782783102\n|move|p2a: Bruxish|Aqua Jet|p1a: Raichu\n|-damage|p1a: Raichu|0 fnt\n|faint|p1a: Raichu\n|\n|upkeep\n|\n|t:|1782783106\n|switch|p1a: Magearna|Magearna-Original, L77|250/250\n|turn|18\n|\n|t:|1782783108\n|switch|p2a: Raging Bolt|Raging Bolt, L78, tera:Electric|323/323\n|move|p1a: Magearna|Fleur Cannon|p2a: Raging Bolt\n|-damage|p2a: Raging Bolt|163/323\n|-unboost|p1a: Magearna|spa|2\n|\n|-heal|p2a: Raging Bolt|183/323|[from] item: Leftovers\n|upkeep\n|turn|19\n|\n|t:|1782783116\n|switch|p1a: Golurk|Golurk, L87|129/297\n|move|p2a: Raging Bolt|Draco Meteor|p1a: Golurk\n|-damage|p1a: Golurk|0 fnt\n|-unboost|p2a: Raging Bolt|spa|2\n|faint|p1a: Golurk\n|\n|-heal|p2a: Raging Bolt|203/323|[from] item: Leftovers\n|upkeep\n|\n|t:|1782783127\n|switch|p1a: Suicune|Suicune, L82|242/298\n|-ability|p1a: Suicune|Pressure\n|turn|20\n|\n|t:|1782783130\n|-end|p2a: Raging Bolt|Protosynthesis|[silent]\n|switch|p2a: Floatzel|Floatzel, L86, F|286/286\n|move|p1a: Suicune|Calm Mind|p1a: Suicune\n|-boost|p1a: Suicune|spa|1\n|-boost|p1a: Suicune|spd|1\n|\n|-heal|p1a: Suicune|260/298|[from] item: Leftovers\n|upkeep\n|turn|21\n|\n|t:|1782783134\n|move|p2a: Floatzel|Flip Turn|p1a: Suicune\n|-resisted|p1a: Suicune\n|-damage|p1a: Suicune|215/298\n|\n|t:|1782783137\n|switch|p2a: Raging Bolt|Raging Bolt, L78, tera:Electric|203/323|[from] Flip Turn\n|move|p1a: Suicune|Scald|p2a: Raging Bolt\n|-damage|p2a: Raging Bolt|85/323\n|\n|-heal|p1a: Suicune|233/298|[from] item: Leftovers\n|-heal|p2a: Raging Bolt|105/323|[from] item: Leftovers\n|upkeep\n|turn|22\n|\n|t:|1782783147\n|-terastallize|p1a: Suicune|Dragon\n|move|p1a: Suicune|Calm Mind|p1a: Suicune\n|-boost|p1a: Suicune|spa|1\n|-boost|p1a: Suicune|spd|1\n|move|p2a: Raging Bolt|Thunderbolt|p1a: Suicune\n|-resisted|p1a: Suicune\n|-damage|p1a: Suicune|202/298\n|\n|-heal|p1a: Suicune|220/298|[from] item: Leftovers\n|-heal|p2a: Raging Bolt|125/323|[from] item: Leftovers\n|upkeep\n|turn|23\n|\n|t:|1782783152\n|move|p1a: Suicune|Scald|p2a: Raging Bolt\n|-damage|p2a: Raging Bolt|0 fnt\n|faint|p2a: Raging Bolt\n|-end|p2a: Raging Bolt|Protosynthesis|[silent]\n|\n|-heal|p1a: Suicune|238/298|[from] item: Leftovers\n|upkeep\n|\n|t:|1782783155\n|switch|p2a: Bruxish|Bruxish, L85, F|165/254\n|turn|24\n|\n|t:|1782783159\n|move|p2a: Bruxish|Wave Crash|p1a: Suicune\n|-resisted|p1a: Suicune\n|-damage|p1a: Suicune|154/298\n|-damage|p2a: Bruxish|137/254|[from] Recoil\n|move|p1a: Suicune|Scald|p2a: Bruxish\n|-resisted|p2a: Bruxish\n|-damage|p2a: Bruxish|46/254\n|\n|-heal|p1a: Suicune|172/298|[from] item: Leftovers\n|upkeep\n|turn|25\n|\n|t:|1782783167\n|switch|p2a: Floatzel|Floatzel, L86, F|286/286\n|move|p1a: Suicune|Rest|p1a: Suicune\n|-status|p1a: Suicune|slp|[from] move: Rest\n|-heal|p1a: Suicune|298/298 slp|[silent]\n|\n|upkeep\n|turn|26\n|\n|t:|1782783170\n|move|p2a: Floatzel|Ice Spinner|p1a: Suicune\n|-supereffective|p1a: Suicune\n|-damage|p1a: Suicune|132/298 slp\n|cant|p1a: Suicune|slp\n|move|p1a: Suicune|Sleep Talk|p1a: Suicune\n|move|p1a: Suicune|Scald|p2a: Floatzel|[from] move: Sleep Talk\n|-resisted|p2a: Floatzel\n|-damage|p2a: Floatzel|185/286\n|\n|-heal|p1a: Suicune|150/298 slp|[from] item: Leftovers\n|upkeep\n|turn|27\n|\n|t:|1782783179\n|switch|p1a: Magearna|Magearna-Original, L77|250/250\n|move|p2a: Floatzel|Ice Spinner|p1a: Magearna\n|-resisted|p1a: Magearna\n|-damage|p1a: Magearna|209/250\n|\n|-heal|p1a: Magearna|224/250|[from] item: Leftovers\n|upkeep\n|turn|28\n|\n|t:|1782783184\n|switch|p2a: Bruxish|Bruxish, L85, F|46/254\n|move|p1a: Magearna|Thunder Wave|p2a: Bruxish|[miss]\n|-miss|p1a: Magearna|p2a: Bruxish\n|\n|-heal|p1a: Magearna|239/250|[from] item: Leftovers\n|upkeep\n|turn|29\n|\n|t:|1782783191\n|switch|p1a: Suicune|Suicune, L82, tera:Dragon|150/298 slp\n|-ability|p1a: Suicune|Pressure\n|move|p2a: Bruxish|Wave Crash|p1a: Suicune\n|-resisted|p1a: Suicune\n|-damage|p1a: Suicune|57/298 slp\n|-damage|p2a: Bruxish|15/254|[from] Recoil\n|\n|-heal|p1a: Suicune|75/298 slp|[from] item: Leftovers\n|upkeep\n|turn|30\n|\n|t:|1782783197\n|move|p2a: Bruxish|Wave Crash|p1a: Suicune\n|-resisted|p1a: Suicune\n|-damage|p1a: Suicune|0 fnt\n|faint|p1a: Suicune\n|-damage|p2a: Bruxish|0 fnt|[from] Recoil\n|faint|p2a: Bruxish\n|\n|upkeep\n|\n|t:|1782783199\n|switch|p2a: Floatzel|Floatzel, L86, F|185/286\n|switch|p1a: Magearna|Magearna-Original, L77|239/250\n|turn|31\n|\n|t:|1782783202\n|move|p2a: Floatzel|Wave Crash|p1a: Magearna\n|-damage|p1a: Magearna|43/250\n|-damage|p2a: Floatzel|120/286|[from] Recoil\n|move|p1a: Magearna|Fleur Cannon|p2a: Floatzel\n|-damage|p2a: Floatzel|0 fnt\n|-unboost|p1a: Magearna|spa|2\n|faint|p2a: Floatzel\n|\n|win|megazmovegmaxbond\n|raw|megazmovegmaxbond's rating: 1625 &rarr; <strong>1643</strong><br />(+18 for winning)\n|raw|ropob11's rating: 1596 &rarr; <strong>1578</strong><br />(-18 for losing)\n", "inputlog": ">version f8ac14003a5f27e1bdc8d8c59608a773c1cb96e5\n>start {\"formatid\":\"gen9randombattle\",\"seed\":\"sodium,575f6e79e19338498c7ff9f2441ff114\",\"rated\":\"Rated battle\"}\n>player p1 {\"name\":\"megazmovegmaxbond\",\"avatar\":\"265\",\"rating\":1646,\"seed\":\"sodium,a87d567fde91e5bf4d76346181bdc937\"}\n>player p2 {\"name\":\"ropob11\",\"avatar\":\"170\",\"rating\":1596,\"seed\":\"sodium,8aa8e8243f43eae9e160b197225e6511\"}\n>p1 move dynamicpunch\n>p2 switch 3\n>p1 move dynamicpunch\n>p2 move suckerpunch\n>p2 switch 5\n>p1 switch 5\n>p2 move flipturn\n>p2 switch 4\n>p1 switch 2\n>p2 move thunderbolt\n>p1 move shellsmash\n>p2 move dracometeor\n>p1 move headlongrush\n>p2 switch 2\n>p1 move bulletseed\n>p2 move stealthrock\n>p2 switch 6\n>p1 move bulletseed\n>p2 move aquajet\n>p1 switch 3\n>p1 move thunderwave\n>p2 switch 2\n>p1 move fleurcannon\n>p2 move calmmind terastallize\n>p1 switch 4\n>p2 move dracometeor\n>p1 move sacredfire\n>p2 move thunderclap\n>p1 switch 5\n>p1 move earthquake\n>p2 switch 3\n>p2 switch 4\n>p1 switch 2\n>p2 move flipturn\n>p2 switch 3\n>p1 switch 6\n>p2 move dracometeor\n>p1 move psychic\n>p2 switch 2\n>p1 move psychic\n>p2 move aquajet\n>p1 switch 4\n>p1 move fleurcannon\n>p2 switch 2\n>p1 switch 2\n>p2 move dracometeor\n>p1 switch 6\n>p1 move calmmind\n>p2 switch 3\n>p1 move scald\n>p2 move flipturn\n>p2 switch 3\n>p1 move calmmind terastallize\n>p2 move thunderbolt\n>p1 move scald\n>p2 move dracometeor\n>p2 switch 2\n>p1 move scald\n>p2 move wavecrash\n>p1 move rest\n>p2 switch 3\n>p1 move sleeptalk\n>p2 move icespinner\n>p1 switch 2\n>p2 move icespinner\n>p1 move thunderwave\n>p2 switch 3\n>p1 switch 2\n>p2 move wavecrash\n>p1 move scald\n>p2 move wavecrash\n>p1 switch 2\n>p2 switch 3\n>p1 move fleurcannon\n>p2 move wavecrash", "uploadtime": 1782783206, "views": 2, "formatid": "gen9randombattle", "rating": 1578, "private": 0, "password": null, "player_dets": [{"name": "megazmovegmaxbond", "avatar": "265", "rating": 1646, "seed": "sodium,a87d567fde91e5bf4d76346181bdc937"}, {"name": "ropob11", "avatar": "170", "rating": 1596, "seed": "sodium,8aa8e8243f43eae9e160b197225e6511"}], "teams_full": [{"Golurk": {"name": "Golurk", "species": "Golurk", "speciesId": "golurk", "gender": "N", "shiny": false, "level": 87, "moves": ["poltergeist", "dynamicpunch", "stoneedge", "earthquake"], "ability": "No Guard", "evs": {"hp": 85, "atk": 85, "def": 85, "spa": 85, "spd": 85, "spe": 85}, "ivs": {"hp": 31, "atk": 31, "def": 31, "spa": 31, "spd": 31, "spe": 31}, "item": "Choice Band", "teraType": "Ground", "role": "Wallbreaker", "bvs": {"hp": 89, "atk": 124, "def": 80, "spa": 55, "spd": 80, "spe": 55}, "stats": {"hp": 297, "atk": 266, "def": 189, "spa": 145, "spd": 189, "spe": 145}, "types": ["Ground", "Ghost"]}, "Torterra": {"name": "Torterra", "species": "Torterra", "speciesId": "torterra", "gender": "F", "shiny": false, "level": 78, "moves": ["rockblast", "shellsmash", "bulletseed", "headlongrush"], "ability": "Overgrow", "evs": {"hp": 85, "atk": 85, "def": 85, "spa": 85, "spd": 85, "spe": 85}, "ivs": {"hp": 31, "atk": 31, "def": 31, "spa": 31, "spd": 31, "spe": 31}, "item": "Loaded Dice", "teraType": "Ground", "role": "Setup Sweeper", "bvs": {"hp": 95, "atk": 109, "def": 105, "spa": 75, "spd": 85, "spe": 56}, "stats": {"hp": 276, "atk": 215, "def": 209, "spa": 162, "spd": 178, "spe": 132}, "types": ["Grass", "Ground"]}, "Magearna": {"name": "Magearna", "species": "Magearna-Original", "speciesId": "magearna", "gender": "N", "shiny": false, "level": 77, "moves": ["fleurcannon", "thunderwave", "painsplit", "flashcannon"], "ability": "Soul-Heart", "evs": {"hp": 85, "atk": 0, "def": 85, "spa": 85, "spd": 85, "spe": 85}, "ivs": {"hp": 31, "atk": 0, "def": 31, "spa": 31, "spd": 31, "spe": 31}, "item": "Leftovers", "teraType": "Fairy", "role": "Bulky Attacker", "bvs": {"hp": 80, "atk": 95, "def": 115, "spa": 130, "spd": 115, "spe": 65}, "stats": {"hp": 250, "atk": 151, "def": 222, "spa": 245, "spd": 222, "spe": 145}, "types": ["Steel", "Fairy"]}, "Entei": {"name": "Entei", "species": "Entei", "speciesId": "entei", "gender": "N", "shiny": false, "level": 78, "moves": ["stompingtantrum", "extremespeed", "sacredfire", "flareblitz"], "ability": "Inner Focus", "evs": {"hp": 85, "atk": 85, "def": 85, "spa": 85, "spd": 85, "spe": 85}, "ivs": {"hp": 31, "atk": 31, "def": 31, "spa": 31, "spd": 31, "spe": 31}, "item": "Choice Band", "teraType": "Fire", "role": "Wallbreaker", "bvs": {"hp": 115, "atk": 115, "def": 85, "spa": 90, "spd": 75, "spe": 100}, "stats": {"hp": 307, "atk": 224, "def": 178, "spa": 185, "spd": 162, "spe": 201}, "types": ["Fire"]}, "Suicune": {"name": "Suicune", "species": "Suicune", "speciesId": "suicune", "gender": "N", "shiny": false, "level": 82, "moves": ["rest", "sleeptalk", "calmmind", "scald"], "ability": "Pressure", "evs": {"hp": 85, "atk": 0, "def": 85, "spa": 85, "spd": 85, "spe": 85}, "ivs": {"hp": 31, "atk": 0, "def": 31, "spa": 31, "spd": 31, "spe": 31}, "item": "Leftovers", "teraType": "Dragon", "role": "Bulky Attacker", "bvs": {"hp": 100, "atk": 75, "def": 115, "spa": 90, "spd": 115, "spe": 85}, "stats": {"hp": 298, "atk": 127, "def": 236, "spa": 195, "spd": 236, "spe": 187}, "types": ["Water"]}, "Raichu": {"name": "Raichu", "species": "Raichu-Alola", "speciesId": "raichualola", "gender": "M", "shiny": false, "level": 87, "moves": ["grassknot", "thunderbolt", "psychic", "surf"], "ability": "Surge Surfer", "evs": {"hp": 85, "atk": 0, "def": 85, "spa": 85, "spd": 85, "spe": 85}, "ivs": {"hp": 31, "atk": 0, "def": 31, "spa": 31, "spd": 31, "spe": 31}, "item": "Choice Specs", "teraType": "Grass", "role": "Fast Attacker", "bvs": {"hp": 60, "atk": 85, "def": 50, "spa": 95, "spd": 85, "spe": 110}, "stats": {"hp": 246, "atk": 152, "def": 137, "spa": 215, "spd": 198, "spe": 241}, "types": ["Electric", "Psychic"]}}, {"Okidogi": {"name": "Okidogi", "species": "Okidogi", "speciesId": "okidogi", "gender": "M", "shiny": false, "level": 77, "moves": ["drainpunch", "bulkup", "gunkshot", "knockoff"], "ability": "Toxic Chain", "evs": {"hp": 85, "atk": 85, "def": 85, "spa": 85, "spd": 85, "spe": 85}, "ivs": {"hp": 31, "atk": 31, "def": 31, "spa": 31, "spd": 31, "spe": 31}, "item": "Leftovers", "teraType": "Dark", "role": "Bulky Setup", "bvs": {"hp": 88, "atk": 128, "def": 115, "spa": 58, "spd": 86, "spe": 80}, "stats": {"hp": 262, "atk": 242, "def": 222, "spa": 134, "spd": 177, "spe": 168}, "types": ["Poison", "Fighting"]}, "Clefable": {"name": "Clefable", "species": "Clefable", "speciesId": "clefable", "gender": "M", "shiny": false, "level": 83, "moves": ["moonlight", "stealthrock", "thunderwave", "moonblast"], "ability": "Magic Guard", "evs": {"hp": 85, "atk": 0, "def": 85, "spa": 85, "spd": 85, "spe": 85}, "ivs": {"hp": 31, "atk": 0, "def": 31, "spa": 31, "spd": 31, "spe": 31}, "item": "Life Orb", "teraType": "Poison", "role": "Bulky Support", "bvs": {"hp": 95, "atk": 70, "def": 73, "spa": 95, "spd": 90, "spe": 60}, "stats": {"hp": 293, "atk": 121, "def": 169, "spa": 205, "spd": 197, "spe": 147}, "types": ["Fairy"]}, "Brute Bonnet": {"name": "Brute Bonnet", "species": "Brute Bonnet", "speciesId": "brutebonnet", "gender": "N", "shiny": false, "level": 80, "moves": ["suckerpunch", "closecombat", "spore", "crunch"], "ability": "Protosynthesis", "evs": {"hp": 85, "atk": 85, "def": 85, "spa": 85, "spd": 85, "spe": 85}, "ivs": {"hp": 31, "atk": 31, "def": 31, "spa": 31, "spd": 31, "spe": 31}, "item": "Leftovers", "teraType": "Fighting", "role": "Bulky Attacker", "bvs": {"hp": 111, "atk": 127, "def": 99, "spa": 79, "spd": 99, "spe": 55}, "stats": {"hp": 309, "atk": 249, "def": 205, "spa": 173, "spd": 205, "spe": 134}, "types": ["Grass", "Dark"]}, "Raging Bolt": {"name": "Raging Bolt", "species": "Raging Bolt", "speciesId": "ragingbolt", "gender": "N", "shiny": false, "level": 78, "moves": ["thunderclap", "calmmind", "dracometeor", "thunderbolt"], "ability": "Protosynthesis", "evs": {"hp": 85, "atk": 0, "def": 85, "spa": 85, "spd": 85, "spe": 85}, "ivs": {"hp": 31, "atk": 0, "def": 31, "spa": 31, "spd": 31, "spe": 31}, "item": "Leftovers", "teraType": "Electric", "role": "Bulky Setup", "bvs": {"hp": 125, "atk": 73, "def": 91, "spa": 137, "spd": 89, "spe": 75}, "stats": {"hp": 323, "atk": 118, "def": 187, "spa": 259, "spd": 184, "spe": 162}, "types": ["Electric", "Dragon"]}, "Floatzel": {"name": "Floatzel", "species": "Floatzel", "speciesId": "floatzel", "gender": "F", "shiny": false, "level": 86, "moves": ["wavecrash", "flipturn", "crunch", "icespinner"], "ability": "Water Veil", "evs": {"hp": 85, "atk": 85, "def": 85, "spa": 85, "spd": 85, "spe": 85}, "ivs": {"hp": 31, "atk": 31, "def": 31, "spa": 31, "spd": 31, "spe": 31}, "item": "Choice Band", "teraType": "Water", "role": "Wallbreaker", "bvs": {"hp": 85, "atk": 105, "def": 55, "spa": 85, "spd": 50, "spe": 115}, "stats": {"hp": 286, "atk": 230, "def": 144, "spa": 195, "spd": 135, "spe": 247}, "types": ["Water"]}, "Bruxish": {"name": "Bruxish", "species": "Bruxish", "speciesId": "bruxish", "gender": "F", "shiny": false, "level": 85, "moves": ["psychicfangs", "crunch", "wavecrash", "aquajet"], "ability": "Strong Jaw", "evs": {"hp": 85, "atk": 85, "def": 85, "spa": 85, "spd": 85, "spe": 85}, "ivs": {"hp": 31, "atk": 31, "def": 31, "spa": 31, "spd": 31, "spe": 31}, "item": "Choice Band", "teraType": "Dark", "role": "Fast Attacker", "bvs": {"hp": 68, "atk": 105, "def": 70, "spa": 70, "spd": 70, "spe": 92}, "stats": {"hp": 254, "atk": 227, "def": 168, "spa": 168, "spd": 168, "spe": 205}, "types": ["Water", "Psychic"]}}]}