{"id": "gen9randombattle-2641690449", "format": "[Gen 9] Random Battle", "players": ["Fortre", "Apple_Airpod5"], "log": "|j|\u2606Fortre\n|j|\u2606Apple_Airpod5\n|t:|1782830254\n|gametype|singles\n|player|p1|Fortre|170|1944\n|player|p2|Apple_Airpod5|ingo|1934\n|gen|9\n|tier|[Gen 9] Random Battle\n|rated|\n|rule|Species Clause: Limit one of each Pok\u00e9mon\n|rule|HP Percentage Mod: HP is shown in percentages\n|rule|Sleep Clause Mod: Limit one foe put to sleep\n|rule|Illusion Level Mod: Illusion disguises the Pok\u00e9mon's true level\n|\n|t:|1782830254\n|teamsize|p1|6\n|teamsize|p2|6\n|start\n|switch|p1a: Barraskewda|Barraskewda, L81, F|231/231\n|switch|p2a: Vileplume|Vileplume, L85, F|266/266\n|turn|1\n|inactive|Battle timer is ON: inactive players will automatically lose when time's up. (requested by Apple_Airpod5)\n|\n|t:|1782830261\n|switch|p1a: Komala|Komala, L88, F|258/258\n|-ability|p1a: Komala|Comatose\n|move|p2a: Vileplume|Leech Seed|p1a: Komala\n|-start|p1a: Komala|move: Leech Seed\n|\n|-damage|p1a: Komala|226/258|[from] Leech Seed|[of] p2a: Vileplume\n|upkeep\n|turn|2\n|\n|t:|1782830272\n|move|p1a: Komala|Rapid Spin|p2a: Vileplume\n|-damage|p2a: Vileplume|194/266\n|-boost|p1a: Komala|spe|1\n|-end|p1a: Komala|Leech Seed|[from] move: Rapid Spin|[of] p1a: Komala\n|move|p2a: Vileplume|Giga Drain|p1a: Komala\n|-damage|p1a: Komala|165/258\n|-heal|p2a: Vileplume|225/266|[from] drain|[of] p1a: Komala\n|\n|-heal|p2a: Vileplume|241/266|[from] item: Leftovers\n|upkeep\n|turn|3\n|\n|t:|1782830282\n|move|p1a: Komala|Knock Off|p2a: Vileplume\n|-damage|p2a: Vileplume|159/266\n|-enditem|p2a: Vileplume|Leftovers|[from] move: Knock Off|[of] p1a: Komala\n|move|p2a: Vileplume|Strength Sap|p1a: Komala\n|-unboost|p1a: Komala|atk|1\n|-heal|p2a: Vileplume|266/266\n|\n|upkeep\n|turn|4\n|\n|t:|1782830292\n|move|p1a: Komala|Body Slam|p2a: Vileplume\n|-damage|p2a: Vileplume|182/266\n|-status|p2a: Vileplume|par\n|move|p2a: Vileplume|Giga Drain|p1a: Komala\n|-damage|p1a: Komala|114/258\n|-heal|p2a: Vileplume|208/266 par|[from] drain|[of] p1a: Komala\n|\n|upkeep\n|turn|5\n|\n|t:|1782830303\n|move|p1a: Komala|U-turn|p2a: Vileplume\n|-damage|p2a: Vileplume|163/266 par\n|\n|t:|1782830305\n|switch|p1a: Metagross|Metagross, L79|256/256|[from] U-turn\n|cant|p2a: Vileplume|par\n|\n|upkeep\n|turn|6\n|\n|t:|1782830317\n|switch|p2a: Hippowdon|Hippowdon, L82, M|311/311\n|-weather|Sandstorm|[from] ability: Sand Stream|[of] p2a: Hippowdon\n|move|p1a: Metagross|Agility|p1a: Metagross\n|-boost|p1a: Metagross|spe|2\n|\n|-weather|Sandstorm|[upkeep]\n|upkeep\n|turn|7\n|\n|t:|1782830323\n|move|p1a: Metagross|Psychic Fangs|p2a: Hippowdon\n|-damage|p2a: Hippowdon|232/311\n|-damage|p1a: Metagross|214/256|[from] item: Rocky Helmet|[of] p2a: Hippowdon\n|move|p2a: Hippowdon|Stealth Rock|p1a: Metagross\n|-sidestart|p1: Fortre|move: Stealth Rock\n|\n|-weather|Sandstorm|[upkeep]\n|upkeep\n|turn|8\n|\n|t:|1782830329\n|move|p1a: Metagross|Earthquake|p2a: Hippowdon\n|-damage|p2a: Hippowdon|163/311\n|move|p2a: Hippowdon|Whirlwind|p1a: Metagross\n|drag|p1a: Enamorus|Enamorus, L79, F|247/247\n|\n|-weather|Sandstorm|[upkeep]\n|-damage|p1a: Enamorus|232/247|[from] Sandstorm\n|upkeep\n|turn|9\n|\n|t:|1782830337\n|move|p1a: Enamorus|Moonblast|p2a: Hippowdon\n|-damage|p2a: Hippowdon|13/311\n|move|p2a: Hippowdon|Slack Off|p2a: Hippowdon\n|-heal|p2a: Hippowdon|169/311\n|\n|-weather|Sandstorm|[upkeep]\n|-damage|p1a: Enamorus|217/247|[from] Sandstorm\n|upkeep\n|turn|10\n|\n|t:|1782830346\n|switch|p2a: Vileplume|Vileplume, L85, F|163/266 par\n|move|p1a: Enamorus|Moonblast|p2a: Vileplume\n|-resisted|p2a: Vileplume\n|-damage|p2a: Vileplume|103/266 par\n|\n|-weather|none\n|upkeep\n|turn|11\n|\n|t:|1782830349\n|move|p1a: Enamorus|Mystical Fire|p2a: Vileplume\n|-supereffective|p2a: Vileplume\n|-damage|p2a: Vileplume|0 fnt\n|faint|p2a: Vileplume\n|\n|upkeep\n|\n|t:|1782830359\n|switch|p2a: Revavroom|Revavroom, L79, M|256/256\n|turn|12\n|\n|t:|1782830371\n|-terastallize|p2a: Revavroom|Ground\n|move|p1a: Enamorus|Moonblast|p2a: Revavroom\n|-damage|p2a: Revavroom|109/256\n|-unboost|p2a: Revavroom|spa|1\n|move|p2a: Revavroom|Shift Gear|p2a: Revavroom\n|-boost|p2a: Revavroom|spe|2\n|-boost|p2a: Revavroom|atk|1\n|\n|upkeep\n|turn|13\n|inactive|Apple_Airpod5 has 120 seconds left.\n|\n|t:|1782830417\n|switch|p1a: Komala|Komala, L88, F|114/258\n|-damage|p1a: Komala|82/258|[from] Stealth Rock\n|-ability|p1a: Komala|Comatose\n|move|p2a: Revavroom|Iron Head|p1a: Komala\n|-damage|p1a: Komala|0 fnt\n|faint|p1a: Komala\n|-damage|p2a: Revavroom|84/256|[from] item: Life Orb\n|\n|upkeep\n|\n|t:|1782830429\n|switch|p1a: Metagross|Metagross, L79|214/256\n|-damage|p1a: Metagross|198/256|[from] Stealth Rock\n|turn|14\n|\n|t:|1782830436\n|-terastallize|p1a: Metagross|Ground\n|move|p2a: Revavroom|High Horsepower|p1a: Metagross\n|-damage|p1a: Metagross|37/256\n|-damage|p2a: Revavroom|59/256|[from] item: Life Orb\n|move|p1a: Metagross|Earthquake|p2a: Revavroom\n|-damage|p2a: Revavroom|0 fnt\n|faint|p2a: Revavroom\n|\n|upkeep\n|\n|t:|1782830458\n|switch|p2a: Tauros|Tauros, L82, M|257/257\n|turn|15\n|\n|t:|1782830466\n|move|p2a: Tauros|Body Slam|p1a: Metagross\n|-damage|p1a: Metagross|0 fnt\n|faint|p1a: Metagross\n|\n|upkeep\n|\n|t:|1782830471\n|switch|p1a: Deoxys|Deoxys, L74|196/196\n|-damage|p1a: Deoxys|172/196|[from] Stealth Rock\n|-ability|p1a: Deoxys|Pressure\n|turn|16\n|inactive|Apple_Airpod5 has 120 seconds left.\n|\n|t:|1782830482\n|switch|p2a: Decidueye|Decidueye-Hisui, L87, M|295/295\n|move|p1a: Deoxys|Superpower|p2a: Decidueye\n|-damage|p2a: Decidueye|161/295\n|-unboost|p1a: Deoxys|atk|1\n|-unboost|p1a: Deoxys|def|1\n|-damage|p1a: Deoxys|153/196|[from] item: Life Orb\n|\n|-heal|p2a: Decidueye|179/295|[from] item: Leftovers\n|upkeep\n|turn|17\n|inactive|Apple_Airpod5 has 120 seconds left.\n|\n|t:|1782830493\n|switch|p2a: Hippowdon|Hippowdon, L82, M|169/311\n|-weather|Sandstorm|[from] ability: Sand Stream|[of] p2a: Hippowdon\n|move|p1a: Deoxys|Psycho Boost|p2a: Hippowdon\n|-damage|p2a: Hippowdon|0 fnt\n|-unboost|p1a: Deoxys|spa|2\n|faint|p2a: Hippowdon\n|-damage|p1a: Deoxys|134/196|[from] item: Life Orb\n|\n|-weather|Sandstorm|[upkeep]\n|-damage|p1a: Deoxys|122/196|[from] Sandstorm\n|upkeep\n|\n|t:|1782830514\n|switch|p2a: Decidueye|Decidueye-Hisui, L87, M|179/295\n|turn|18\n|\n|t:|1782830525\n|move|p1a: Deoxys|Psycho Boost|p2a: Decidueye\n|-supereffective|p2a: Decidueye\n|-damage|p2a: Decidueye|0 fnt\n|-unboost|p1a: Deoxys|spa|2\n|faint|p2a: Decidueye\n|-damage|p1a: Deoxys|103/196|[from] item: Life Orb\n|\n|-weather|Sandstorm|[upkeep]\n|-damage|p1a: Deoxys|91/196|[from] Sandstorm\n|upkeep\n|\n|t:|1782830529\n|switch|p2a: Gurdurr|Gurdurr, L85, M|283/283\n|turn|19\n|\n|t:|1782830536\n|move|p1a: Deoxys|Knock Off|p2a: Gurdurr\n|-resisted|p2a: Gurdurr\n|-damage|p2a: Gurdurr|258/283\n|-enditem|p2a: Gurdurr|Eviolite|[from] move: Knock Off|[of] p1a: Deoxys\n|-damage|p1a: Deoxys|72/196|[from] item: Life Orb\n|move|p2a: Gurdurr|Bulk Up|p2a: Gurdurr\n|-boost|p2a: Gurdurr|atk|1\n|-boost|p2a: Gurdurr|def|1\n|\n|-weather|Sandstorm|[upkeep]\n|-damage|p1a: Deoxys|60/196|[from] Sandstorm\n|-damage|p2a: Gurdurr|241/283|[from] Sandstorm\n|upkeep\n|turn|20\n|inactive|Apple_Airpod5 has 120 seconds left.\n|\n|t:|1782830557\n|switch|p1a: Enamorus|Enamorus, L79, F|217/247\n|move|p2a: Gurdurr|Mach Punch|p1a: Enamorus\n|-resisted|p1a: Enamorus\n|-damage|p1a: Enamorus|195/247\n|\n|-weather|Sandstorm|[upkeep]\n|-damage|p1a: Enamorus|180/247|[from] Sandstorm\n|-damage|p2a: Gurdurr|224/283|[from] Sandstorm\n|upkeep\n|turn|21\n|inactive|Apple_Airpod5 has 120 seconds left.\n|\n|t:|1782830566\n|switch|p2a: Tauros|Tauros, L82, M|257/257\n|move|p1a: Enamorus|Moonblast|p2a: Tauros\n|-damage|p2a: Tauros|115/257\n|-unboost|p2a: Tauros|spa|1\n|\n|-weather|none\n|upkeep\n|turn|22\n|\n|t:|1782830569\n|move|p2a: Tauros|Body Slam|p1a: Enamorus\n|-crit|p1a: Enamorus\n|-damage|p1a: Enamorus|0 fnt\n|faint|p1a: Enamorus\n|\n|upkeep\n|\n|t:|1782830573\n|switch|p1a: Deoxys|Deoxys, L74|60/196\n|-damage|p1a: Deoxys|36/196|[from] Stealth Rock\n|-ability|p1a: Deoxys|Pressure\n|turn|23\n|\n|t:|1782830577\n|move|p1a: Deoxys|Psycho Boost|p2a: Tauros\n|-damage|p2a: Tauros|0 fnt\n|-unboost|p1a: Deoxys|spa|2\n|faint|p2a: Tauros\n|-damage|p1a: Deoxys|17/196|[from] item: Life Orb\n|\n|upkeep\n|\n|t:|1782830581\n|switch|p2a: Gurdurr|Gurdurr, L85, M|224/283\n|turn|24\n|\n|t:|1782830594\n|move|p1a: Deoxys|Psycho Boost|p2a: Gurdurr\n|-supereffective|p2a: Gurdurr\n|-damage|p2a: Gurdurr|0 fnt\n|-unboost|p1a: Deoxys|spa|2\n|faint|p2a: Gurdurr\n|-damage|p1a: Deoxys|0 fnt|[from] item: Life Orb\n|faint|p1a: Deoxys\n|\n|win|Fortre\n", "inputlog": ">version f8ac14003a5f27e1bdc8d8c59608a773c1cb96e5\n>start {\"formatid\":\"gen9randombattle\",\"seed\":\"sodium,93af84c9756182d5b13444bca418d2e1\",\"rated\":\"Rated battle\"}\n>player p1 {\"name\":\"Fortre\",\"avatar\":\"170\",\"rating\":1944,\"seed\":\"sodium,3c4db15249ee21248f9530052a7ff285\"}\n>player p2 {\"name\":\"Apple_Airpod5\",\"avatar\":\"ingo\",\"rating\":1934,\"seed\":\"sodium,d5c1843a998f89b6118499a3e34045ed\"}\n>p1 switch 6\n>p2 move leechseed\n>p1 move rapidspin\n>p2 move gigadrain\n>p1 move knockoff\n>p2 move strengthsap\n>p1 move bodyslam\n>p2 move gigadrain\n>p1 move uturn\n>p2 move gigadrain\n>p1 switch 2\n>p1 move agility\n>p2 switch 2\n>p1 move psychicfangs\n>p2 move stealthrock\n>p1 move earthquake\n>p2 move whirlwind\n>p1 move moonblast\n>p2 move slackoff\n>p1 move moonblast\n>p2 switch 2\n>p1 move mysticalfire\n>p2 move strengthsap\n>p2 switch 3\n>p1 move moonblast\n>p2 move shiftgear terastallize\n>p1 switch 2\n>p2 move ironhead\n>p1 switch 3\n>p1 move earthquake terastallize\n>p2 move highhorsepower\n>p2 switch 5\n>p1 move earthquake\n>p2 move bodyslam\n>p1 switch 4\n>p1 move superpower\n>p2 switch 4\n>p1 move psychoboost\n>p2 switch 2\n>p2 switch 2\n>p1 move psychoboost\n>p2 move roost\n>p2 switch 6\n>p1 move knockoff\n>p2 move bulkup\n>p1 switch 2\n>p2 move machpunch\n>p1 move moonblast\n>p2 switch 4\n>p1 move moonblast\n>p2 move bodyslam\n>p1 switch 2\n>p1 move psychoboost\n>p2 move bodyslam\n>p2 switch 4\n>p1 move psychoboost\n>p2 move bulkup", "uploadtime": 1782830255, "views": 3, "formatid": "gen9randombattle", "rating": null, "private": 0, "password": null, "player_dets": [{"name": "Fortre", "avatar": "170", "rating": 1944, "seed": "sodium,3c4db15249ee21248f9530052a7ff285"}, {"name": "Apple_Airpod5", "avatar": "ingo", "rating": 1934, "seed": "sodium,d5c1843a998f89b6118499a3e34045ed"}], "teams_full": [{"Barraskewda": {"name": "Barraskewda", "species": "Barraskewda", "speciesId": "barraskewda", "gender": "F", "shiny": false, "level": 81, "moves": ["poisonjab", "closecombat", "waterfall", "flipturn"], "ability": "Swift Swim", "evs": {"hp": 85, "atk": 85, "def": 85, "spa": 85, "spd": 85, "spe": 85}, "ivs": {"hp": 31, "atk": 31, "def": 31, "spa": 31, "spd": 31, "spe": 31}, "item": "Choice Band", "teraType": "Water", "role": "Wallbreaker", "bvs": {"hp": 61, "atk": 123, "def": 60, "spa": 60, "spd": 50, "spe": 136}, "stats": {"hp": 231, "atk": 246, "def": 144, "spa": 144, "spd": 128, "spe": 267}, "types": ["Water"]}, "Metagross": {"name": "Metagross", "species": "Metagross", "speciesId": "metagross", "gender": "N", "shiny": false, "level": 79, "moves": ["psychicfangs", "agility", "heavyslam", "earthquake"], "ability": "Clear Body", "evs": {"hp": 85, "atk": 85, "def": 85, "spa": 85, "spd": 85, "spe": 85}, "ivs": {"hp": 31, "atk": 31, "def": 31, "spa": 31, "spd": 31, "spe": 31}, "item": "Weakness Policy", "teraType": "Ground", "role": "Bulky Setup", "bvs": {"hp": 80, "atk": 135, "def": 130, "spa": 95, "spd": 90, "spe": 70}, "stats": {"hp": 256, "atk": 259, "def": 251, "spa": 196, "spd": 188, "spe": 156}, "types": ["Steel", "Psychic"]}, "Enamorus": {"name": "Enamorus", "species": "Enamorus", "speciesId": "enamorus", "gender": "F", "shiny": false, "level": 79, "moves": ["earthpower", "moonblast", "mysticalfire", "calmmind"], "ability": "Cute Charm", "evs": {"hp": 85, "atk": 0, "def": 85, "spa": 85, "spd": 85, "spe": 85}, "ivs": {"hp": 31, "atk": 0, "def": 31, "spa": 31, "spd": 31, "spe": 31}, "item": "Heavy-Duty Boots", "teraType": "Ground", "role": "Fast Bulky Setup", "bvs": {"hp": 74, "atk": 115, "def": 70, "spa": 135, "spd": 80, "spe": 106}, "stats": {"hp": 247, "atk": 186, "def": 156, "spa": 259, "spd": 172, "spe": 213}, "types": ["Fairy", "Flying"]}, "Deoxys": {"name": "Deoxys", "species": "Deoxys", "speciesId": "deoxys", "gender": "N", "shiny": false, "level": 74, "moves": ["psychoboost", "icebeam", "superpower", "knockoff"], "ability": "Pressure", "evs": {"hp": 85, "atk": 85, "def": 85, "spa": 85, "spd": 85, "spe": 85}, "ivs": {"hp": 31, "atk": 31, "def": 31, "spa": 31, "spd": 31, "spe": 31}, "item": "Life Orb", "teraType": "Fighting", "role": "Wallbreaker", "bvs": {"hp": 50, "atk": 150, "def": 50, "spa": 150, "spd": 50, "spe": 150}, "stats": {"hp": 196, "atk": 265, "def": 117, "spa": 265, "spd": 117, "spe": 265}, "types": ["Psychic"]}, "Greninja": {"name": "Greninja", "species": "Greninja-Bond", "speciesId": "greninjabond", "gender": "M", "shiny": false, "level": 80, "moves": ["icebeam", "darkpulse", "hydropump", "gunkshot"], "ability": "Battle Bond", "evs": {"hp": 85, "atk": 85, "def": 85, "spa": 85, "spd": 85, "spe": 85}, "ivs": {"hp": 31, "atk": 31, "def": 31, "spa": 31, "spd": 31, "spe": 31}, "item": "Life Orb", "teraType": "Poison", "role": "Fast Attacker", "bvs": {"hp": 72, "atk": 95, "def": 67, "spa": 103, "spd": 71, "spe": 122}, "stats": {"hp": 246, "atk": 198, "def": 153, "spa": 211, "spd": 160, "spe": 241}, "types": ["Water", "Dark"]}, "Komala": {"name": "Komala", "species": "Komala", "speciesId": "komala", "gender": "F", "shiny": false, "level": 88, "moves": ["uturn", "bodyslam", "knockoff", "rapidspin"], "ability": "Comatose", "evs": {"hp": 85, "atk": 85, "def": 85, "spa": 85, "spd": 85, "spe": 85}, "ivs": {"hp": 31, "atk": 31, "def": 31, "spa": 31, "spd": 31, "spe": 31}, "item": "Assault Vest", "teraType": "Ghost", "role": "Bulky Support", "bvs": {"hp": 65, "atk": 115, "def": 65, "spa": 75, "spd": 95, "spe": 65}, "stats": {"hp": 258, "atk": 253, "def": 165, "spa": 182, "spd": 217, "spe": 165}, "types": ["Normal"]}}, {"Vileplume": {"name": "Vileplume", "species": "Vileplume", "speciesId": "vileplume", "gender": "F", "shiny": false, "level": 85, "moves": ["sludgebomb", "leechseed", "strengthsap", "gigadrain"], "ability": "Effect Spore", "evs": {"hp": 85, "atk": 0, "def": 85, "spa": 85, "spd": 85, "spe": 85}, "ivs": {"hp": 31, "atk": 0, "def": 31, "spa": 31, "spd": 31, "spe": 31}, "item": "Leftovers", "teraType": "Water", "role": "Bulky Attacker", "bvs": {"hp": 75, "atk": 80, "def": 85, "spa": 110, "spd": 90, "spe": 50}, "stats": {"hp": 266, "atk": 141, "def": 193, "spa": 236, "spd": 202, "spe": 134}, "types": ["Grass", "Poison"]}, "Hippowdon": {"name": "Hippowdon", "species": "Hippowdon", "speciesId": "hippowdon", "gender": "M", "shiny": false, "level": 82, "moves": ["earthquake", "stealthrock", "whirlwind", "slackoff"], "ability": "Sand Stream", "evs": {"hp": 85, "atk": 85, "def": 85, "spa": 85, "spd": 85, "spe": 85}, "ivs": {"hp": 31, "atk": 31, "def": 31, "spa": 31, "spd": 31, "spe": 31}, "item": "Rocky Helmet", "teraType": "Steel", "role": "Bulky Support", "bvs": {"hp": 108, "atk": 112, "def": 118, "spa": 68, "spd": 72, "spe": 47}, "stats": {"hp": 311, "atk": 231, "def": 241, "spa": 159, "spd": 165, "spe": 124}, "types": ["Ground"]}, "Revavroom": {"name": "Revavroom", "species": "Revavroom", "speciesId": "revavroom", "gender": "M", "shiny": false, "level": 79, "moves": ["shiftgear", "gunkshot", "highhorsepower", "ironhead"], "ability": "Filter", "evs": {"hp": 85, "atk": 85, "def": 85, "spa": 85, "spd": 85, "spe": 85}, "ivs": {"hp": 31, "atk": 31, "def": 31, "spa": 31, "spd": 31, "spe": 31}, "item": "Life Orb", "teraType": "Ground", "role": "Fast Attacker", "bvs": {"hp": 80, "atk": 119, "def": 90, "spa": 54, "spd": 67, "spe": 90}, "stats": {"hp": 256, "atk": 234, "def": 188, "spa": 131, "spd": 151, "spe": 188}, "types": ["Steel", "Poison"]}, "Decidueye": {"name": "Decidueye", "species": "Decidueye-Hisui", "speciesId": "decidueyehisui", "gender": "M", "shiny": false, "level": 87, "moves": ["swordsdance", "leafblade", "triplearrows", "roost"], "ability": "Scrappy", "evs": {"hp": 85, "atk": 85, "def": 85, "spa": 85, "spd": 85, "spe": 85}, "ivs": {"hp": 31, "atk": 31, "def": 31, "spa": 31, "spd": 31, "spe": 31}, "item": "Leftovers", "teraType": "Water", "role": "Bulky Attacker", "bvs": {"hp": 88, "atk": 112, "def": 80, "spa": 95, "spd": 95, "spe": 60}, "stats": {"hp": 295, "atk": 245, "def": 189, "spa": 215, "spd": 215, "spe": 154}, "types": ["Grass", "Fighting"]}, "Tauros": {"name": "Tauros", "species": "Tauros", "speciesId": "tauros", "gender": "M", "shiny": false, "level": 82, "moves": ["closecombat", "zenheadbutt", "bodyslam", "throatchop"], "ability": "Sheer Force", "evs": {"hp": 85, "atk": 85, "def": 85, "spa": 85, "spd": 85, "spe": 85}, "ivs": {"hp": 31, "atk": 31, "def": 31, "spa": 31, "spd": 31, "spe": 31}, "item": "Life Orb", "teraType": "Psychic", "role": "Wallbreaker", "bvs": {"hp": 75, "atk": 100, "def": 95, "spa": 40, "spd": 70, "spe": 110}, "stats": {"hp": 257, "atk": 211, "def": 203, "spa": 113, "spd": 162, "spe": 228}, "types": ["Normal"]}, "Gurdurr": {"name": "Gurdurr", "species": "Gurdurr", "speciesId": "gurdurr", "gender": "M", "shiny": false, "level": 85, "moves": ["machpunch", "bulkup", "knockoff", "drainpunch"], "ability": "Guts", "evs": {"hp": 85, "atk": 85, "def": 85, "spa": 85, "spd": 85, "spe": 85}, "ivs": {"hp": 31, "atk": 31, "def": 31, "spa": 31, "spd": 31, "spe": 31}, "item": "Eviolite", "teraType": "Steel", "role": "Bulky Attacker", "bvs": {"hp": 85, "atk": 105, "def": 85, "spa": 40, "spd": 50, "spe": 40}, "stats": {"hp": 283, "atk": 227, "def": 193, "spa": 117, "spd": 134, "spe": 117}, "types": ["Fighting"]}}]}