{"id": "gen9randombattle-2641250451", "format": "[Gen 9] Random Battle", "players": ["ghhb6", "enrikemon"], "log": "|j|\u2606ghhb6\n|j|\u2606enrikemon\n|t:|1782759076\n|gametype|singles\n|player|p1|ghhb6|blue|1040\n|player|p2|enrikemon|170|1011\n|gen|9\n|tier|[Gen 9] Random Battle\n|rated|\n|rule|Species Clause: Limit one of each Pok\u00e9mon\n|rule|HP Percentage Mod: HP is shown in percentages\n|rule|Sleep Clause Mod: Limit one foe put to sleep\n|rule|Illusion Level Mod: Illusion disguises the Pok\u00e9mon's true level\n|\n|t:|1782759076\n|teamsize|p1|6\n|teamsize|p2|6\n|start\n|switch|p1a: Misdreavus|Misdreavus, L90, M|254/254\n|switch|p2a: Pyroar|Pyroar, L88, M|295/295\n|-ability|p2a: Pyroar|Unnerve\n|turn|1\n|inactive|Battle timer is ON: inactive players will automatically lose when time's up. (requested by enrikemon)\n|\n|t:|1782759097\n|switch|p1a: Spectrier|Spectrier, L75|274/274\n|move|p2a: Pyroar|Taunt|p1a: Spectrier\n|-start|p1a: Spectrier|move: Taunt\n|\n|upkeep\n|turn|2\n|\n|t:|1782759107\n|move|p1a: Spectrier|Dark Pulse|p2a: Pyroar\n|-damage|p2a: Pyroar|190/295\n|-damage|p1a: Spectrier|247/274|[from] item: Life Orb\n|move|p2a: Pyroar|Dark Pulse|p1a: Spectrier\n|-supereffective|p1a: Spectrier\n|-damage|p1a: Spectrier|85/274\n|\n|upkeep\n|turn|3\n|\n|t:|1782759115\n|move|p1a: Spectrier|Dark Pulse|p2a: Pyroar\n|-damage|p2a: Pyroar|89/295\n|-damage|p1a: Spectrier|58/274|[from] item: Life Orb\n|move|p2a: Pyroar|Dark Pulse|p1a: Spectrier\n|-supereffective|p1a: Spectrier\n|-damage|p1a: Spectrier|0 fnt\n|faint|p1a: Spectrier\n|\n|upkeep\n|\n|t:|1782759126\n|switch|p1a: Greninja|Greninja, L80, M|246/246\n|turn|4\n|\n|t:|1782759138\n|move|p1a: Greninja|Hydro Pump|p2a: Pyroar\n|-start|p1a: Greninja|typechange|Water|[from] ability: Protean\n|-supereffective|p2a: Pyroar\n|-damage|p2a: Pyroar|0 fnt\n|faint|p2a: Pyroar\n|-damage|p1a: Greninja|222/246|[from] item: Life Orb\n|\n|upkeep\n|\n|t:|1782759140\n|switch|p2a: Klefki|Klefki, L84, M|233/233\n|turn|5\n|\n|t:|1782759154\n|move|p2a: Klefki|Thunder Wave|p1a: Greninja\n|-status|p1a: Greninja|par\n|move|p1a: Greninja|U-turn|p2a: Klefki\n|-resisted|p2a: Klefki\n|-damage|p2a: Klefki|217/233\n|-damage|p1a: Greninja|198/246 par|[from] item: Life Orb\n|\n|t:|1782759164\n|switch|p1a: Mamoswine|Mamoswine, L81, M|311/311|[from] U-turn\n|\n|-heal|p2a: Klefki|231/233|[from] item: Leftovers\n|upkeep\n|turn|6\n|\n|t:|1782759177\n|switch|p2a: Toucannon|Toucannon, L88, M|284/284\n|move|p1a: Mamoswine|Earthquake|p2a: Toucannon\n|-immune|p2a: Toucannon\n|\n|upkeep\n|turn|7\n|\n|t:|1782759187\n|move|p1a: Mamoswine|Ice Shard|p2a: Toucannon\n|-supereffective|p2a: Toucannon\n|-damage|p2a: Toucannon|136/284\n|-damage|p1a: Mamoswine|280/311|[from] item: Life Orb\n|move|p2a: Toucannon|Knock Off|p1a: Mamoswine\n|-damage|p1a: Mamoswine|177/311\n|-enditem|p1a: Mamoswine|Life Orb|[from] move: Knock Off|[of] p2a: Toucannon\n|\n|upkeep\n|turn|8\n|\n|t:|1782759198\n|switch|p2a: Klefki|Klefki, L84, M|231/233\n|move|p1a: Mamoswine|Ice Shard|p2a: Klefki\n|-resisted|p2a: Klefki\n|-damage|p2a: Klefki|207/233\n|\n|-heal|p2a: Klefki|221/233|[from] item: Leftovers\n|upkeep\n|turn|9\n|\n|t:|1782759210\n|-terastallize|p2a: Klefki|Water\n|move|p1a: Mamoswine|Ice Shard|p2a: Klefki\n|-resisted|p2a: Klefki\n|-damage|p2a: Klefki|197/233\n|move|p2a: Klefki|Dazzling Gleam|p1a: Mamoswine\n|-damage|p1a: Mamoswine|84/311\n|\n|-heal|p2a: Klefki|211/233|[from] item: Leftovers\n|upkeep\n|turn|10\n|\n|t:|1782759227\n|move|p1a: Mamoswine|Earthquake|p2a: Klefki\n|-damage|p2a: Klefki|79/233\n|move|p2a: Klefki|Dazzling Gleam|p1a: Mamoswine\n|-damage|p1a: Mamoswine|0 fnt\n|faint|p1a: Mamoswine\n|\n|-heal|p2a: Klefki|93/233|[from] item: Leftovers\n|upkeep\n|\n|t:|1782759246\n|switch|p1a: Hitmonlee|Hitmonlee, L85, M|224/224\n|turn|11\n|\n|t:|1782759252\n|move|p2a: Klefki|Thunder Wave|p1a: Hitmonlee\n|-status|p1a: Hitmonlee|par\n|move|p1a: Hitmonlee|Knock Off|p2a: Klefki\n|-damage|p2a: Klefki|5/233\n|-enditem|p2a: Klefki|Leftovers|[from] move: Knock Off|[of] p1a: Hitmonlee\n|\n|upkeep\n|turn|12\n|\n|t:|1782759263\n|move|p2a: Klefki|Dazzling Gleam|p1a: Hitmonlee\n|-supereffective|p1a: Hitmonlee\n|-damage|p1a: Hitmonlee|108/224 par\n|move|p1a: Hitmonlee|Swords Dance|p1a: Hitmonlee\n|-boost|p1a: Hitmonlee|atk|2\n|\n|upkeep\n|turn|13\n|\n|t:|1782759270\n|move|p2a: Klefki|Dazzling Gleam|p1a: Hitmonlee\n|-supereffective|p1a: Hitmonlee\n|-damage|p1a: Hitmonlee|0 fnt\n|faint|p1a: Hitmonlee\n|\n|upkeep\n|\n|t:|1782759279\n|switch|p1a: Falinks|Falinks, L84|246/246\n|turn|14\n|\n|t:|1782759288\n|move|p2a: Klefki|Thunder Wave|p1a: Falinks\n|-status|p1a: Falinks|par\n|cant|p1a: Falinks|par\n|\n|upkeep\n|turn|15\n|-message|ghhb6 forfeited.\n|\n|win|enrikemon\n|raw|ghhb6's rating: 1040 &rarr; <strong>1023</strong><br />(-17 for losing)\n|raw|enrikemon's rating: 1011 &rarr; <strong>1053</strong><br />(+42 for winning)\n|l|\u2606ghhb6\n|player|p1|\n", "inputlog": ">version f8ac14003a5f27e1bdc8d8c59608a773c1cb96e5\n>start {\"formatid\":\"gen9randombattle\",\"seed\":\"sodium,587a571ab0148216ad9e90c2f5d8bfad\",\"rated\":\"Rated battle\"}\n>player p1 {\"name\":\"ghhb6\",\"avatar\":\"blue\",\"rating\":1040,\"seed\":\"sodium,0af55ab6767706a0dc0ca4b845d2d8d8\"}\n>player p2 {\"name\":\"enrikemon\",\"avatar\":\"170\",\"rating\":1011,\"seed\":\"sodium,6906cbff2397a94c59d4d8a38cf57d05\"}\n>p1 switch 6\n>p2 move taunt\n>p1 move darkpulse\n>p2 move darkpulse\n>p1 move darkpulse\n>p2 move darkpulse\n>p1 switch 3\n>p1 move hydropump\n>p2 move hypervoice\n>p2 switch 4\n>p1 move uturn\n>p2 move thunderwave\n>p1 switch 2\n>p1 move earthquake\n>p2 switch 2\n>p1 move iceshard\n>p2 move knockoff\n>p1 move iceshard\n>p2 switch 2\n>p1 move iceshard\n>p2 move dazzlinggleam terastallize\n>p1 move earthquake\n>p2 move dazzlinggleam\n>p1 switch 5\n>p1 move knockoff\n>p2 move thunderwave\n>p1 move swordsdance\n>p2 move dazzlinggleam\n>p1 move knockoff\n>p2 move dazzlinggleam\n>p1 switch 4\n>p1 move closecombat\n>p2 move thunderwave\n>forcelose p1", "uploadtime": 1782759298, "views": 6, "formatid": "gen9randombattle", "rating": 1023, "private": 0, "password": null, "player_dets": [{"name": "ghhb6", "avatar": "blue", "rating": 1040, "seed": "sodium,0af55ab6767706a0dc0ca4b845d2d8d8"}, {"name": "enrikemon", "avatar": "170", "rating": 1011, "seed": "sodium,6906cbff2397a94c59d4d8a38cf57d05"}], "teams_full": [{"Misdreavus": {"name": "Misdreavus", "species": "Misdreavus", "speciesId": "misdreavus", "gender": "M", "shiny": false, "level": 90, "moves": ["shadowball", "drainingkiss", "calmmind", "willowisp"], "ability": "Levitate", "evs": {"hp": 85, "atk": 0, "def": 85, "spa": 85, "spd": 85, "spe": 85}, "ivs": {"hp": 31, "atk": 0, "def": 31, "spa": 31, "spd": 31, "spe": 31}, "item": "Eviolite", "teraType": "Fairy", "role": "Bulky Setup", "bvs": {"hp": 60, "atk": 60, "def": 60, "spa": 85, "spd": 85, "spe": 85}, "stats": {"hp": 254, "atk": 113, "def": 159, "spa": 204, "spd": 204, "spe": 204}, "types": ["Ghost"]}, "Mamoswine": {"name": "Mamoswine", "species": "Mamoswine", "speciesId": "mamoswine", "gender": "M", "shiny": false, "level": 81, "moves": ["iceshard", "earthquake", "iciclecrash", "stealthrock"], "ability": "Thick Fat", "evs": {"hp": 85, "atk": 85, "def": 85, "spa": 85, "spd": 85, "spe": 85}, "ivs": {"hp": 31, "atk": 31, "def": 31, "spa": 31, "spd": 31, "spe": 31}, "item": "Life Orb", "teraType": "Ground", "role": "Wallbreaker", "bvs": {"hp": 110, "atk": 130, "def": 80, "spa": 70, "spd": 60, "spe": 80}, "stats": {"hp": 311, "atk": 257, "def": 176, "spa": 160, "spd": 144, "spe": 176}, "types": ["Ice", "Ground"]}, "Greninja": {"name": "Greninja", "species": "Greninja", "speciesId": "greninja", "gender": "M", "shiny": false, "level": 80, "moves": ["gunkshot", "darkpulse", "uturn", "hydropump"], "ability": "Protean", "evs": {"hp": 85, "atk": 85, "def": 85, "spa": 85, "spd": 85, "spe": 85}, "ivs": {"hp": 31, "atk": 31, "def": 31, "spa": 31, "spd": 31, "spe": 31}, "item": "Life Orb", "teraType": "Water", "role": "Fast Attacker", "bvs": {"hp": 72, "atk": 95, "def": 67, "spa": 103, "spd": 71, "spe": 122}, "stats": {"hp": 246, "atk": 198, "def": 153, "spa": 211, "spd": 160, "spe": 241}, "types": ["Water", "Dark"]}, "Falinks": {"name": "Falinks", "species": "Falinks", "speciesId": "falinks", "gender": "N", "shiny": false, "level": 84, "moves": ["ironhead", "knockoff", "noretreat", "closecombat"], "ability": "Defiant", "evs": {"hp": 85, "atk": 85, "def": 85, "spa": 85, "spd": 85, "spe": 85}, "ivs": {"hp": 31, "atk": 31, "def": 31, "spa": 31, "spd": 31, "spe": 31}, "item": "Life Orb", "teraType": "Dark", "role": "Setup Sweeper", "bvs": {"hp": 65, "atk": 100, "def": 100, "spa": 70, "spd": 60, "spe": 75}, "stats": {"hp": 246, "atk": 216, "def": 216, "spa": 166, "spd": 149, "spe": 174}, "types": ["Fighting"]}, "Hitmonlee": {"name": "Hitmonlee", "species": "Hitmonlee", "speciesId": "hitmonlee", "gender": "M", "shiny": false, "level": 85, "moves": ["swordsdance", "knockoff", "stoneedge", "closecombat"], "ability": "Unburden", "evs": {"hp": 85, "atk": 85, "def": 85, "spa": 85, "spd": 85, "spe": 85}, "ivs": {"hp": 31, "atk": 31, "def": 31, "spa": 31, "spd": 31, "spe": 31}, "item": "White Herb", "teraType": "Fighting", "role": "Setup Sweeper", "bvs": {"hp": 50, "atk": 120, "def": 53, "spa": 35, "spd": 110, "spe": 87}, "stats": {"hp": 224, "atk": 253, "def": 139, "spa": 108, "spd": 236, "spe": 197}, "types": ["Fighting"]}, "Spectrier": {"name": "Spectrier", "species": "Spectrier", "speciesId": "spectrier", "gender": "N", "shiny": false, "level": 75, "moves": ["willowisp", "nastyplot", "shadowball", "darkpulse"], "ability": "Grim Neigh", "evs": {"hp": 85, "atk": 0, "def": 85, "spa": 85, "spd": 85, "spe": 85}, "ivs": {"hp": 31, "atk": 0, "def": 31, "spa": 31, "spd": 31, "spe": 31}, "item": "Life Orb", "teraType": "Dark", "role": "Setup Sweeper", "bvs": {"hp": 100, "atk": 65, "def": 60, "spa": 145, "spd": 80, "spe": 130}, "stats": {"hp": 274, "atk": 102, "def": 134, "spa": 261, "spd": 164, "spe": 239}, "types": ["Ghost"]}}, {"Pyroar": {"name": "Pyroar", "species": "Pyroar", "speciesId": "pyroar", "gender": "M", "shiny": false, "level": 88, "moves": ["fireblast", "taunt", "hypervoice", "darkpulse"], "ability": "Unnerve", "evs": {"hp": 85, "atk": 0, "def": 85, "spa": 85, "spd": 85, "spe": 85}, "ivs": {"hp": 31, "atk": 0, "def": 31, "spa": 31, "spd": 31, "spe": 31}, "item": "Heavy-Duty Boots", "teraType": "Fire", "role": "Fast Attacker", "bvs": {"hp": 86, "atk": 68, "def": 72, "spa": 109, "spd": 66, "spe": 106}, "stats": {"hp": 295, "atk": 124, "def": 177, "spa": 242, "spd": 166, "spe": 237}, "types": ["Fire", "Normal"]}, "Toucannon": {"name": "Toucannon", "species": "Toucannon", "speciesId": "toucannon", "gender": "M", "shiny": false, "level": 88, "moves": ["roost", "boomburst", "knockoff", "beakblast"], "ability": "Keen Eye", "evs": {"hp": 85, "atk": 85, "def": 85, "spa": 85, "spd": 85, "spe": 85}, "ivs": {"hp": 31, "atk": 31, "def": 31, "spa": 31, "spd": 31, "spe": 31}, "item": "Heavy-Duty Boots", "teraType": "Steel", "role": "Bulky Support", "bvs": {"hp": 80, "atk": 120, "def": 75, "spa": 75, "spd": 75, "spe": 60}, "stats": {"hp": 284, "atk": 261, "def": 182, "spa": 182, "spd": 182, "spe": 156}, "types": ["Normal", "Flying"]}, "Magcargo": {"name": "Magcargo", "species": "Magcargo", "speciesId": "magcargo", "gender": "F", "shiny": false, "level": 95, "moves": ["powergem", "earthpower", "shellsmash", "fireblast"], "ability": "Weak Armor", "evs": {"hp": 85, "atk": 0, "def": 85, "spa": 85, "spd": 85, "spe": 85}, "ivs": {"hp": 31, "atk": 0, "def": 31, "spa": 31, "spd": 31, "spe": 31}, "item": "Heavy-Duty Boots", "teraType": "Dragon", "role": "Setup Sweeper", "bvs": {"hp": 60, "atk": 50, "def": 120, "spa": 90, "spd": 80, "spe": 30}, "stats": {"hp": 268, "atk": 100, "def": 282, "spa": 225, "spd": 206, "spe": 111}, "types": ["Fire", "Rock"]}, "Klefki": {"name": "Klefki", "species": "Klefki", "speciesId": "klefki", "gender": "M", "shiny": false, "level": 84, "moves": ["spikes", "thunderwave", "foulplay", "dazzlinggleam"], "ability": "Prankster", "evs": {"hp": 85, "atk": 0, "def": 85, "spa": 85, "spd": 85, "spe": 85}, "ivs": {"hp": 31, "atk": 0, "def": 31, "spa": 31, "spd": 31, "spe": 31}, "item": "Leftovers", "teraType": "Water", "role": "Bulky Attacker", "bvs": {"hp": 57, "atk": 80, "def": 91, "spa": 80, "spd": 87, "spe": 75}, "stats": {"hp": 233, "atk": 139, "def": 201, "spa": 183, "spd": 194, "spe": 174}, "types": ["Steel", "Fairy"]}, "Banette": {"name": "Banette", "species": "Banette", "speciesId": "banette", "gender": "F", "shiny": false, "level": 93, "moves": ["shadowsneak", "poltergeist", "thunderwave", "gunkshot"], "ability": "Cursed Body", "evs": {"hp": 85, "atk": 85, "def": 85, "spa": 85, "spd": 85, "spe": 85}, "ivs": {"hp": 31, "atk": 31, "def": 31, "spa": 31, "spd": 31, "spe": 31}, "item": "Life Orb", "teraType": "Ghost", "role": "Wallbreaker", "bvs": {"hp": 64, "atk": 115, "def": 65, "spa": 83, "spd": 63, "spe": 65}, "stats": {"hp": 270, "atk": 267, "def": 174, "spa": 207, "spd": 170, "spe": 174}, "types": ["Ghost"]}, "Iron Valiant": {"name": "Iron Valiant", "species": "Iron Valiant", "speciesId": "ironvaliant", "gender": "N", "shiny": false, "level": 78, "moves": ["knockoff", "closecombat", "encore", "moonblast"], "ability": "Quark Drive", "evs": {"hp": 85, "atk": 85, "def": 85, "spa": 85, "spd": 85, "spe": 85}, "ivs": {"hp": 31, "atk": 31, "def": 31, "spa": 31, "spd": 31, "spe": 31}, "item": "Life Orb", "teraType": "Fairy", "role": "Wallbreaker", "bvs": {"hp": 74, "atk": 130, "def": 90, "spa": 120, "spd": 60, "spe": 116}, "stats": {"hp": 244, "atk": 248, "def": 185, "spa": 232, "spd": 139, "spe": 226}, "types": ["Fairy", "Fighting"]}}]}