{"id": "gen9randombattle-2641449597", "format": "[Gen 9] Random Battle", "players": ["Obaidelphox", "aofoxygen"], "log": "|j|\u2606Obaidelphox\n|j|\u203daofoxygen\n|t:|1782786526\n|gametype|singles\n|player|p1|Obaidelphox|266|1953\n|player|p2|aofoxygen|265|1958\n|gen|9\n|tier|[Gen 9] Random Battle\n|rated|\n|rule|Species Clause: Limit one of each Pok\u00e9mon\n|rule|HP Percentage Mod: HP is shown in percentages\n|rule|Sleep Clause Mod: Limit one foe put to sleep\n|rule|Illusion Level Mod: Illusion disguises the Pok\u00e9mon's true level\n|\n|t:|1782786526\n|teamsize|p1|6\n|teamsize|p2|6\n|start\n|switch|p1a: Palafin|Palafin, L77, M|281/281\n|switch|p2a: Alomomola|Alomomola, L87, F|429/429\n|turn|1\n|\n|t:|1782786553\n|detailschange|p1a: Palafin|Palafin-Hero, L77, M\n|switch|p1a: Lumineon|Lumineon, L93, M|279/279\n|move|p2a: Alomomola|Scald|p1a: Lumineon\n|-ability|p1a: Lumineon|Storm Drain|boost\n|-boost|p1a: Lumineon|spa|1\n|\n|upkeep\n|turn|2\n|inactive|Battle timer is ON: inactive players will automatically lose when time's up. (requested by aofoxygen)\n|\n|t:|1782786615\n|switch|p2a: Palafin|Palafin, L77, F|281/281\n|move|p1a: Lumineon|Alluring Voice|p2a: Palafin\n|-damage|p2a: Palafin|146/281\n|-damage|p1a: Lumineon|252/279|[from] item: Life Orb\n|\n|-heal|p2a: Palafin|163/281|[from] item: Leftovers\n|upkeep\n|turn|3\n|inactive|aofoxygen has 120 seconds left.\n|\n|t:|1782786671\n|detailschange|p2a: Palafin|Palafin-Hero, L77, F\n|switch|p2a: Alomomola|Alomomola, L87, F|429/429\n|move|p1a: Lumineon|Hydro Pump|p2a: Alomomola\n|-resisted|p2a: Alomomola\n|-damage|p2a: Alomomola|261/429\n|-damage|p1a: Lumineon|225/279|[from] item: Life Orb\n|\n|-heal|p2a: Alomomola|287/429|[from] item: Leftovers\n|upkeep\n|turn|4\n|\n|t:|1782786693\n|move|p1a: Lumineon|Alluring Voice|p2a: Alomomola\n|-damage|p2a: Alomomola|136/429\n|-damage|p1a: Lumineon|198/279|[from] item: Life Orb\n|move|p2a: Alomomola|Wish|p2a: Alomomola\n|\n|-heal|p2a: Alomomola|162/429|[from] item: Leftovers\n|upkeep\n|turn|5\n|\n|t:|1782786698\n|switch|p1a: Palafin|Palafin-Hero, L77, M|281/281\n|-activate|p1a: Palafin|ability: Zero to Hero\n|switch|p2a: Palafin|Palafin-Hero, L77, F|163/281\n|-activate|p2a: Palafin|ability: Zero to Hero\n|\n|-heal|p2a: Palafin|281/281|[from] move: Wish|[wisher] Alomomola\n|upkeep\n|turn|6\n|inactive|aofoxygen has 120 seconds left.\n|\n|t:|1782786704\n|move|p1a: Palafin|Flip Turn|p2a: Palafin\n|-resisted|p2a: Palafin\n|-damage|p2a: Palafin|224/281\n|\n|t:|1782786707\n|switch|p1a: Lumineon|Lumineon, L93, M|198/279|[from] Flip Turn\n|move|p2a: Palafin|Bulk Up|p2a: Palafin\n|-boost|p2a: Palafin|atk|1\n|-boost|p2a: Palafin|def|1\n|\n|-heal|p2a: Palafin|241/281|[from] item: Leftovers\n|upkeep\n|turn|7\n|\n|t:|1782786710\n|move|p1a: Lumineon|Encore|p2a: Palafin\n|-start|p2a: Palafin|Encore\n|move|p2a: Palafin|Bulk Up|p2a: Palafin\n|-boost|p2a: Palafin|atk|1\n|-boost|p2a: Palafin|def|1\n|\n|-heal|p2a: Palafin|258/281|[from] item: Leftovers\n|upkeep\n|turn|8\n|\n|t:|1782786716\n|switch|p1a: Golem|Golem, L87, F|281/281\n|move|p2a: Palafin|Bulk Up|p2a: Palafin\n|-boost|p2a: Palafin|atk|1\n|-boost|p2a: Palafin|def|1\n|\n|-heal|p2a: Palafin|275/281|[from] item: Leftovers\n|upkeep\n|turn|9\n|\n|t:|1782786719\n|move|p2a: Palafin|Bulk Up|p2a: Palafin\n|-boost|p2a: Palafin|atk|1\n|-boost|p2a: Palafin|def|1\n|move|p1a: Golem|Stealth Rock|p2a: Palafin\n|-sidestart|p2: aofoxygen|move: Stealth Rock\n|\n|-heal|p2a: Palafin|281/281|[from] item: Leftovers\n|-end|p2a: Palafin|Encore\n|upkeep\n|turn|10\n|inactive|Obaidelphox has 120 seconds left.\n|\n|t:|1782786757\n|move|p2a: Palafin|Ice Punch|p1a: Golem\n|-supereffective|p1a: Golem\n|-ability|p1a: Golem|Sturdy\n|-damage|p1a: Golem|1/281\n|move|p1a: Golem|Explosion|p2a: Palafin\n|-damage|p2a: Palafin|206/281\n|faint|p1a: Golem\n|\n|-heal|p2a: Palafin|223/281|[from] item: Leftovers\n|upkeep\n|\n|t:|1782786767\n|switch|p1a: Lumineon|Lumineon, L93, M|198/279\n|turn|11\n|\n|t:|1782786774\n|move|p1a: Lumineon|Alluring Voice|p2a: Palafin\n|-damage|p2a: Palafin|150/281\n|-damage|p1a: Lumineon|171/279|[from] item: Life Orb\n|move|p2a: Palafin|Ice Punch|p1a: Lumineon\n|-resisted|p1a: Lumineon\n|-damage|p1a: Lumineon|78/279\n|-status|p1a: Lumineon|frz\n|\n|-heal|p2a: Palafin|167/281|[from] item: Leftovers\n|upkeep\n|turn|12\n|\n|t:|1782786780\n|cant|p1a: Lumineon|frz\n|move|p2a: Palafin|Bulk Up|p2a: Palafin\n|-boost|p2a: Palafin|atk|1\n|-boost|p2a: Palafin|def|1\n|\n|-heal|p2a: Palafin|184/281|[from] item: Leftovers\n|upkeep\n|turn|13\n|\n|t:|1782786783\n|cant|p1a: Lumineon|frz\n|move|p2a: Palafin|Bulk Up|p2a: Palafin\n|-boost|p2a: Palafin|atk|1\n|-boost|p2a: Palafin|def|1\n|\n|-heal|p2a: Palafin|201/281|[from] item: Leftovers\n|upkeep\n|turn|14\n|\n|t:|1782786786\n|-curestatus|p1a: Lumineon|frz|[msg]\n|move|p1a: Lumineon|Encore|p2a: Palafin\n|-start|p2a: Palafin|Encore\n|move|p2a: Palafin|Bulk Up|p2a: Palafin\n|-boost|p2a: Palafin|atk|0\n|-boost|p2a: Palafin|def|0\n|\n|-heal|p2a: Palafin|218/281|[from] item: Leftovers\n|upkeep\n|turn|15\n|\n|t:|1782786789\n|move|p1a: Lumineon|Alluring Voice|p2a: Palafin\n|-damage|p2a: Palafin|134/281\n|-damage|p1a: Lumineon|51/279|[from] item: Life Orb\n|move|p2a: Palafin|Bulk Up|p2a: Palafin\n|-boost|p2a: Palafin|atk|0\n|-boost|p2a: Palafin|def|0\n|\n|-heal|p2a: Palafin|151/281|[from] item: Leftovers\n|upkeep\n|turn|16\n|\n|t:|1782786794\n|move|p1a: Lumineon|Alluring Voice|p2a: Palafin\n|-damage|p2a: Palafin|80/281\n|-damage|p1a: Lumineon|24/279|[from] item: Life Orb\n|move|p2a: Palafin|Bulk Up|p2a: Palafin\n|-boost|p2a: Palafin|atk|0\n|-boost|p2a: Palafin|def|0\n|\n|-heal|p2a: Palafin|97/281|[from] item: Leftovers\n|-end|p2a: Palafin|Encore\n|upkeep\n|turn|17\n|\n|t:|1782786797\n|move|p1a: Lumineon|Alluring Voice|p2a: Palafin\n|-damage|p2a: Palafin|26/281\n|-damage|p1a: Lumineon|0 fnt|[from] item: Life Orb\n|faint|p1a: Lumineon\n|move|p2a: Palafin|Ice Punch|p1: Lumineon|[notarget]\n|-fail|p2a: Palafin\n|\n|-heal|p2a: Palafin|43/281|[from] item: Leftovers\n|upkeep\n|-message|Obaidelphox forfeited.\n|\n|win|aofoxygen\n", "inputlog": ">version f8ac14003a5f27e1bdc8d8c59608a773c1cb96e5\n>start {\"formatid\":\"gen9randombattle\",\"seed\":\"sodium,6e9f0aed00239627df7014b64d5bf393\",\"rated\":\"Rated battle\"}\n>player p1 {\"name\":\"Obaidelphox\",\"avatar\":\"266\",\"rating\":1953,\"seed\":\"sodium,c789a3502f33bae9999ce027419b0a3d\"}\n>player p2 {\"name\":\"aofoxygen\",\"avatar\":\"265\",\"rating\":1958,\"seed\":\"sodium,c06746c6a64d0274d353cb9db0c69670\"}\n>p1 switch 2\n>p2 move scald\n>p1 move alluringvoice\n>p2 switch 2\n>p1 move hydropump\n>p2 switch 2\n>p1 move alluringvoice\n>p2 move wish\n>p1 switch 2\n>p2 switch 2\n>p1 move flipturn\n>p2 move bulkup\n>p1 switch 2\n>p1 move encore\n>p2 move icepunch\n>p1 switch 4\n>p2 move bulkup\n>p1 move stealthrock\n>p2 move bulkup\n>p1 move explosion\n>p2 move icepunch\n>p1 switch 4\n>p1 move alluringvoice\n>p2 move icepunch\n>p1 move alluringvoice\n>p2 move bulkup\n>p1 move encore\n>p2 move bulkup\n>p1 move encore\n>p2 move icepunch\n>p1 move alluringvoice\n>p2 move bulkup\n>p1 move alluringvoice\n>p2 move bulkup\n>p1 move alluringvoice\n>p2 move icepunch\n>forcelose p1", "uploadtime": 1782786528, "views": 3, "formatid": "gen9randombattle", "rating": null, "private": 0, "password": null, "player_dets": [{"name": "Obaidelphox", "avatar": "266", "rating": 1953, "seed": "sodium,c789a3502f33bae9999ce027419b0a3d"}, {"name": "aofoxygen", "avatar": "265", "rating": 1958, "seed": "sodium,c06746c6a64d0274d353cb9db0c69670"}], "teams_full": [{"Palafin": {"name": "Palafin", "species": "Palafin", "speciesId": "palafin", "gender": "M", "shiny": false, "level": 77, "moves": ["jetpunch", "closecombat", "flipturn", "wavecrash"], "ability": "Zero to Hero", "evs": {"hp": 85, "atk": 85, "def": 85, "spa": 85, "spd": 85, "spe": 85}, "ivs": {"hp": 31, "atk": 31, "def": 31, "spa": 31, "spd": 31, "spe": 31}, "item": "Choice Band", "teraType": "Water", "role": "Wallbreaker", "bvs": {"hp": 100, "atk": 70, "def": 72, "spa": 53, "spd": 62, "spe": 100}, "stats": {"hp": 281, "atk": 152, "def": 155, "spa": 126, "spd": 140, "spe": 199}, "types": ["Water"]}, "Lumineon": {"name": "Lumineon", "species": "Lumineon", "speciesId": "lumineon", "gender": "M", "shiny": false, "level": 93, "moves": ["alluringvoice", "icebeam", "hydropump", "encore"], "ability": "Storm Drain", "evs": {"hp": 85, "atk": 0, "def": 85, "spa": 85, "spd": 85, "spe": 85}, "ivs": {"hp": 31, "atk": 0, "def": 31, "spa": 31, "spd": 31, "spe": 31}, "item": "Life Orb", "teraType": "Water", "role": "Fast Attacker", "bvs": {"hp": 69, "atk": 69, "def": 76, "spa": 69, "spd": 86, "spe": 91}, "stats": {"hp": 279, "atk": 133, "def": 194, "spa": 181, "spd": 213, "spe": 222}, "types": ["Water"]}, "Venomoth": {"name": "Venomoth", "species": "Venomoth", "speciesId": "venomoth", "gender": "F", "shiny": false, "level": 84, "moves": ["quiverdance", "sleeppowder", "sludgewave", "bugbuzz"], "ability": "Tinted Lens", "evs": {"hp": 85, "atk": 0, "def": 85, "spa": 85, "spd": 85, "spe": 85}, "ivs": {"hp": 31, "atk": 0, "def": 31, "spa": 31, "spd": 31, "spe": 31}, "item": "Heavy-Duty Boots", "teraType": "Steel", "role": "Setup Sweeper", "bvs": {"hp": 70, "atk": 65, "def": 60, "spa": 90, "spd": 75, "spe": 90}, "stats": {"hp": 255, "atk": 114, "def": 149, "spa": 199, "spd": 174, "spe": 199}, "types": ["Bug", "Poison"]}, "Golem": {"name": "Golem", "species": "Golem", "speciesId": "golem", "gender": "F", "shiny": false, "level": 87, "moves": ["stoneedge", "explosion", "earthquake", "stealthrock"], "ability": "Sturdy", "evs": {"hp": 85, "atk": 85, "def": 85, "spa": 85, "spd": 85, "spe": 85}, "ivs": {"hp": 31, "atk": 31, "def": 31, "spa": 31, "spd": 31, "spe": 31}, "item": "Custap Berry", "teraType": "Grass", "role": "Bulky Attacker", "bvs": {"hp": 80, "atk": 120, "def": 130, "spa": 55, "spd": 65, "spe": 45}, "stats": {"hp": 281, "atk": 259, "def": 276, "spa": 145, "spd": 163, "spe": 128}, "types": ["Rock", "Ground"]}, "Weavile": {"name": "Weavile", "species": "Weavile", "speciesId": "weavile", "gender": "F", "shiny": false, "level": 79, "moves": ["iceshard", "lowkick", "knockoff", "tripleaxel"], "ability": "Pickpocket", "evs": {"hp": 81, "atk": 85, "def": 85, "spa": 85, "spd": 85, "spe": 85}, "ivs": {"hp": 31, "atk": 31, "def": 31, "spa": 31, "spd": 31, "spe": 31}, "item": "Choice Band", "teraType": "Fighting", "role": "Fast Attacker", "bvs": {"hp": 70, "atk": 120, "def": 65, "spa": 45, "spd": 85, "spe": 125}, "stats": {"hp": 239, "atk": 235, "def": 148, "spa": 117, "spd": 180, "spe": 243}, "types": ["Dark", "Ice"]}, "Flygon": {"name": "Flygon", "species": "Flygon", "speciesId": "flygon", "gender": "F", "shiny": false, "level": 82, "moves": ["dragondance", "outrage", "earthquake", "stoneedge"], "ability": "Levitate", "evs": {"hp": 85, "atk": 85, "def": 85, "spa": 85, "spd": 85, "spe": 85}, "ivs": {"hp": 31, "atk": 31, "def": 31, "spa": 31, "spd": 31, "spe": 31}, "item": "Lum Berry", "teraType": "Steel", "role": "Fast Attacker", "bvs": {"hp": 80, "atk": 100, "def": 80, "spa": 80, "spd": 80, "spe": 100}, "stats": {"hp": 265, "atk": 211, "def": 178, "spa": 178, "spd": 178, "spe": 211}, "types": ["Ground", "Dragon"]}}, {"Alomomola": {"name": "Alomomola", "species": "Alomomola", "speciesId": "alomomola", "gender": "F", "shiny": false, "level": 87, "moves": ["wish", "flipturn", "scald", "protect"], "ability": "Regenerator", "evs": {"hp": 85, "atk": 85, "def": 85, "spa": 85, "spd": 85, "spe": 85}, "ivs": {"hp": 31, "atk": 31, "def": 31, "spa": 31, "spd": 31, "spe": 31}, "item": "Leftovers", "teraType": "Steel", "role": "Bulky Support", "bvs": {"hp": 165, "atk": 75, "def": 80, "spa": 40, "spd": 45, "spe": 65}, "stats": {"hp": 429, "atk": 180, "def": 189, "spa": 119, "spd": 128, "spe": 163}, "types": ["Water"]}, "Palafin": {"name": "Palafin", "species": "Palafin", "speciesId": "palafin", "gender": "F", "shiny": false, "level": 77, "moves": ["wavecrash", "icepunch", "jetpunch", "bulkup"], "ability": "Zero to Hero", "evs": {"hp": 85, "atk": 85, "def": 85, "spa": 85, "spd": 85, "spe": 85}, "ivs": {"hp": 31, "atk": 31, "def": 31, "spa": 31, "spd": 31, "spe": 31}, "item": "Leftovers", "teraType": "Dragon", "role": "Bulky Setup", "bvs": {"hp": 100, "atk": 70, "def": 72, "spa": 53, "spd": 62, "spe": 100}, "stats": {"hp": 281, "atk": 152, "def": 155, "spa": 126, "spd": 140, "spe": 199}, "types": ["Water"]}, "Oricorio": {"name": "Oricorio", "species": "Oricorio-Pa'u", "speciesId": "oricoriopau", "gender": "F", "shiny": false, "level": 87, "moves": ["hurricane", "roost", "quiverdance", "revelationdance"], "ability": "Dancer", "evs": {"hp": 85, "atk": 0, "def": 85, "spa": 85, "spd": 85, "spe": 85}, "ivs": {"hp": 31, "atk": 0, "def": 31, "spa": 31, "spd": 31, "spe": 31}, "item": "Heavy-Duty Boots", "teraType": "Ground", "role": "Setup Sweeper", "bvs": {"hp": 75, "atk": 70, "def": 70, "spa": 98, "spd": 70, "spe": 93}, "stats": {"hp": 272, "atk": 126, "def": 172, "spa": 220, "spd": 172, "spe": 212}, "types": ["Psychic", "Flying"]}, "Tropius": {"name": "Tropius", "species": "Tropius", "speciesId": "tropius", "gender": "F", "shiny": false, "level": 91, "moves": ["dragondance", "leafblade", "dualwingbeat", "earthquake"], "ability": "Harvest", "evs": {"hp": 85, "atk": 85, "def": 85, "spa": 85, "spd": 85, "spe": 85}, "ivs": {"hp": 31, "atk": 31, "def": 31, "spa": 31, "spd": 31, "spe": 31}, "item": "Sitrus Berry", "teraType": "Ground", "role": "Setup Sweeper", "bvs": {"hp": 99, "atk": 68, "def": 83, "spa": 72, "spd": 87, "spe": 51}, "stats": {"hp": 328, "atk": 176, "def": 203, "spa": 183, "spd": 210, "spe": 145}, "types": ["Grass", "Flying"]}, "Porygon-Z": {"name": "Porygon-Z", "species": "Porygon-Z", "speciesId": "porygonz", "gender": "N", "shiny": false, "level": 83, "moves": ["thunderbolt", "trick", "triattack", "icebeam"], "ability": "Adaptability", "evs": {"hp": 85, "atk": 0, "def": 85, "spa": 85, "spd": 85, "spe": 85}, "ivs": {"hp": 31, "atk": 0, "def": 31, "spa": 31, "spd": 31, "spe": 31}, "item": "Choice Scarf", "teraType": "Electric", "role": "Fast Attacker", "bvs": {"hp": 85, "atk": 80, "def": 70, "spa": 135, "spd": 75, "spe": 90}, "stats": {"hp": 277, "atk": 137, "def": 164, "spa": 272, "spd": 172, "spe": 197}, "types": ["Normal"]}, "Iron Crown": {"name": "Iron Crown", "species": "Iron Crown", "speciesId": "ironcrown", "gender": "N", "shiny": false, "level": 78, "moves": ["psyshock", "voltswitch", "focusblast", "tachyoncutter"], "ability": "Quark Drive", "evs": {"hp": 85, "atk": 0, "def": 85, "spa": 85, "spd": 85, "spe": 85}, "ivs": {"hp": 31, "atk": 0, "def": 31, "spa": 31, "spd": 31, "spe": 31}, "item": "Choice Specs", "teraType": "Steel", "role": "Wallbreaker", "bvs": {"hp": 90, "atk": 72, "def": 100, "spa": 122, "spd": 108, "spe": 98}, "stats": {"hp": 268, "atk": 117, "def": 201, "spa": 235, "spd": 214, "spe": 198}, "types": ["Steel", "Psychic"]}}]}