{"id": "gen9randombattle-2641361462", "format": "[Gen 9] Random Battle", "players": ["indias last hope", "notmetbh102"], "log": "|j|\u2606indias last hope\n|j|\u2606notmetbh102\n|t:|1782772995\n|gametype|singles\n|player|p1|indias last hope|policeman-gen4|2188\n|player|p2|notmetbh102|2|2156\n|gen|9\n|tier|[Gen 9] Random Battle\n|rated|\n|rule|Species Clause: Limit one of each Pok\u00e9mon\n|rule|HP Percentage Mod: HP is shown in percentages\n|rule|Sleep Clause Mod: Limit one foe put to sleep\n|rule|Illusion Level Mod: Illusion disguises the Pok\u00e9mon's true level\n|\n|t:|1782772995\n|teamsize|p1|6\n|teamsize|p2|6\n|start\n|switch|p1a: Ceruledge|Ceruledge, L78, M|245/245\n|switch|p2a: Alomomola|Alomomola, L87, M|429/429\n|turn|1\n|inactive|Battle timer is ON: inactive players will automatically lose when time's up. (requested by notmetbh102)\n|c|\u2606notmetbh102|hf\n|\n|t:|1782773007\n|switch|p1a: Brute Bonnet|Brute Bonnet, L80|309/309\n|move|p2a: Alomomola|Scald|p1a: Brute Bonnet\n|-resisted|p1a: Brute Bonnet\n|-damage|p1a: Brute Bonnet|288/309\n|-status|p1a: Brute Bonnet|brn\n|\n|-heal|p1a: Brute Bonnet|307/309 brn|[from] item: Leftovers\n|-damage|p1a: Brute Bonnet|288/309 brn|[from] brn\n|upkeep\n|turn|2\n|\n|t:|1782773009\n|move|p2a: Alomomola|Flip Turn|p1a: Brute Bonnet\n|-resisted|p1a: Brute Bonnet\n|-crit|p1a: Brute Bonnet\n|-damage|p1a: Brute Bonnet|249/309 brn\n|\n|t:|1782773010\n|switch|p2a: Hitmontop|Hitmontop, L88, M|231/231|[from] Flip Turn\n|move|p1a: Brute Bonnet|Spore|p2a: Hitmontop\n|-status|p2a: Hitmontop|slp|[from] move: Spore\n|\n|-heal|p1a: Brute Bonnet|268/309 brn|[from] item: Leftovers\n|-damage|p1a: Brute Bonnet|249/309 brn|[from] brn\n|upkeep\n|turn|3\n|\n|t:|1782773016\n|switch|p2a: Alomomola|Alomomola, L87, M|429/429\n|-end|p1a: Brute Bonnet|Protosynthesis|[silent]\n|switch|p1a: Bronzong|Bronzong, L88|261/261\n|\n|upkeep\n|turn|4\n|\n|t:|1782773018\n|switch|p2a: Clawitzer|Clawitzer, L87, F|265/265\n|move|p1a: Bronzong|Iron Defense|p1a: Bronzong\n|-boost|p1a: Bronzong|def|2\n|\n|upkeep\n|turn|5\n|\n|t:|1782773023\n|switch|p1a: Brute Bonnet|Brute Bonnet, L80|249/309 brn\n|move|p2a: Clawitzer|Water Pulse|p1a: Brute Bonnet\n|-resisted|p1a: Brute Bonnet\n|-damage|p1a: Brute Bonnet|164/309 brn\n|\n|-heal|p1a: Brute Bonnet|183/309 brn|[from] item: Leftovers\n|-damage|p1a: Brute Bonnet|164/309 brn|[from] brn\n|upkeep\n|turn|6\n|\n|t:|1782773027\n|-end|p1a: Brute Bonnet|Protosynthesis|[silent]\n|switch|p1a: Bronzong|Bronzong, L88|261/261\n|move|p2a: Clawitzer|Water Pulse|p1a: Bronzong\n|-damage|p1a: Bronzong|117/261\n|\n|-heal|p1a: Bronzong|133/261|[from] item: Leftovers\n|upkeep\n|turn|7\n|\n|t:|1782773030\n|switch|p1a: Suicune|Suicune, L82|298/298\n|-ability|p1a: Suicune|Pressure\n|move|p2a: Clawitzer|Water Pulse|p1a: Suicune\n|-resisted|p1a: Suicune\n|-damage|p1a: Suicune|227/298\n|\n|-heal|p1a: Suicune|245/298|[from] item: Leftovers\n|upkeep\n|turn|8\n|\n|t:|1782773032\n|move|p1a: Suicune|Calm Mind|p1a: Suicune\n|-boost|p1a: Suicune|spa|1\n|-boost|p1a: Suicune|spd|1\n|move|p2a: Clawitzer|Water Pulse|p1a: Suicune\n|-resisted|p1a: Suicune\n|-damage|p1a: Suicune|197/298\n|-start|p1a: Suicune|confusion\n|\n|-heal|p1a: Suicune|215/298|[from] item: Leftovers\n|upkeep\n|turn|9\n|\n|t:|1782773034\n|-activate|p1a: Suicune|confusion\n|-damage|p1a: Suicune|201/298|[from] confusion\n|move|p2a: Clawitzer|Water Pulse|p1a: Suicune\n|-resisted|p1a: Suicune\n|-damage|p1a: Suicune|149/298\n|\n|-heal|p1a: Suicune|167/298|[from] item: Leftovers\n|upkeep\n|turn|10\n|\n|t:|1782773035\n|-activate|p1a: Suicune|confusion\n|-damage|p1a: Suicune|152/298|[from] confusion\n|move|p2a: Clawitzer|Water Pulse|p1a: Suicune\n|-resisted|p1a: Suicune\n|-damage|p1a: Suicune|104/298\n|\n|-heal|p1a: Suicune|122/298|[from] item: Leftovers\n|upkeep\n|turn|11\n|\n|t:|1782773037\n|-end|p1a: Suicune|confusion\n|move|p1a: Suicune|Protect|p1a: Suicune\n|-singleturn|p1a: Suicune|Protect\n|move|p2a: Clawitzer|Water Pulse|p1a: Suicune\n|-activate|p1a: Suicune|move: Protect\n|\n|-heal|p1a: Suicune|140/298|[from] item: Leftovers\n|upkeep\n|turn|12\n|\n|t:|1782773040\n|move|p1a: Suicune|Substitute|p1a: Suicune\n|-start|p1a: Suicune|Substitute\n|-damage|p1a: Suicune|66/298\n|move|p2a: Clawitzer|Water Pulse|p1a: Suicune\n|-resisted|p1a: Suicune\n|-activate|p1a: Suicune|move: Substitute|[damage]\n|\n|-heal|p1a: Suicune|84/298|[from] item: Leftovers\n|upkeep\n|turn|13\n|\n|t:|1782773042\n|move|p1a: Suicune|Protect|p1a: Suicune\n|-singleturn|p1a: Suicune|Protect\n|move|p2a: Clawitzer|Water Pulse|p1a: Suicune\n|-activate|p1a: Suicune|move: Protect\n|\n|-heal|p1a: Suicune|102/298|[from] item: Leftovers\n|upkeep\n|turn|14\n|\n|t:|1782773043\n|switch|p2a: Haxorus|Haxorus, L77, M|244/244\n|-ability|p2a: Haxorus|Mold Breaker\n|move|p1a: Suicune|Calm Mind|p1a: Suicune\n|-boost|p1a: Suicune|spa|1\n|-boost|p1a: Suicune|spd|1\n|\n|-heal|p1a: Suicune|120/298|[from] item: Leftovers\n|upkeep\n|turn|15\n|\n|t:|1782773045\n|move|p2a: Haxorus|Scale Shot|p1a: Suicune\n|-end|p1a: Suicune|Substitute\n|-damage|p1a: Suicune|93/298\n|-damage|p1a: Suicune|68/298\n|-damage|p1a: Suicune|40/298\n|-damage|p1a: Suicune|15/298\n|-hitcount|p1a: Suicune|5\n|-unboost|p2a: Haxorus|def|1\n|-boost|p2a: Haxorus|spe|1\n|move|p1a: Suicune|Scald|p2a: Haxorus\n|-resisted|p2a: Haxorus\n|-damage|p2a: Haxorus|140/244\n|\n|-heal|p1a: Suicune|33/298|[from] item: Leftovers\n|upkeep\n|turn|16\n|\n|t:|1782773049\n|switch|p1a: Bronzong|Bronzong, L88|133/261\n|move|p2a: Haxorus|Earthquake|p1a: Bronzong\n|-supereffective|p1a: Bronzong\n|-damage|p1a: Bronzong|3/261\n|\n|-heal|p1a: Bronzong|19/261|[from] item: Leftovers\n|upkeep\n|turn|17\n|\n|t:|1782773052\n|switch|p2a: Clawitzer|Clawitzer, L87, F|265/265\n|move|p1a: Bronzong|Body Press|p2a: Clawitzer\n|-damage|p2a: Clawitzer|190/265\n|\n|-heal|p1a: Bronzong|35/261|[from] item: Leftovers\n|upkeep\n|turn|18\n|\n|t:|1782773055\n|move|p2a: Clawitzer|Water Pulse|p1a: Bronzong\n|-damage|p1a: Bronzong|0 fnt\n|faint|p1a: Bronzong\n|\n|upkeep\n|\n|t:|1782773058\n|switch|p1a: Brute Bonnet|Brute Bonnet, L80|164/309 brn\n|turn|19\n|\n|t:|1782773060\n|move|p2a: Clawitzer|Water Pulse|p1a: Brute Bonnet\n|-resisted|p1a: Brute Bonnet\n|-damage|p1a: Brute Bonnet|82/309 brn\n|move|p1a: Brute Bonnet|Seed Bomb|p2a: Clawitzer\n|-supereffective|p2a: Clawitzer\n|-damage|p2a: Clawitzer|90/265\n|\n|-heal|p1a: Brute Bonnet|101/309 brn|[from] item: Leftovers\n|-damage|p1a: Brute Bonnet|82/309 brn|[from] brn\n|upkeep\n|turn|20\n|\n|t:|1782773062\n|switch|p2a: Dudunsparce|Dudunsparce-Three-Segment, L83, M|343/343\n|move|p1a: Brute Bonnet|Seed Bomb|p2a: Dudunsparce\n|-damage|p2a: Dudunsparce|295/343\n|\n|-heal|p2a: Dudunsparce|316/343|[from] item: Leftovers\n|-heal|p1a: Brute Bonnet|101/309 brn|[from] item: Leftovers\n|-damage|p1a: Brute Bonnet|82/309 brn|[from] brn\n|upkeep\n|turn|21\n|\n|t:|1782773066\n|move|p2a: Dudunsparce|Headbutt|p1a: Brute Bonnet\n|-damage|p1a: Brute Bonnet|10/309 brn\n|cant|p1a: Brute Bonnet|flinch\n|\n|-heal|p2a: Dudunsparce|337/343|[from] item: Leftovers\n|-heal|p1a: Brute Bonnet|29/309 brn|[from] item: Leftovers\n|-damage|p1a: Brute Bonnet|10/309 brn|[from] brn\n|upkeep\n|turn|22\n|\n|t:|1782773068\n|move|p2a: Dudunsparce|Earthquake|p1a: Brute Bonnet\n|-resisted|p1a: Brute Bonnet\n|-damage|p1a: Brute Bonnet|0 fnt\n|faint|p1a: Brute Bonnet\n|-end|p1a: Brute Bonnet|Protosynthesis|[silent]\n|\n|-heal|p2a: Dudunsparce|343/343|[from] item: Leftovers\n|upkeep\n|\n|t:|1782773080\n|switch|p1a: Calyrex|Calyrex-Shadow, L64|235/235\n|-ability|p1a: Calyrex|As One\n|-ability|p1a: Calyrex|Unnerve\n|turn|23\n|\n|t:|1782773081\n|move|p1a: Calyrex|Trick|p2a: Dudunsparce\n|-activate|p1a: Calyrex|move: Trick|[of] p2a: Dudunsparce\n|-item|p2a: Dudunsparce|Choice Specs|[from] move: Trick\n|-item|p1a: Calyrex|Leftovers|[from] move: Trick\n|move|p2a: Dudunsparce|Glare|p1a: Calyrex\n|-status|p1a: Calyrex|par\n|\n|upkeep\n|turn|24\n|\n|t:|1782773085\n|switch|p2a: Alomomola|Alomomola, L87, M|429/429\n|move|p1a: Calyrex|Astral Barrage|p2a: Alomomola\n|-damage|p2a: Alomomola|257/429\n|\n|-heal|p2a: Alomomola|283/429|[from] item: Leftovers\n|upkeep\n|turn|25\n|\n|t:|1782773087\n|move|p2a: Alomomola|Flip Turn|p1a: Calyrex\n|-damage|p1a: Calyrex|162/235 par\n|\n|t:|1782773087\n|switch|p2a: Dudunsparce|Dudunsparce-Three-Segment, L83, M|343/343|[from] Flip Turn\n|cant|p1a: Calyrex|par\n|\n|-heal|p1a: Calyrex|176/235 par|[from] item: Leftovers\n|upkeep\n|turn|26\n|\n|t:|1782773096\n|move|p2a: Dudunsparce|Earthquake|p1a: Calyrex\n|-damage|p1a: Calyrex|71/235 par\n|move|p1a: Calyrex|Psyshock|p2a: Dudunsparce\n|-damage|p2a: Dudunsparce|264/343\n|\n|-heal|p1a: Calyrex|85/235 par|[from] item: Leftovers\n|upkeep\n|turn|27\n|\n|t:|1782773098\n|move|p2a: Dudunsparce|Earthquake|p1a: Calyrex\n|-damage|p1a: Calyrex|0 fnt\n|faint|p1a: Calyrex\n|\n|upkeep\n|\n|t:|1782773099\n|switch|p1a: Ceruledge|Ceruledge, L78, M|245/245\n|turn|28\n|\n|t:|1782773101\n|switch|p2a: Pecharunt|Pecharunt, L77|262/262\n|move|p1a: Ceruledge|Swords Dance|p1a: Ceruledge\n|-boost|p1a: Ceruledge|atk|2\n|\n|upkeep\n|turn|29\n|\n|t:|1782773105\n|-terastallize|p2a: Pecharunt|Dark\n|move|p2a: Pecharunt|Nasty Plot|p2a: Pecharunt\n|-boost|p2a: Pecharunt|spa|2\n|move|p1a: Ceruledge|Poltergeist|p2a: Pecharunt\n|-activate|p2a: Pecharunt|move: Poltergeist|Leftovers\n|-resisted|p2a: Pecharunt\n|-damage|p2a: Pecharunt|179/262\n|\n|-heal|p2a: Pecharunt|195/262|[from] item: Leftovers\n|upkeep\n|turn|30\n|\n|t:|1782773116\n|switch|p1a: Suicune|Suicune, L82|33/298\n|-ability|p1a: Suicune|Pressure\n|move|p2a: Pecharunt|Shadow Ball|p1a: Suicune\n|-damage|p1a: Suicune|0 fnt\n|faint|p1a: Suicune\n|\n|-heal|p2a: Pecharunt|211/262|[from] item: Leftovers\n|upkeep\n|\n|t:|1782773117\n|switch|p1a: Typhlosion|Typhlosion, L84, M|267/267\n|turn|31\n|\n|t:|1782773120\n|switch|p2a: Clawitzer|Clawitzer, L87, F|90/265\n|move|p1a: Typhlosion|Eruption|p2a: Clawitzer\n|-resisted|p2a: Clawitzer\n|-damage|p2a: Clawitzer|0 fnt\n|faint|p2a: Clawitzer\n|\n|upkeep\n|\n|t:|1782773120\n|switch|p2a: Alomomola|Alomomola, L87, M|426/429\n|turn|32\n|\n|t:|1782773123\n|move|p1a: Typhlosion|Eruption|p2a: Alomomola\n|-resisted|p2a: Alomomola\n|-damage|p2a: Alomomola|243/429\n|move|p2a: Alomomola|Scald|p1a: Typhlosion\n|-supereffective|p1a: Typhlosion\n|-damage|p1a: Typhlosion|165/267\n|\n|-heal|p2a: Alomomola|269/429|[from] item: Leftovers\n|upkeep\n|turn|33\n|\n|t:|1782773126\n|move|p1a: Typhlosion|Eruption|p2a: Alomomola\n|-resisted|p2a: Alomomola\n|-damage|p2a: Alomomola|158/429\n|move|p2a: Alomomola|Flip Turn|p1a: Typhlosion\n|-supereffective|p1a: Typhlosion\n|-damage|p1a: Typhlosion|33/267\n|\n|t:|1782773127\n|switch|p2a: Pecharunt|Pecharunt, L77, tera:Dark|211/262|[from] Flip Turn\n|\n|-heal|p2a: Pecharunt|227/262|[from] item: Leftovers\n|upkeep\n|turn|34\n|\n|t:|1782773129\n|move|p1a: Typhlosion|Eruption|p2a: Pecharunt\n|-damage|p2a: Pecharunt|190/262\n|move|p2a: Pecharunt|Nasty Plot|p2a: Pecharunt\n|-boost|p2a: Pecharunt|spa|2\n|\n|-heal|p2a: Pecharunt|206/262|[from] item: Leftovers\n|upkeep\n|turn|35\n|\n|t:|1782773131\n|move|p1a: Typhlosion|Eruption|p2a: Pecharunt\n|-damage|p2a: Pecharunt|167/262\n|move|p2a: Pecharunt|Shadow Ball|p1a: Typhlosion\n|-damage|p1a: Typhlosion|0 fnt\n|faint|p1a: Typhlosion\n|\n|-heal|p2a: Pecharunt|183/262|[from] item: Leftovers\n|upkeep\n|\n|t:|1782773133\n|switch|p1a: Ceruledge|Ceruledge, L78, M|245/245\n|turn|36\n|\n|t:|1782773153\n|-terastallize|p1a: Ceruledge|Fighting\n|move|p2a: Pecharunt|Shadow Ball|p1a: Ceruledge\n|-damage|p1a: Ceruledge|110/245\n|move|p1a: Ceruledge|Swords Dance|p1a: Ceruledge\n|-boost|p1a: Ceruledge|atk|2\n|\n|-heal|p2a: Pecharunt|199/262|[from] item: Leftovers\n|upkeep\n|turn|37\n|\n|t:|1782773154\n|move|p2a: Pecharunt|Shadow Ball|p1a: Ceruledge\n|-damage|p1a: Ceruledge|0 fnt\n|faint|p1a: Ceruledge\n|\n|win|notmetbh102\n|raw|indias last hope's rating: 2188 &rarr; <strong>2166</strong><br />(-22 for losing)\n|raw|notmetbh102's rating: 2156 &rarr; <strong>2178</strong><br />(+22 for winning)\n|c|\u2606notmetbh102|gg\n", "inputlog": ">version f8ac14003a5f27e1bdc8d8c59608a773c1cb96e5\n>start {\"formatid\":\"gen9randombattle\",\"seed\":\"sodium,b34ee484739e3c89e37a9a78c065881f\",\"rated\":\"Rated battle\"}\n>player p1 {\"name\":\"indias last hope\",\"avatar\":\"policeman-gen4\",\"rating\":2188,\"seed\":\"sodium,3aa00c9380f5aea733e148753b0c05a1\"}\n>player p2 {\"name\":\"notmetbh102\",\"avatar\":\"2\",\"rating\":2156,\"seed\":\"sodium,7ad1ee4516b25743b45b9b21f940fad4\"}\n>chat \u2606notmetbh102|hf\n>p1 switch 5\n>p2 move scald\n>p1 move spore\n>p2 move flipturn\n>p2 switch 4\n>p1 switch 2\n>p2 switch 4\n>p1 move irondefense\n>p2 switch 2\n>p1 switch 2\n>p2 move waterpulse\n>p1 switch 2\n>p2 move waterpulse\n>p1 switch 4\n>p2 move waterpulse\n>p1 move calmmind\n>p2 move waterpulse\n>p1 move substitute\n>p2 move waterpulse\n>p1 move substitute\n>p2 move waterpulse\n>p1 move protect\n>p2 move waterpulse\n>p1 move substitute\n>p2 move waterpulse\n>p1 move protect\n>p2 move waterpulse\n>p1 move calmmind\n>p2 switch 6\n>p1 move scald\n>p2 move scaleshot\n>p1 switch 4\n>p2 move earthquake\n>p1 move bodypress\n>p2 switch 6\n>p1 move bodypress\n>p2 move waterpulse\n>p1 switch 2\n>p1 move seedbomb\n>p2 move waterpulse\n>p1 move seedbomb\n>p2 switch 3\n>p1 move seedbomb\n>p2 move headbutt\n>p1 move seedbomb\n>p2 move earthquake\n>p1 switch 6\n>p1 move trick\n>p2 move glare\n>p1 move astralbarrage\n>p2 switch 2\n>p1 move astralbarrage\n>p2 move flipturn\n>p2 switch 2\n>p1 move psyshock\n>p2 move earthquake\n>p1 move psyshock\n>p2 move earthquake\n>p1 switch 5\n>p1 move swordsdance\n>p2 switch 5\n>p1 move poltergeist\n>p2 move nastyplot terastallize\n>p1 switch 4\n>p2 move shadowball\n>p1 switch 3\n>p1 move eruption\n>p2 switch 3\n>p2 switch 2\n>p1 move eruption\n>p2 move scald\n>p1 move eruption\n>p2 move flipturn\n>p2 switch 3\n>p1 move eruption\n>p2 move nastyplot\n>p1 move eruption\n>p2 move shadowball\n>p1 switch 4\n>p1 move swordsdance terastallize\n>p2 move shadowball\n>p1 move bitterblade\n>p2 move shadowball", "uploadtime": 1782773155, "views": 3, "formatid": "gen9randombattle", "rating": 2166, "private": 0, "password": null, "player_dets": [{"name": "indias last hope", "avatar": "policeman-gen4", "rating": 2188, "seed": "sodium,3aa00c9380f5aea733e148753b0c05a1"}, {"name": "notmetbh102", "avatar": "2", "rating": 2156, "seed": "sodium,7ad1ee4516b25743b45b9b21f940fad4"}], "teams_full": [{"Ceruledge": {"name": "Ceruledge", "species": "Ceruledge", "speciesId": "ceruledge", "gender": "M", "shiny": false, "level": 78, "moves": ["closecombat", "swordsdance", "poltergeist", "bitterblade"], "ability": "Weak Armor", "evs": {"hp": 85, "atk": 85, "def": 85, "spa": 85, "spd": 85, "spe": 85}, "ivs": {"hp": 31, "atk": 31, "def": 31, "spa": 31, "spd": 31, "spe": 31}, "item": "Heavy-Duty Boots", "teraType": "Fighting", "role": "Setup Sweeper", "bvs": {"hp": 75, "atk": 125, "def": 80, "spa": 60, "spd": 100, "spe": 85}, "stats": {"hp": 245, "atk": 240, "def": 170, "spa": 139, "spd": 201, "spe": 178}, "types": ["Fire", "Ghost"]}, "Bronzong": {"name": "Bronzong", "species": "Bronzong", "speciesId": "bronzong", "gender": "N", "shiny": false, "level": 88, "moves": ["bodypress", "irondefense", "ironhead", "psychicnoise"], "ability": "Levitate", "evs": {"hp": 85, "atk": 85, "def": 85, "spa": 85, "spd": 85, "spe": 85}, "ivs": {"hp": 31, "atk": 31, "def": 31, "spa": 31, "spd": 31, "spe": 31}, "item": "Leftovers", "teraType": "Fighting", "role": "Bulky Setup", "bvs": {"hp": 67, "atk": 89, "def": 116, "spa": 79, "spd": 116, "spe": 33}, "stats": {"hp": 261, "atk": 207, "def": 254, "spa": 189, "spd": 254, "spe": 108}, "types": ["Steel", "Psychic"]}, "Typhlosion": {"name": "Typhlosion", "species": "Typhlosion", "speciesId": "typhlosion", "gender": "M", "shiny": false, "level": 84, "moves": ["focusblast", "fireblast", "scorchingsands", "eruption"], "ability": "Flash Fire", "evs": {"hp": 81, "atk": 0, "def": 85, "spa": 85, "spd": 85, "spe": 85}, "ivs": {"hp": 31, "atk": 0, "def": 31, "spa": 31, "spd": 31, "spe": 31}, "item": "Choice Specs", "teraType": "Fire", "role": "Fast Attacker", "bvs": {"hp": 78, "atk": 84, "def": 78, "spa": 109, "spd": 85, "spe": 100}, "stats": {"hp": 267, "atk": 146, "def": 179, "spa": 231, "spd": 191, "spe": 216}, "types": ["Fire"]}, "Suicune": {"name": "Suicune", "species": "Suicune", "speciesId": "suicune", "gender": "N", "shiny": false, "level": 82, "moves": ["scald", "substitute", "protect", "calmmind"], "ability": "Pressure", "evs": {"hp": 85, "atk": 0, "def": 85, "spa": 85, "spd": 85, "spe": 85}, "ivs": {"hp": 31, "atk": 0, "def": 31, "spa": 31, "spd": 31, "spe": 31}, "item": "Leftovers", "teraType": "Steel", "role": "Fast Support", "bvs": {"hp": 100, "atk": 75, "def": 115, "spa": 90, "spd": 115, "spe": 85}, "stats": {"hp": 298, "atk": 127, "def": 236, "spa": 195, "spd": 236, "spe": 187}, "types": ["Water"]}, "Brute Bonnet": {"name": "Brute Bonnet", "species": "Brute Bonnet", "speciesId": "brutebonnet", "gender": "N", "shiny": false, "level": 80, "moves": ["crunch", "seedbomb", "suckerpunch", "spore"], "ability": "Protosynthesis", "evs": {"hp": 85, "atk": 85, "def": 85, "spa": 85, "spd": 85, "spe": 85}, "ivs": {"hp": 31, "atk": 31, "def": 31, "spa": 31, "spd": 31, "spe": 31}, "item": "Leftovers", "teraType": "Dark", "role": "Bulky Support", "bvs": {"hp": 111, "atk": 127, "def": 99, "spa": 79, "spd": 99, "spe": 55}, "stats": {"hp": 309, "atk": 249, "def": 205, "spa": 173, "spd": 205, "spe": 134}, "types": ["Grass", "Dark"]}, "Calyrex": {"name": "Calyrex", "species": "Calyrex-Shadow", "speciesId": "calyrexshadow", "gender": "N", "shiny": false, "level": 64, "moves": ["psyshock", "trick", "pollenpuff", "astralbarrage"], "ability": "As One (Spectrier)", "evs": {"hp": 85, "atk": 0, "def": 85, "spa": 85, "spd": 85, "spe": 85}, "ivs": {"hp": 31, "atk": 0, "def": 31, "spa": 31, "spd": 31, "spe": 31}, "item": "Choice Specs", "teraType": "Dark", "role": "Fast Attacker", "bvs": {"hp": 100, "atk": 85, "def": 80, "spa": 165, "spd": 100, "spe": 150}, "stats": {"hp": 235, "atk": 113, "def": 140, "spa": 249, "spd": 166, "spe": 230}, "types": ["Psychic", "Ghost"]}}, {"Alomomola": {"name": "Alomomola", "species": "Alomomola", "speciesId": "alomomola", "gender": "M", "shiny": false, "level": 87, "moves": ["flipturn", "protect", "scald", "wish"], "ability": "Regenerator", "evs": {"hp": 85, "atk": 85, "def": 85, "spa": 85, "spd": 85, "spe": 85}, "ivs": {"hp": 31, "atk": 31, "def": 31, "spa": 31, "spd": 31, "spe": 31}, "item": "Leftovers", "teraType": "Steel", "role": "Bulky Support", "bvs": {"hp": 165, "atk": 75, "def": 80, "spa": 40, "spd": 45, "spe": 65}, "stats": {"hp": 429, "atk": 180, "def": 189, "spa": 119, "spd": 128, "spe": 163}, "types": ["Water"]}, "Clawitzer": {"name": "Clawitzer", "species": "Clawitzer", "speciesId": "clawitzer", "gender": "F", "shiny": false, "level": 87, "moves": ["aurasphere", "dragonpulse", "icebeam", "waterpulse"], "ability": "Mega Launcher", "evs": {"hp": 85, "atk": 0, "def": 85, "spa": 85, "spd": 85, "spe": 85}, "ivs": {"hp": 31, "atk": 0, "def": 31, "spa": 31, "spd": 31, "spe": 31}, "item": "Choice Specs", "teraType": "Dragon", "role": "Wallbreaker", "bvs": {"hp": 71, "atk": 73, "def": 88, "spa": 120, "spd": 89, "spe": 59}, "stats": {"hp": 265, "atk": 132, "def": 203, "spa": 259, "spd": 205, "spe": 152}, "types": ["Water"]}, "Dudunsparce": {"name": "Dudunsparce", "species": "Dudunsparce-Three-Segment", "speciesId": "dudunsparce", "gender": "M", "shiny": false, "level": 83, "moves": ["headbutt", "earthquake", "roost", "glare"], "ability": "Serene Grace", "evs": {"hp": 85, "atk": 85, "def": 85, "spa": 85, "spd": 85, "spe": 85}, "ivs": {"hp": 31, "atk": 31, "def": 31, "spa": 31, "spd": 31, "spe": 31}, "item": "Leftovers", "teraType": "Ground", "role": "Bulky Support", "bvs": {"hp": 125, "atk": 100, "def": 80, "spa": 85, "spd": 75, "spe": 55}, "stats": {"hp": 343, "atk": 214, "def": 180, "spa": 189, "spd": 172, "spe": 139}, "types": ["Normal"]}, "Hitmontop": {"name": "Hitmontop", "species": "Hitmontop", "speciesId": "hitmontop", "gender": "M", "shiny": false, "level": 88, "moves": ["tripleaxel", "bulkup", "closecombat", "rapidspin"], "ability": "Technician", "evs": {"hp": 85, "atk": 85, "def": 85, "spa": 85, "spd": 85, "spe": 85}, "ivs": {"hp": 31, "atk": 31, "def": 31, "spa": 31, "spd": 31, "spe": 31}, "item": "Leftovers", "teraType": "Ice", "role": "Bulky Setup", "bvs": {"hp": 50, "atk": 95, "def": 95, "spa": 35, "spd": 110, "spe": 70}, "stats": {"hp": 231, "atk": 217, "def": 217, "spa": 112, "spd": 244, "spe": 173}, "types": ["Fighting"]}, "Pecharunt": {"name": "Pecharunt", "species": "Pecharunt", "speciesId": "pecharunt", "gender": "N", "shiny": false, "level": 77, "moves": ["malignantchain", "recover", "shadowball", "nastyplot"], "ability": "Poison Puppeteer", "evs": {"hp": 85, "atk": 0, "def": 85, "spa": 85, "spd": 85, "spe": 85}, "ivs": {"hp": 31, "atk": 0, "def": 31, "spa": 31, "spd": 31, "spe": 31}, "item": "Leftovers", "teraType": "Dark", "role": "Bulky Attacker", "bvs": {"hp": 88, "atk": 88, "def": 160, "spa": 88, "spd": 88, "spe": 88}, "stats": {"hp": 262, "atk": 140, "def": 291, "spa": 180, "spd": 180, "spe": 180}, "types": ["Poison", "Ghost"]}, "Haxorus": {"name": "Haxorus", "species": "Haxorus", "speciesId": "haxorus", "gender": "M", "shiny": false, "level": 77, "moves": ["swordsdance", "ironhead", "earthquake", "scaleshot"], "ability": "Mold Breaker", "evs": {"hp": 85, "atk": 85, "def": 85, "spa": 85, "spd": 85, "spe": 85}, "ivs": {"hp": 31, "atk": 31, "def": 31, "spa": 31, "spd": 31, "spe": 31}, "item": "Loaded Dice", "teraType": "Steel", "role": "Fast Bulky Setup", "bvs": {"hp": 76, "atk": 147, "def": 90, "spa": 60, "spd": 70, "spe": 97}, "stats": {"hp": 244, "atk": 271, "def": 183, "spa": 137, "spd": 152, "spe": 194}, "types": ["Dragon"]}}]}