{"id": "gen9randombattle-2641539212", "format": "[Gen 9] Random Battle", "players": ["gsrq", "Winterstellor"], "log": "|j|\u2606gsrq\n|j|\u2606Winterstellor\n|t:|1782803630\n|gametype|singles\n|player|p1|gsrq|169|1898\n|player|p2|Winterstellor|169|1951\n|gen|9\n|tier|[Gen 9] Random Battle\n|rated|\n|rule|Species Clause: Limit one of each Pok\u00e9mon\n|rule|HP Percentage Mod: HP is shown in percentages\n|rule|Sleep Clause Mod: Limit one foe put to sleep\n|rule|Illusion Level Mod: Illusion disguises the Pok\u00e9mon's true level\n|\n|t:|1782803630\n|teamsize|p1|6\n|teamsize|p2|6\n|start\n|switch|p1a: Iron Crown|Iron Crown, L78|268/268\n|switch|p2a: Ursaluna|Ursaluna, L79, F|335/335\n|turn|1\n|\n|t:|1782803642\n|-end|p1a: Iron Crown|Quark Drive|[silent]\n|switch|p1a: Cramorant|Cramorant, L86, M|261/261\n|-terastallize|p2a: Ursaluna|Normal\n|move|p2a: Ursaluna|Trailblaze|p1a: Cramorant\n|-damage|p1a: Cramorant|206/261\n|-boost|p2a: Ursaluna|spe|1\n|\n|-status|p2a: Ursaluna|brn|[from] item: Flame Orb\n|upkeep\n|turn|2\n|\n|t:|1782803655\n|move|p1a: Cramorant|Surf|p2a: Ursaluna\n|-formechange|p1a: Cramorant|Cramorant-Gulping|\n|-damage|p2a: Ursaluna|233/335 brn\n|move|p2a: Ursaluna|Trailblaze|p1a: Cramorant\n|-damage|p1a: Cramorant|125/261\n|-boost|p2a: Ursaluna|spe|1\n|-damage|p2a: Ursaluna|150/335 brn|[from] ability: Gulp Missile|[of] p1a: Cramorant\n|-unboost|p2a: Ursaluna|def|1\n|-formechange|p1a: Cramorant|Cramorant|\n|\n|-damage|p2a: Ursaluna|130/335 brn|[from] brn\n|upkeep\n|turn|3\n|\n|t:|1782803672\n|switch|p1a: Sableye|Sableye, L88, M|231/231\n|move|p2a: Ursaluna|Facade|p1a: Sableye\n|-immune|p1a: Sableye\n|\n|-damage|p2a: Ursaluna|110/335 brn|[from] brn\n|upkeep\n|turn|4\n|\n|t:|1782803680\n|move|p1a: Sableye|Encore|p2a: Ursaluna\n|-start|p2a: Ursaluna|Encore\n|move|p2a: Ursaluna|Facade|p1a: Sableye\n|-immune|p1a: Sableye\n|\n|-damage|p2a: Ursaluna|90/335 brn|[from] brn\n|upkeep\n|turn|5\n|\n|t:|1782803689\n|switch|p2a: Spidops|Spidops, L96, F|271/271\n|move|p1a: Sableye|Knock Off|p2a: Spidops\n|-damage|p2a: Spidops|193/271\n|-enditem|p2a: Spidops|Heavy-Duty Boots|[from] move: Knock Off|[of] p1a: Sableye\n|\n|upkeep\n|turn|6\n|\n|t:|1782803701\n|switch|p1a: Cramorant|Cramorant, L86, M|125/261\n|move|p2a: Spidops|Knock Off|p1a: Cramorant\n|-damage|p1a: Cramorant|0 fnt\n|-enditem|p1a: Cramorant|Heavy-Duty Boots|[from] move: Knock Off|[of] p2a: Spidops\n|faint|p1a: Cramorant\n|\n|upkeep\n|\n|t:|1782803715\n|switch|p1a: Zapdos|Zapdos, L78|268/268\n|turn|7\n|\n|t:|1782803723\n|switch|p2a: Uxie|Uxie, L83|260/260\n|move|p1a: Zapdos|Hurricane|p2a: Uxie|[miss]\n|-miss|p1a: Zapdos|p2a: Uxie\n|\n|upkeep\n|turn|8\n|\n|t:|1782803733\n|move|p2a: Uxie|Psychic Noise|p1a: Zapdos\n|-damage|p1a: Zapdos|195/268\n|-start|p1a: Zapdos|move: Heal Block\n|move|p1a: Zapdos|U-turn|p2a: Uxie\n|-supereffective|p2a: Uxie\n|-damage|p2a: Uxie|200/260\n|\n|t:|1782803748\n|switch|p1a: Sableye|Sableye, L88, M|231/231|[from] U-turn\n|\n|-heal|p2a: Uxie|216/260|[from] item: Leftovers\n|upkeep\n|turn|9\n|\n|t:|1782803758\n|move|p2a: Uxie|Thunder Wave|p1a: Sableye\n|-status|p1a: Sableye|par\n|move|p1a: Sableye|Knock Off|p2a: Uxie\n|-supereffective|p2a: Uxie\n|-damage|p2a: Uxie|84/260\n|-enditem|p2a: Uxie|Leftovers|[from] move: Knock Off|[of] p1a: Sableye\n|\n|upkeep\n|turn|10\n|\n|t:|1782803766\n|switch|p2a: Spidops|Spidops, L96, F|193/271\n|move|p1a: Sableye|Knock Off|p2a: Spidops\n|-damage|p2a: Spidops|136/271\n|\n|upkeep\n|turn|11\n|\n|t:|1782803772\n|move|p1a: Sableye|Thunder Wave|p2a: Spidops|[miss]\n|-miss|p1a: Sableye|p2a: Spidops\n|move|p2a: Spidops|Sticky Web|p1a: Sableye\n|-sidestart|p1: gsrq|move: Sticky Web\n|\n|upkeep\n|turn|12\n|\n|t:|1782803780\n|switch|p2a: Ursaluna|Ursaluna, L79, F, tera:Normal|90/335 brn\n|move|p1a: Sableye|Thunder Wave|p2a: Ursaluna|[miss]\n|-miss|p1a: Sableye|p2a: Ursaluna\n|\n|-damage|p2a: Ursaluna|70/335 brn|[from] brn\n|upkeep\n|turn|13\n|\n|t:|1782803789\n|switch|p1a: Zapdos|Zapdos, L78|195/268\n|move|p2a: Ursaluna|Crunch|p1a: Zapdos\n|-damage|p1a: Zapdos|84/268\n|-unboost|p1a: Zapdos|def|1\n|\n|-damage|p2a: Ursaluna|50/335 brn|[from] brn\n|upkeep\n|turn|14\n|\n|t:|1782803798\n|switch|p2a: Uxie|Uxie, L83|84/260\n|move|p1a: Zapdos|Discharge|p2a: Uxie\n|-damage|p2a: Uxie|20/260\n|\n|upkeep\n|turn|15\n|\n|t:|1782803807\n|switch|p1a: Sableye|Sableye, L88, M|231/231 par\n|-activate|p1a: Sableye|move: Sticky Web\n|-unboost|p1a: Sableye|spe|1\n|move|p2a: Uxie|Knock Off|p1a: Sableye\n|-damage|p1a: Sableye|166/231 par\n|-enditem|p1a: Sableye|Leftovers|[from] move: Knock Off|[of] p2a: Uxie\n|\n|upkeep\n|turn|16\n|\n|t:|1782803819\n|switch|p2a: Noivern|Noivern, L82, M|274/274\n|cant|p1a: Sableye|par\n|\n|upkeep\n|turn|17\n|-message|gsrq forfeited.\n|\n|win|Winterstellor\n|raw|gsrq's rating: 1915 &rarr; <strong>1897</strong><br />(-18 for losing)\n|raw|Winterstellor's rating: 1951 &rarr; <strong>1969</strong><br />(+18 for winning)\n", "inputlog": ">version f8ac14003a5f27e1bdc8d8c59608a773c1cb96e5\n>start {\"formatid\":\"gen9randombattle\",\"seed\":\"sodium,597a6a0f23022e1f7d722c341db2e407\",\"rated\":\"Rated battle\"}\n>player p1 {\"name\":\"gsrq\",\"avatar\":\"169\",\"rating\":1898,\"seed\":\"sodium,537ebe1b9d655bcbc6fc056be6d15f06\"}\n>player p2 {\"name\":\"Winterstellor\",\"avatar\":\"169\",\"rating\":1951,\"seed\":\"sodium,0c05513f66e08338aa1d445e596d2450\"}\n>p1 switch 4\n>p2 move trailblaze terastallize\n>p1 move surf\n>p2 move trailblaze\n>p1 switch 3\n>p2 move facade\n>p1 move encore\n>p2 move headlongrush\n>p1 move knockoff\n>p2 switch 5\n>p1 switch 3\n>p2 move knockoff\n>p1 switch 2\n>p1 move hurricane\n>p2 switch 3\n>p1 move uturn\n>p2 move psychicnoise\n>p1 switch 3\n>p1 move knockoff\n>p2 move thunderwave\n>p1 move knockoff\n>p2 switch 3\n>p1 move thunderwave\n>p2 move stickyweb\n>p1 move thunderwave\n>p2 switch 5\n>p1 switch 3\n>p2 move crunch\n>p1 move discharge\n>p2 switch 3\n>p1 switch 3\n>p2 move knockoff\n>p1 move thunderwave\n>p2 switch 6\n>forcelose p1", "uploadtime": 1782803824, "views": 4, "formatid": "gen9randombattle", "rating": 1897, "private": 0, "password": null, "player_dets": [{"name": "gsrq", "avatar": "169", "rating": 1898, "seed": "sodium,537ebe1b9d655bcbc6fc056be6d15f06"}, {"name": "Winterstellor", "avatar": "169", "rating": 1951, "seed": "sodium,0c05513f66e08338aa1d445e596d2450"}], "teams_full": [{"Iron Crown": {"name": "Iron Crown", "species": "Iron Crown", "speciesId": "ironcrown", "gender": "N", "shiny": false, "level": 78, "moves": ["psyshock", "tachyoncutter", "voltswitch", "focusblast"], "ability": "Quark Drive", "evs": {"hp": 85, "atk": 0, "def": 85, "spa": 85, "spd": 85, "spe": 85}, "ivs": {"hp": 31, "atk": 0, "def": 31, "spa": 31, "spd": 31, "spe": 31}, "item": "Choice Specs", "teraType": "Steel", "role": "Wallbreaker", "bvs": {"hp": 90, "atk": 72, "def": 100, "spa": 122, "spd": 108, "spe": 98}, "stats": {"hp": 268, "atk": 117, "def": 201, "spa": 235, "spd": 214, "spe": 198}, "types": ["Steel", "Psychic"]}, "Zapdos": {"name": "Zapdos", "species": "Zapdos", "speciesId": "zapdos", "gender": "N", "shiny": false, "level": 78, "moves": ["roost", "hurricane", "discharge", "uturn"], "ability": "Static", "evs": {"hp": 85, "atk": 85, "def": 85, "spa": 85, "spd": 85, "spe": 85}, "ivs": {"hp": 31, "atk": 31, "def": 31, "spa": 31, "spd": 31, "spe": 31}, "item": "Heavy-Duty Boots", "teraType": "Electric", "role": "Bulky Attacker", "bvs": {"hp": 90, "atk": 90, "def": 85, "spa": 125, "spd": 90, "spe": 100}, "stats": {"hp": 268, "atk": 185, "def": 178, "spa": 240, "spd": 185, "spe": 201}, "types": ["Electric", "Flying"]}, "Sableye": {"name": "Sableye", "species": "Sableye", "speciesId": "sableye", "gender": "M", "shiny": false, "level": 88, "moves": ["recover", "encore", "thunderwave", "knockoff"], "ability": "Prankster", "evs": {"hp": 85, "atk": 85, "def": 85, "spa": 85, "spd": 85, "spe": 85}, "ivs": {"hp": 31, "atk": 31, "def": 31, "spa": 31, "spd": 31, "spe": 31}, "item": "Leftovers", "teraType": "Poison", "role": "Bulky Support", "bvs": {"hp": 50, "atk": 75, "def": 75, "spa": 65, "spd": 65, "spe": 50}, "stats": {"hp": 231, "atk": 182, "def": 182, "spa": 165, "spd": 165, "spe": 138}, "types": ["Dark", "Ghost"]}, "Cramorant": {"name": "Cramorant", "species": "Cramorant", "speciesId": "cramorant", "gender": "M", "shiny": false, "level": 86, "moves": ["defog", "surf", "roost", "bravebird"], "ability": "Gulp Missile", "evs": {"hp": 85, "atk": 85, "def": 85, "spa": 85, "spd": 85, "spe": 85}, "ivs": {"hp": 31, "atk": 31, "def": 31, "spa": 31, "spd": 31, "spe": 31}, "item": "Heavy-Duty Boots", "teraType": "Ground", "role": "Bulky Support", "bvs": {"hp": 70, "atk": 85, "def": 55, "spa": 85, "spd": 95, "spe": 85}, "stats": {"hp": 261, "atk": 195, "def": 144, "spa": 195, "spd": 213, "spe": 195}, "types": ["Flying", "Water"]}, "Vaporeon": {"name": "Vaporeon", "species": "Vaporeon", "speciesId": "vaporeon", "gender": "F", "shiny": false, "level": 86, "moves": ["scald", "wish", "roar", "protect"], "ability": "Water Absorb", "evs": {"hp": 85, "atk": 0, "def": 85, "spa": 85, "spd": 85, "spe": 85}, "ivs": {"hp": 31, "atk": 0, "def": 31, "spa": 31, "spd": 31, "spe": 31}, "item": "Leftovers", "teraType": "Poison", "role": "Bulky Attacker", "bvs": {"hp": 130, "atk": 65, "def": 60, "spa": 110, "spd": 95, "spe": 65}, "stats": {"hp": 364, "atk": 116, "def": 152, "spa": 238, "spd": 213, "spe": 161}, "types": ["Water"]}, "Raikou": {"name": "Raikou", "species": "Raikou", "speciesId": "raikou", "gender": "N", "shiny": false, "level": 81, "moves": ["shadowball", "scald", "thunderbolt", "voltswitch"], "ability": "Pressure", "evs": {"hp": 85, "atk": 0, "def": 85, "spa": 85, "spd": 85, "spe": 85}, "ivs": {"hp": 31, "atk": 0, "def": 31, "spa": 31, "spd": 31, "spe": 31}, "item": "Choice Specs", "teraType": "Water", "role": "Bulky Attacker", "bvs": {"hp": 90, "atk": 85, "def": 75, "spa": 115, "spd": 100, "spe": 115}, "stats": {"hp": 278, "atk": 142, "def": 168, "spa": 233, "spd": 209, "spe": 233}, "types": ["Electric"]}}, {"Ursaluna": {"name": "Ursaluna", "species": "Ursaluna", "speciesId": "ursaluna", "gender": "F", "shiny": false, "level": 79, "moves": ["headlongrush", "facade", "crunch", "trailblaze"], "ability": "Guts", "evs": {"hp": 85, "atk": 85, "def": 85, "spa": 85, "spd": 85, "spe": 85}, "ivs": {"hp": 31, "atk": 31, "def": 31, "spa": 31, "spd": 31, "spe": 31}, "item": "Flame Orb", "teraType": "Normal", "role": "Bulky Attacker", "bvs": {"hp": 130, "atk": 140, "def": 105, "spa": 45, "spd": 80, "spe": 50}, "stats": {"hp": 335, "atk": 267, "def": 211, "spa": 117, "spd": 172, "spe": 125}, "types": ["Ground", "Normal"]}, "Minior": {"name": "Minior", "species": "Minior-Orange", "speciesId": "minior", "gender": "N", "shiny": false, "level": 79, "moves": ["powergem", "earthquake", "acrobatics", "shellsmash"], "ability": "Shields Down", "evs": {"hp": 85, "atk": 85, "def": 85, "spa": 85, "spd": 85, "spe": 85}, "ivs": {"hp": 31, "atk": 31, "def": 31, "spa": 31, "spd": 31, "spe": 31}, "item": "White Herb", "teraType": "Water", "role": "Setup Sweeper", "bvs": {"hp": 60, "atk": 100, "def": 60, "spa": 100, "spd": 60, "spe": 120}, "stats": {"hp": 224, "atk": 204, "def": 140, "spa": 204, "spd": 140, "spe": 235}, "types": ["Rock", "Flying"]}, "Uxie": {"name": "Uxie", "species": "Uxie", "speciesId": "uxie", "gender": "N", "shiny": false, "level": 83, "moves": ["knockoff", "encore", "thunderwave", "psychicnoise"], "ability": "Levitate", "evs": {"hp": 85, "atk": 85, "def": 85, "spa": 85, "spd": 85, "spe": 85}, "ivs": {"hp": 31, "atk": 31, "def": 31, "spa": 31, "spd": 31, "spe": 31}, "item": "Leftovers", "teraType": "Dark", "role": "Bulky Support", "bvs": {"hp": 75, "atk": 75, "def": 130, "spa": 75, "spd": 130, "spe": 95}, "stats": {"hp": 260, "atk": 172, "def": 263, "spa": 172, "spd": 263, "spe": 205}, "types": ["Psychic"]}, "Hitmonchan": {"name": "Hitmonchan", "species": "Hitmonchan", "speciesId": "hitmonchan", "gender": "M", "shiny": false, "level": 87, "moves": ["knockoff", "rapidspin", "drainpunch", "poisonjab"], "ability": "Iron Fist", "evs": {"hp": 85, "atk": 85, "def": 85, "spa": 85, "spd": 85, "spe": 85}, "ivs": {"hp": 31, "atk": 31, "def": 31, "spa": 31, "spd": 31, "spe": 31}, "item": "Assault Vest", "teraType": "Steel", "role": "Bulky Support", "bvs": {"hp": 50, "atk": 105, "def": 79, "spa": 35, "spd": 110, "spe": 76}, "stats": {"hp": 229, "atk": 232, "def": 187, "spa": 111, "spd": 241, "spe": 182}, "types": ["Fighting"]}, "Spidops": {"name": "Spidops", "species": "Spidops", "speciesId": "spidops", "gender": "F", "shiny": false, "level": 96, "moves": ["circlethrow", "uturn", "knockoff", "stickyweb"], "ability": "Stakeout", "evs": {"hp": 85, "atk": 85, "def": 85, "spa": 85, "spd": 85, "spe": 85}, "ivs": {"hp": 31, "atk": 31, "def": 31, "spa": 31, "spd": 31, "spe": 31}, "item": "Heavy-Duty Boots", "teraType": "Ghost", "role": "Bulky Support", "bvs": {"hp": 60, "atk": 79, "def": 92, "spa": 52, "spd": 86, "spe": 35}, "stats": {"hp": 271, "atk": 206, "def": 231, "spa": 154, "spd": 220, "spe": 122}, "types": ["Bug"]}, "Noivern": {"name": "Noivern", "species": "Noivern", "speciesId": "noivern", "gender": "M", "shiny": false, "level": 82, "moves": ["flamethrower", "hurricane", "dracometeor", "roost"], "ability": "Infiltrator", "evs": {"hp": 85, "atk": 0, "def": 85, "spa": 85, "spd": 85, "spe": 85}, "ivs": {"hp": 31, "atk": 0, "def": 31, "spa": 31, "spd": 31, "spe": 31}, "item": "Heavy-Duty Boots", "teraType": "Fire", "role": "Fast Support", "bvs": {"hp": 85, "atk": 70, "def": 80, "spa": 97, "spd": 80, "spe": 123}, "stats": {"hp": 274, "atk": 119, "def": 178, "spa": 206, "spd": 178, "spe": 249}, "types": ["Flying", "Dragon"]}}]}