{"id": "gen9randombattle-2641681279", "format": "[Gen 9] Random Battle", "players": ["landolake", "chocolatefemboy"], "log": "|j|\u2606landolake\n|j|\u2606chocolatefemboy\n|t:|1782829111\n|gametype|singles\n|player|p1|landolake|266|1193\n|player|p2|chocolatefemboy|169|1155\n|gen|9\n|tier|[Gen 9] Random Battle\n|rated|\n|rule|Species Clause: Limit one of each Pok\u00e9mon\n|rule|HP Percentage Mod: HP is shown in percentages\n|rule|Sleep Clause Mod: Limit one foe put to sleep\n|rule|Illusion Level Mod: Illusion disguises the Pok\u00e9mon's true level\n|\n|t:|1782829111\n|teamsize|p1|6\n|teamsize|p2|6\n|start\n|switch|p1a: Perrserker|Perrserker, L89, M|269/269\n|switch|p2a: Slither Wing|Slither Wing, L81|270/270\n|turn|1\n|\n|t:|1782829143\n|switch|p1a: Polteageist|Polteageist-Antique, L78|222/222\n|move|p2a: Slither Wing|Close Combat|p1a: Polteageist\n|-immune|p1a: Polteageist\n|\n|upkeep\n|turn|2\n|\n|t:|1782829170\n|-end|p2a: Slither Wing|Protosynthesis|[silent]\n|switch|p2a: Basculegion|Basculegion-F, L83, F|335/335\n|-terastallize|p1a: Polteageist|Fighting\n|move|p1a: Polteageist|Shell Smash|p1a: Polteageist\n|-unboost|p1a: Polteageist|def|1\n|-unboost|p1a: Polteageist|spd|1\n|-boost|p1a: Polteageist|atk|2\n|-boost|p1a: Polteageist|spa|2\n|-boost|p1a: Polteageist|spe|2\n|-enditem|p1a: Polteageist|White Herb\n|-clearnegativeboost|p1a: Polteageist|[silent]\n|\n|upkeep\n|turn|3\n|\n|t:|1782829201\n|-terastallize|p2a: Basculegion|Water\n|move|p1a: Polteageist|Shadow Ball|p2a: Basculegion\n|-damage|p2a: Basculegion|190/335\n|move|p2a: Basculegion|Wave Crash|p1a: Polteageist\n|-damage|p1a: Polteageist|0 fnt\n|-start|p2a: Basculegion|Disable|Wave Crash|[from] ability: Cursed Body|[of] p1a: Polteageist\n|faint|p1a: Polteageist\n|-damage|p2a: Basculegion|117/335|[from] Recoil\n|\n|upkeep\n|\n|t:|1782829212\n|switch|p1a: Toxtricity|Toxtricity, L82, F|257/257\n|turn|4\n|\n|t:|1782829229\n|move|p2a: Basculegion|Hydro Pump|p1a: Toxtricity\n|-damage|p1a: Toxtricity|52/257\n|move|p1a: Toxtricity|Overdrive|p2a: Basculegion\n|-supereffective|p2a: Basculegion\n|-damage|p2a: Basculegion|0 fnt\n|faint|p2a: Basculegion\n|-enditem|p1a: Toxtricity|Throat Spray\n|-boost|p1a: Toxtricity|spa|1|[from] item: Throat Spray\n|\n|upkeep\n|\n|t:|1782829245\n|switch|p2a: Slither Wing|Slither Wing, L81|270/270\n|turn|5\n|\n|t:|1782829251\n|move|p2a: Slither Wing|U-turn|p1a: Toxtricity\n|-resisted|p1a: Toxtricity\n|-crit|p1a: Toxtricity\n|-damage|p1a: Toxtricity|0 fnt\n|faint|p1a: Toxtricity\n|\n|t:|1782829263\n|-end|p2a: Slither Wing|Protosynthesis|[silent]\n|switch|p2a: Exeggutor|Exeggutor, L89, M|312/312|[from] U-turn\n|\n|upkeep\n|\n|t:|1782829275\n|switch|p1a: Roaring Moon|Roaring Moon, L72|270/270\n|-enditem|p1a: Roaring Moon|Booster Energy\n|-activate|p1a: Roaring Moon|ability: Protosynthesis|[fromitem]\n|-start|p1a: Roaring Moon|protosynthesisatk\n|turn|6\n|\n|t:|1782829302\n|move|p1a: Roaring Moon|Dragon Dance|p1a: Roaring Moon\n|-boost|p1a: Roaring Moon|atk|1\n|-boost|p1a: Roaring Moon|spe|1\n|move|p2a: Exeggutor|Leech Seed|p1a: Roaring Moon\n|-start|p1a: Roaring Moon|move: Leech Seed\n|\n|-damage|p1a: Roaring Moon|237/270|[from] Leech Seed|[of] p2a: Exeggutor\n|upkeep\n|turn|7\n|\n|t:|1782829316\n|move|p1a: Roaring Moon|Dragon Dance|p1a: Roaring Moon\n|-boost|p1a: Roaring Moon|atk|1\n|-boost|p1a: Roaring Moon|spe|1\n|move|p2a: Exeggutor|Substitute|p2a: Exeggutor\n|-start|p2a: Exeggutor|Substitute\n|-damage|p2a: Exeggutor|234/312\n|\n|-damage|p1a: Roaring Moon|204/270|[from] Leech Seed|[of] p2a: Exeggutor\n|-heal|p2a: Exeggutor|267/312|[silent]\n|upkeep\n|turn|8\n|\n|t:|1782829327\n|move|p2a: Exeggutor|Protect|p2a: Exeggutor\n|-singleturn|p2a: Exeggutor|Protect\n|move|p1a: Roaring Moon|Acrobatics|p2a: Exeggutor\n|-activate|p2a: Exeggutor|move: Protect\n|\n|-damage|p1a: Roaring Moon|171/270|[from] Leech Seed|[of] p2a: Exeggutor\n|-heal|p2a: Exeggutor|300/312|[silent]\n|upkeep\n|turn|9\n|\n|t:|1782829349\n|move|p1a: Roaring Moon|Acrobatics|p2a: Exeggutor\n|-supereffective|p2a: Exeggutor\n|-end|p2a: Exeggutor|Substitute\n|move|p2a: Exeggutor|Substitute|p2a: Exeggutor\n|-start|p2a: Exeggutor|Substitute\n|-damage|p2a: Exeggutor|222/312\n|\n|-damage|p1a: Roaring Moon|138/270|[from] Leech Seed|[of] p2a: Exeggutor\n|-heal|p2a: Exeggutor|255/312|[silent]\n|upkeep\n|turn|10\n|-message|landolake forfeited.\n|\n|win|chocolatefemboy\n|raw|landolake's rating: 1193 &rarr; <strong>1165</strong><br />(-28 for losing)\n|raw|chocolatefemboy's rating: 1155 &rarr; <strong>1183</strong><br />(+28 for winning)\n|l|\u2606landolake\n|player|p1|\n", "inputlog": ">version f8ac14003a5f27e1bdc8d8c59608a773c1cb96e5\n>start {\"formatid\":\"gen9randombattle\",\"seed\":\"sodium,e409725d70321c833bda50ba9502f546\",\"rated\":\"Rated battle\"}\n>player p1 {\"name\":\"landolake\",\"avatar\":\"266\",\"rating\":1193,\"seed\":\"sodium,2b7eb159ad8a9be71e878b3ecf04d63d\"}\n>player p2 {\"name\":\"chocolatefemboy\",\"avatar\":\"169\",\"rating\":1155,\"seed\":\"sodium,386505077657861e6d32164749dba0ed\"}\n>p1 switch 6\n>p2 move closecombat\n>p1 move shellsmash terastallize\n>p2 switch 2\n>p1 move shadowball\n>p2 move wavecrash terastallize\n>p1 switch 5\n>p1 move overdrive\n>p2 move hydropump\n>p2 switch 2\n>p1 move boomburst\n>p2 move uturn\n>p2 switch 4\n>p1 switch 2\n>p1 move dragondance\n>p2 move leechseed\n>p1 move dragondance\n>p2 move substitute\n>p1 move acrobatics\n>p2 move protect\n>p1 move acrobatics\n>p2 move substitute\n>forcelose p1", "uploadtime": 1782829361, "views": 6, "formatid": "gen9randombattle", "rating": 1165, "private": 0, "password": null, "player_dets": [{"name": "landolake", "avatar": "266", "rating": 1193, "seed": "sodium,2b7eb159ad8a9be71e878b3ecf04d63d"}, {"name": "chocolatefemboy", "avatar": "169", "rating": 1155, "seed": "sodium,386505077657861e6d32164749dba0ed"}], "teams_full": [{"Perrserker": {"name": "Perrserker", "species": "Perrserker", "speciesId": "perrserker", "gender": "M", "shiny": false, "level": 89, "moves": ["ironhead", "uturn", "closecombat", "knockoff"], "ability": "Tough Claws", "evs": {"hp": 85, "atk": 85, "def": 85, "spa": 85, "spd": 85, "spe": 85}, "ivs": {"hp": 31, "atk": 31, "def": 31, "spa": 31, "spd": 31, "spe": 31}, "item": "Choice Band", "teraType": "Fighting", "role": "Fast Attacker", "bvs": {"hp": 70, "atk": 110, "def": 100, "spa": 50, "spd": 60, "spe": 50}, "stats": {"hp": 269, "atk": 247, "def": 229, "spa": 140, "spd": 158, "spe": 140}, "types": ["Steel"]}, "Roaring Moon": {"name": "Roaring Moon", "species": "Roaring Moon", "speciesId": "roaringmoon", "gender": "N", "shiny": false, "level": 72, "moves": ["dragondance", "outrage", "acrobatics", "knockoff"], "ability": "Protosynthesis", "evs": {"hp": 85, "atk": 85, "def": 85, "spa": 85, "spd": 85, "spe": 85}, "ivs": {"hp": 31, "atk": 31, "def": 31, "spa": 31, "spd": 31, "spe": 31}, "item": "Booster Energy", "teraType": "Flying", "role": "Fast Bulky Setup", "bvs": {"hp": 105, "atk": 139, "def": 71, "spa": 55, "spd": 101, "spe": 119}, "stats": {"hp": 270, "atk": 242, "def": 144, "spa": 121, "spd": 187, "spe": 213}, "types": ["Dragon", "Dark"]}, "Gliscor": {"name": "Gliscor", "species": "Gliscor", "speciesId": "gliscor", "gender": "M", "shiny": false, "level": 76, "moves": ["earthquake", "protect", "toxic", "substitute"], "ability": "Poison Heal", "evs": {"hp": 85, "atk": 85, "def": 85, "spa": 85, "spd": 85, "spe": 85}, "ivs": {"hp": 31, "atk": 31, "def": 31, "spa": 31, "spd": 31, "spe": 31}, "item": "Toxic Orb", "teraType": "Water", "role": "Fast Support", "bvs": {"hp": 75, "atk": 95, "def": 125, "spa": 45, "spd": 75, "spe": 95}, "stats": {"hp": 239, "atk": 188, "def": 234, "spa": 112, "spd": 158, "spe": 188}, "types": ["Ground", "Flying"]}, "Klawf": {"name": "Klawf", "species": "Klawf", "speciesId": "klawf", "gender": "F", "shiny": false, "level": 90, "moves": ["knockoff", "highhorsepower", "stoneedge", "crabhammer"], "ability": "Regenerator", "evs": {"hp": 85, "atk": 85, "def": 85, "spa": 85, "spd": 85, "spe": 85}, "ivs": {"hp": 31, "atk": 31, "def": 31, "spa": 31, "spd": 31, "spe": 31}, "item": "Choice Band", "teraType": "Rock", "role": "Fast Attacker", "bvs": {"hp": 70, "atk": 100, "def": 115, "spa": 35, "spd": 55, "spe": 75}, "stats": {"hp": 272, "atk": 231, "def": 258, "spa": 114, "spd": 150, "spe": 186}, "types": ["Rock"]}, "Toxtricity": {"name": "Toxtricity", "species": "Toxtricity", "speciesId": "toxtricity", "gender": "F", "shiny": false, "level": 82, "moves": ["boomburst", "gunkshot", "overdrive", "shiftgear"], "ability": "Punk Rock", "evs": {"hp": 85, "atk": 85, "def": 85, "spa": 85, "spd": 85, "spe": 85}, "ivs": {"hp": 31, "atk": 31, "def": 31, "spa": 31, "spd": 31, "spe": 31}, "item": "Throat Spray", "teraType": "Normal", "role": "Setup Sweeper", "bvs": {"hp": 75, "atk": 98, "def": 70, "spa": 114, "spd": 70, "spe": 75}, "stats": {"hp": 257, "atk": 208, "def": 162, "spa": 234, "spd": 162, "spe": 170}, "types": ["Electric", "Poison"]}, "Polteageist": {"name": "Polteageist", "species": "Polteageist-Antique", "speciesId": "polteageist", "gender": "N", "shiny": false, "level": 78, "moves": ["storedpower", "shadowball", "terablast", "shellsmash"], "ability": "Cursed Body", "evs": {"hp": 85, "atk": 0, "def": 85, "spa": 85, "spd": 85, "spe": 85}, "ivs": {"hp": 31, "atk": 0, "def": 31, "spa": 31, "spd": 31, "spe": 31}, "item": "White Herb", "teraType": "Fighting", "role": "Tera Blast user", "bvs": {"hp": 60, "atk": 65, "def": 65, "spa": 134, "spd": 114, "spe": 70}, "stats": {"hp": 222, "atk": 106, "def": 146, "spa": 254, "spd": 223, "spe": 154}, "types": ["Ghost"]}}, {"Slither Wing": {"name": "Slither Wing", "species": "Slither Wing", "speciesId": "slitherwing", "gender": "N", "shiny": false, "level": 81, "moves": ["willowisp", "morningsun", "closecombat", "uturn"], "ability": "Protosynthesis", "evs": {"hp": 85, "atk": 85, "def": 85, "spa": 85, "spd": 85, "spe": 85}, "ivs": {"hp": 31, "atk": 31, "def": 31, "spa": 31, "spd": 31, "spe": 31}, "item": "Heavy-Duty Boots", "teraType": "Steel", "role": "Fast Support", "bvs": {"hp": 85, "atk": 135, "def": 79, "spa": 85, "spd": 105, "spe": 81}, "stats": {"hp": 270, "atk": 265, "def": 175, "spa": 184, "spd": 217, "spe": 178}, "types": ["Bug", "Fighting"]}, "Basculegion": {"name": "Basculegion", "species": "Basculegion-F", "speciesId": "basculegionf", "gender": "F", "shiny": false, "level": 83, "moves": ["shadowball", "hydropump", "flipturn", "wavecrash"], "ability": "Adaptability", "evs": {"hp": 85, "atk": 85, "def": 85, "spa": 85, "spd": 85, "spe": 85}, "ivs": {"hp": 31, "atk": 31, "def": 31, "spa": 31, "spd": 31, "spe": 31}, "item": "Assault Vest", "teraType": "Water", "role": "AV Pivot", "bvs": {"hp": 120, "atk": 92, "def": 65, "spa": 100, "spd": 75, "spe": 78}, "stats": {"hp": 335, "atk": 200, "def": 156, "spa": 214, "spd": 172, "spe": 177}, "types": ["Water", "Ghost"]}, "Tentacruel": {"name": "Tentacruel", "species": "Tentacruel", "speciesId": "tentacruel", "gender": "M", "shiny": false, "level": 84, "moves": ["knockoff", "rapidspin", "sludgebomb", "surf"], "ability": "Liquid Ooze", "evs": {"hp": 85, "atk": 85, "def": 85, "spa": 85, "spd": 85, "spe": 85}, "ivs": {"hp": 31, "atk": 31, "def": 31, "spa": 31, "spd": 31, "spe": 31}, "item": "Assault Vest", "teraType": "Grass", "role": "Bulky Support", "bvs": {"hp": 80, "atk": 70, "def": 65, "spa": 80, "spd": 120, "spe": 100}, "stats": {"hp": 272, "atk": 166, "def": 157, "spa": 183, "spd": 250, "spe": 216}, "types": ["Water", "Poison"]}, "Exeggutor": {"name": "Exeggutor", "species": "Exeggutor", "speciesId": "exeggutor", "gender": "M", "shiny": false, "level": 89, "moves": ["protect", "psychicnoise", "substitute", "leechseed"], "ability": "Harvest", "evs": {"hp": 77, "atk": 0, "def": 85, "spa": 85, "spd": 85, "spe": 85}, "ivs": {"hp": 31, "atk": 0, "def": 31, "spa": 31, "spd": 31, "spe": 31}, "item": "Sitrus Berry", "teraType": "Steel", "role": "Bulky Attacker", "bvs": {"hp": 95, "atk": 95, "def": 85, "spa": 125, "spd": 75, "spe": 55}, "stats": {"hp": 312, "atk": 174, "def": 202, "spa": 273, "spd": 184, "spe": 149}, "types": ["Grass", "Psychic"]}, "Swalot": {"name": "Swalot", "species": "Swalot", "speciesId": "swalot", "gender": "M", "shiny": false, "level": 90, "moves": ["sludgebomb", "toxicspikes", "painsplit", "knockoff"], "ability": "Liquid Ooze", "evs": {"hp": 85, "atk": 85, "def": 85, "spa": 85, "spd": 85, "spe": 85}, "ivs": {"hp": 31, "atk": 31, "def": 31, "spa": 31, "spd": 31, "spe": 31}, "item": "Leftovers", "teraType": "Dark", "role": "Bulky Attacker", "bvs": {"hp": 100, "atk": 73, "def": 83, "spa": 73, "spd": 83, "spe": 55}, "stats": {"hp": 326, "atk": 183, "def": 201, "spa": 183, "spd": 201, "spe": 150}, "types": ["Poison"]}, "Gardevoir": {"name": "Gardevoir", "species": "Gardevoir", "speciesId": "gardevoir", "gender": "F", "shiny": false, "level": 83, "moves": ["moonblast", "focusblast", "calmmind", "psychic"], "ability": "Trace", "evs": {"hp": 85, "atk": 0, "def": 85, "spa": 85, "spd": 85, "spe": 85}, "ivs": {"hp": 31, "atk": 0, "def": 31, "spa": 31, "spd": 31, "spe": 31}, "item": "Life Orb", "teraType": "Fairy", "role": "Fast Attacker", "bvs": {"hp": 68, "atk": 65, "def": 65, "spa": 125, "spd": 115, "spe": 80}, "stats": {"hp": 249, "atk": 112, "def": 156, "spa": 255, "spd": 239, "spe": 180}, "types": ["Psychic", "Fairy"]}}]}