{"id": "gen9randombattle-2641496864", "format": "[Gen 9] Random Battle", "players": ["rilianth", "bellenguer2"], "log": "|j|\u2606rilianth\n|j|\u203dbellenguer2\n|t:|1782794672\n|gametype|singles\n|player|p1|rilianth|102|1601\n|player|p2|bellenguer2|dawn|1550\n|gen|9\n|tier|[Gen 9] Random Battle\n|rated|\n|rule|Species Clause: Limit one of each Pok\u00e9mon\n|rule|HP Percentage Mod: HP is shown in percentages\n|rule|Sleep Clause Mod: Limit one foe put to sleep\n|rule|Illusion Level Mod: Illusion disguises the Pok\u00e9mon's true level\n|\n|t:|1782794672\n|teamsize|p1|6\n|teamsize|p2|6\n|start\n|switch|p1a: Emboar|Emboar, L84, F|322/322\n|switch|p2a: Kingambit|Kingambit, L74, M|270/270\n|turn|1\n|inactive|Battle timer is ON: inactive players will automatically lose when time's up. (requested by rilianth)\n|\n|t:|1782794691\n|-end|p2a: Kingambit|fallenundefined|[silent]\n|switch|p2a: Braviary|Braviary-Hisui, L85, M|326/326\n|move|p1a: Emboar|Knock Off|p2a: Braviary\n|-supereffective|p2a: Braviary\n|-damage|p2a: Braviary|142/326\n|-enditem|p2a: Braviary|Heavy-Duty Boots|[from] move: Knock Off|[of] p1a: Emboar\n|\n|upkeep\n|turn|2\n|\n|t:|1782794714\n|switch|p1a: Dugtrio|Dugtrio-Alola, L84, M|196/196\n|move|p2a: Braviary|Esper Wing|p1a: Dugtrio\n|-resisted|p1a: Dugtrio\n|-damage|p1a: Dugtrio|84/196\n|-boost|p2a: Braviary|spe|1\n|\n|upkeep\n|turn|3\n|\n|t:|1782794733\n|move|p2a: Braviary|Roost|p2a: Braviary\n|-heal|p2a: Braviary|305/326\n|-singleturn|p2a: Braviary|move: Roost\n|move|p1a: Dugtrio|Iron Head|p2a: Braviary\n|-damage|p2a: Braviary|155/326\n|\n|upkeep\n|turn|4\n|\n|t:|1782794740\n|move|p2a: Braviary|Esper Wing|p1a: Dugtrio\n|-resisted|p1a: Dugtrio\n|-damage|p1a: Dugtrio|0 fnt\n|-boost|p2a: Braviary|spe|1\n|faint|p1a: Dugtrio\n|\n|upkeep\n|\n|t:|1782794745\n|switch|p1a: Vespiquen|Vespiquen, L99, F|299/299\n|-ability|p1a: Vespiquen|Pressure\n|turn|5\n|\n|t:|1782794761\n|move|p2a: Braviary|Hurricane|p1a: Vespiquen\n|-supereffective|p1a: Vespiquen\n|-damage|p1a: Vespiquen|107/299\n|move|p1a: Vespiquen|Air Slash|p2a: Braviary\n|-damage|p2a: Braviary|50/326\n|\n|upkeep\n|turn|6\n|\n|t:|1782794780\n|move|p2a: Braviary|Roost|p2a: Braviary\n|-heal|p2a: Braviary|213/326\n|-singleturn|p2a: Braviary|move: Roost\n|move|p1a: Vespiquen|Roost|p1a: Vespiquen\n|-heal|p1a: Vespiquen|257/299\n|-singleturn|p1a: Vespiquen|move: Roost\n|\n|upkeep\n|turn|7\n|\n|t:|1782794784\n|move|p2a: Braviary|Calm Mind|p2a: Braviary\n|-boost|p2a: Braviary|spa|1\n|-boost|p2a: Braviary|spd|1\n|move|p1a: Vespiquen|Air Slash|p2a: Braviary\n|-damage|p2a: Braviary|135/326\n|\n|upkeep\n|turn|8\n|\n|t:|1782794795\n|move|p2a: Braviary|Calm Mind|p2a: Braviary\n|-boost|p2a: Braviary|spa|1\n|-boost|p2a: Braviary|spd|1\n|move|p1a: Vespiquen|Air Slash|p2a: Braviary\n|-damage|p2a: Braviary|77/326\n|\n|upkeep\n|turn|9\n|\n|t:|1782794816\n|switch|p1a: Deoxys|Deoxys, L74|196/196\n|-ability|p1a: Deoxys|Pressure\n|move|p2a: Braviary|Roost|p2a: Braviary\n|-heal|p2a: Braviary|240/326\n|-singleturn|p2a: Braviary|move: Roost\n|\n|upkeep\n|turn|10\n|\n|t:|1782794826\n|-terastallize|p1a: Deoxys|Normal\n|move|p2a: Braviary|Hurricane|p1a: Deoxys|[miss]\n|-miss|p2a: Braviary|p1a: Deoxys\n|move|p1a: Deoxys|Knock Off|p2a: Braviary\n|-supereffective|p2a: Braviary\n|-damage|p2a: Braviary|87/326\n|-damage|p1a: Deoxys|177/196|[from] item: Life Orb\n|\n|upkeep\n|turn|11\n|\n|t:|1782794845\n|move|p1a: Deoxys|Extreme Speed|p2a: Braviary\n|-damage|p2a: Braviary|0 fnt\n|faint|p2a: Braviary\n|-damage|p1a: Deoxys|158/196|[from] item: Life Orb\n|\n|upkeep\n|inactive|bellenguer2 has 120 seconds left.\n|\n|t:|1782794868\n|switch|p2a: Comfey|Comfey, L85, M|225/225\n|turn|12\n|\n|t:|1782794897\n|move|p2a: Comfey|Draining Kiss|p1a: Deoxys\n|-damage|p1a: Deoxys|74/196\n|move|p1a: Deoxys|Psycho Boost|p2a: Comfey|[miss]\n|-miss|p1a: Deoxys|p2a: Comfey\n|\n|upkeep\n|turn|13\n|inactive|rilianth has 120 seconds left.\n|\n|t:|1782794914\n|move|p2a: Comfey|Draining Kiss|p1a: Deoxys\n|-damage|p1a: Deoxys|0 fnt\n|faint|p1a: Deoxys\n|\n|upkeep\n|\n|t:|1782794919\n|switch|p1a: Emboar|Emboar, L84, F|322/322\n|turn|14\n|\n|t:|1782794943\n|move|p1a: Emboar|Flare Blitz|p2a: Comfey\n|-damage|p2a: Comfey|41/225\n|-status|p2a: Comfey|brn\n|-damage|p1a: Emboar|261/322|[from] Recoil\n|move|p2a: Comfey|Calm Mind|p2a: Comfey\n|-boost|p2a: Comfey|spa|1\n|-boost|p2a: Comfey|spd|1\n|\n|-heal|p2a: Comfey|55/225 brn|[from] item: Leftovers\n|-damage|p2a: Comfey|41/225 brn|[from] brn\n|upkeep\n|turn|15\n|\n|t:|1782794953\n|move|p2a: Comfey|Draining Kiss|p1a: Emboar\n|-damage|p1a: Emboar|165/322\n|-heal|p2a: Comfey|113/225 brn|[from] drain|[of] p1a: Emboar\n|move|p1a: Emboar|Flare Blitz|p2a: Comfey\n|-damage|p2a: Comfey|0 fnt\n|faint|p2a: Comfey\n|-damage|p1a: Emboar|128/322|[from] Recoil\n|\n|upkeep\n|\n|t:|1782794961\n|switch|p2a: Veluza|Veluza, L85, F|292/292\n|turn|16\n|\n|t:|1782794977\n|switch|p1a: Palafin|Palafin, L77, M|281/281\n|move|p2a: Veluza|Aqua Cutter|p1a: Palafin\n|-resisted|p1a: Palafin\n|-crit|p1a: Palafin\n|-damage|p1a: Palafin|99/281\n|\n|-heal|p1a: Palafin|116/281|[from] item: Leftovers\n|upkeep\n|turn|17\n|\n|t:|1782794985\n|detailschange|p1a: Palafin|Palafin-Hero, L77, M\n|switch|p1a: Vespiquen|Vespiquen, L99, F|257/299\n|-ability|p1a: Vespiquen|Pressure\n|move|p2a: Veluza|Aqua Cutter|p1a: Vespiquen\n|-damage|p1a: Vespiquen|122/299\n|\n|upkeep\n|turn|18\n|\n|t:|1782794995\n|move|p2a: Veluza|Aqua Cutter|p1a: Vespiquen\n|-crit|p1a: Vespiquen\n|-damage|p1a: Vespiquen|0 fnt\n|faint|p1a: Vespiquen\n|\n|upkeep\n|\n|t:|1782794998\n|switch|p1a: Palafin|Palafin-Hero, L77, M|116/281\n|-activate|p1a: Palafin|ability: Zero to Hero\n|turn|19\n|\n|t:|1782795003\n|move|p1a: Palafin|Bulk Up|p1a: Palafin\n|-boost|p1a: Palafin|atk|1\n|-boost|p1a: Palafin|def|1\n|move|p2a: Veluza|Aqua Cutter|p1a: Palafin\n|-resisted|p1a: Palafin\n|-damage|p1a: Palafin|55/281\n|\n|-heal|p1a: Palafin|72/281|[from] item: Leftovers\n|upkeep\n|turn|20\n|\n|t:|1782795013\n|move|p1a: Palafin|Bulk Up|p1a: Palafin\n|-boost|p1a: Palafin|atk|1\n|-boost|p1a: Palafin|def|1\n|move|p2a: Veluza|Aqua Cutter|p1a: Palafin\n|-resisted|p1a: Palafin\n|-damage|p1a: Palafin|26/281\n|\n|-heal|p1a: Palafin|43/281|[from] item: Leftovers\n|upkeep\n|turn|21\n|\n|t:|1782795021\n|move|p1a: Palafin|Bulk Up|p1a: Palafin\n|-boost|p1a: Palafin|atk|1\n|-boost|p1a: Palafin|def|1\n|move|p2a: Veluza|Aqua Cutter|p1a: Palafin\n|-resisted|p1a: Palafin\n|-damage|p1a: Palafin|10/281\n|\n|-heal|p1a: Palafin|27/281|[from] item: Leftovers\n|upkeep\n|turn|22\n|\n|t:|1782795029\n|move|p1a: Palafin|Wave Crash|p2a: Veluza\n|-resisted|p2a: Veluza\n|-damage|p2a: Veluza|64/292\n|-damage|p1a: Palafin|0 fnt|[from] Recoil\n|faint|p1a: Palafin\n|move|p2a: Veluza|Aqua Cutter|p1: Palafin|[notarget]\n|-fail|p2a: Veluza\n|\n|upkeep\n|\n|t:|1782795032\n|switch|p1a: Dragapult|Dragapult, L77, F|262/262\n|turn|23\n|\n|t:|1782795040\n|move|p1a: Dragapult|U-turn|p2a: Veluza\n|-supereffective|p2a: Veluza\n|-damage|p2a: Veluza|0 fnt\n|faint|p2a: Veluza\n|\n|t:|1782795043\n|switch|p1a: Emboar|Emboar, L84, F|128/322|[from] U-turn\n|\n|upkeep\n|\n|t:|1782795054\n|switch|p2a: Klawf|Klawf, L90, M|272/272\n|turn|24\n|\n|t:|1782795069\n|move|p1a: Emboar|Close Combat|p2a: Klawf\n|-supereffective|p2a: Klawf\n|-damage|p2a: Klawf|30/272\n|-unboost|p1a: Emboar|def|1\n|-unboost|p1a: Emboar|spd|1\n|move|p2a: Klawf|High Horsepower|p1a: Emboar\n|-supereffective|p1a: Emboar\n|-damage|p1a: Emboar|0 fnt\n|faint|p1a: Emboar\n|-damage|p2a: Klawf|3/272|[from] item: Life Orb\n|\n|upkeep\n|\n|t:|1782795072\n|switch|p1a: Dragapult|Dragapult, L77, F|262/262\n|turn|25\n|\n|t:|1782795082\n|move|p1a: Dragapult|U-turn|p2a: Klawf\n|-crit|p2a: Klawf\n|-damage|p2a: Klawf|0 fnt\n|faint|p2a: Klawf\n|\n|upkeep\n|\n|t:|1782795088\n|switch|p2a: Crawdaunt|Crawdaunt, L84, M|243/243\n|turn|26\n|\n|t:|1782795103\n|move|p1a: Dragapult|Will-O-Wisp|p2a: Crawdaunt\n|-status|p2a: Crawdaunt|brn\n|move|p2a: Crawdaunt|Knock Off|p1a: Dragapult\n|-supereffective|p1a: Dragapult\n|-crit|p1a: Dragapult\n|-damage|p1a: Dragapult|0 fnt\n|-enditem|p1a: Dragapult|Heavy-Duty Boots|[from] move: Knock Off|[of] p2a: Crawdaunt\n|faint|p1a: Dragapult\n|-damage|p2a: Crawdaunt|219/243 brn|[from] item: Life Orb\n|\n|win|bellenguer2\n|raw|rilianth's rating: 1601 &rarr; <strong>1578</strong><br />(-23 for losing)\n|raw|bellenguer2's rating: 1550 &rarr; <strong>1573</strong><br />(+23 for winning)\n", "inputlog": ">version f8ac14003a5f27e1bdc8d8c59608a773c1cb96e5\n>start {\"formatid\":\"gen9randombattle\",\"seed\":\"sodium,0b69718abf5d460beb3f868745ddc9d6\",\"rated\":\"Rated battle\"}\n>player p1 {\"name\":\"rilianth\",\"avatar\":\"102\",\"rating\":1601,\"seed\":\"sodium,7be664a5d99239d0ab5fac08cd5ad766\"}\n>player p2 {\"name\":\"bellenguer2\",\"avatar\":\"dawn\",\"rating\":1550,\"seed\":\"sodium,a1d663f7033e08ba0080d3c95cf719ad\"}\n>p1 move knockoff\n>p2 switch 6\n>p1 switch 6\n>p2 move esperwing\n>p1 move ironhead\n>p2 move roost\n>p1 move ironhead\n>p2 move esperwing\n>p1 switch 5\n>p1 move airslash\n>p2 move hurricane\n>p1 move roost\n>p2 move roost\n>p1 move airslash\n>p2 move calmmind\n>p1 move airslash\n>p2 move calmmind\n>p1 switch 2\n>p2 move roost\n>p1 move knockoff terastallize\n>p2 move hurricane\n>p1 move extremespeed\n>p2 move roost\n>p2 switch 4\n>p1 move psychoboost\n>p2 move drainingkiss\n>p1 move psychoboost\n>p2 move drainingkiss\n>p1 switch 6\n>p1 move flareblitz\n>p2 move calmmind\n>p1 move flareblitz\n>p2 move drainingkiss\n>p2 switch 5\n>p1 switch 3\n>p2 move aquacutter\n>p1 switch 2\n>p2 move aquacutter\n>p1 move airslash\n>p2 move aquacutter\n>p1 switch 2\n>p1 move bulkup\n>p2 move aquacutter\n>p1 move bulkup\n>p2 move aquacutter\n>p1 move bulkup\n>p2 move aquacutter\n>p1 move wavecrash\n>p2 move aquacutter\n>p1 switch 4\n>p1 move uturn\n>p2 move aquacutter\n>p1 switch 3\n>p2 switch 2\n>p1 move closecombat\n>p2 move highhorsepower\n>p1 switch 3\n>p1 move uturn\n>p2 move highhorsepower\n>p2 switch 3\n>p1 move willowisp\n>p2 move knockoff", "uploadtime": 1782795113, "views": 2, "formatid": "gen9randombattle", "rating": 1573, "private": 0, "password": null, "player_dets": [{"name": "rilianth", "avatar": "102", "rating": 1601, "seed": "sodium,7be664a5d99239d0ab5fac08cd5ad766"}, {"name": "bellenguer2", "avatar": "dawn", "rating": 1550, "seed": "sodium,a1d663f7033e08ba0080d3c95cf719ad"}], "teams_full": [{"Emboar": {"name": "Emboar", "species": "Emboar", "speciesId": "emboar", "gender": "F", "shiny": false, "level": 84, "moves": ["closecombat", "flareblitz", "headsmash", "knockoff"], "ability": "Reckless", "evs": {"hp": 85, "atk": 85, "def": 85, "spa": 85, "spd": 85, "spe": 85}, "ivs": {"hp": 31, "atk": 31, "def": 31, "spa": 31, "spd": 31, "spe": 31}, "item": "Choice Scarf", "teraType": "Fire", "role": "Fast Attacker", "bvs": {"hp": 110, "atk": 123, "def": 65, "spa": 100, "spd": 65, "spe": 65}, "stats": {"hp": 322, "atk": 255, "def": 157, "spa": 216, "spd": 157, "spe": 157}, "types": ["Fire", "Fighting"]}, "Deoxys": {"name": "Deoxys", "species": "Deoxys", "speciesId": "deoxys", "gender": "N", "shiny": false, "level": 74, "moves": ["psychoboost", "extremespeed", "knockoff", "superpower"], "ability": "Pressure", "evs": {"hp": 85, "atk": 85, "def": 85, "spa": 85, "spd": 85, "spe": 85}, "ivs": {"hp": 31, "atk": 31, "def": 31, "spa": 31, "spd": 31, "spe": 31}, "item": "Life Orb", "teraType": "Normal", "role": "Fast Attacker", "bvs": {"hp": 50, "atk": 150, "def": 50, "spa": 150, "spd": 50, "spe": 150}, "stats": {"hp": 196, "atk": 265, "def": 117, "spa": 265, "spd": 117, "spe": 265}, "types": ["Psychic"]}, "Palafin": {"name": "Palafin", "species": "Palafin", "speciesId": "palafin", "gender": "M", "shiny": false, "level": 77, "moves": ["wavecrash", "icepunch", "jetpunch", "bulkup"], "ability": "Zero to Hero", "evs": {"hp": 85, "atk": 85, "def": 85, "spa": 85, "spd": 85, "spe": 85}, "ivs": {"hp": 31, "atk": 31, "def": 31, "spa": 31, "spd": 31, "spe": 31}, "item": "Leftovers", "teraType": "Steel", "role": "Bulky Setup", "bvs": {"hp": 100, "atk": 70, "def": 72, "spa": 53, "spd": 62, "spe": 100}, "stats": {"hp": 281, "atk": 152, "def": 155, "spa": 126, "spd": 140, "spe": 199}, "types": ["Water"]}, "Dragapult": {"name": "Dragapult", "species": "Dragapult", "speciesId": "dragapult", "gender": "F", "shiny": false, "level": 77, "moves": ["hex", "dragondarts", "uturn", "willowisp"], "ability": "Infiltrator", "evs": {"hp": 85, "atk": 85, "def": 85, "spa": 85, "spd": 85, "spe": 85}, "ivs": {"hp": 31, "atk": 31, "def": 31, "spa": 31, "spd": 31, "spe": 31}, "item": "Heavy-Duty Boots", "teraType": "Dragon", "role": "Fast Support", "bvs": {"hp": 88, "atk": 120, "def": 75, "spa": 100, "spd": 75, "spe": 142}, "stats": {"hp": 262, "atk": 229, "def": 160, "spa": 199, "spd": 160, "spe": 263}, "types": ["Dragon", "Ghost"]}, "Vespiquen": {"name": "Vespiquen", "species": "Vespiquen", "speciesId": "vespiquen", "gender": "F", "shiny": false, "level": 99, "moves": ["toxicspikes", "spikes", "roost", "airslash"], "ability": "Pressure", "evs": {"hp": 85, "atk": 0, "def": 85, "spa": 85, "spd": 85, "spe": 85}, "ivs": {"hp": 31, "atk": 0, "def": 31, "spa": 31, "spd": 31, "spe": 31}, "item": "Heavy-Duty Boots", "teraType": "Steel", "role": "Bulky Support", "bvs": {"hp": 70, "atk": 80, "def": 102, "spa": 80, "spd": 102, "spe": 40}, "stats": {"hp": 299, "atk": 163, "def": 258, "spa": 214, "spd": 258, "spe": 135}, "types": ["Bug", "Flying"]}, "Dugtrio": {"name": "Dugtrio", "species": "Dugtrio-Alola", "speciesId": "dugtrioalola", "gender": "M", "shiny": false, "level": 84, "moves": ["earthquake", "suckerpunch", "stoneedge", "ironhead"], "ability": "Tangling Hair", "evs": {"hp": 85, "atk": 85, "def": 85, "spa": 85, "spd": 85, "spe": 85}, "ivs": {"hp": 31, "atk": 31, "def": 31, "spa": 31, "spd": 31, "spe": 31}, "item": "Choice Band", "teraType": "Steel", "role": "Fast Attacker", "bvs": {"hp": 35, "atk": 100, "def": 60, "spa": 50, "spd": 70, "spe": 110}, "stats": {"hp": 196, "atk": 216, "def": 149, "spa": 132, "spd": 166, "spe": 233}, "types": ["Ground", "Steel"]}}, {"Kingambit": {"name": "Kingambit", "species": "Kingambit", "speciesId": "kingambit", "gender": "M", "shiny": false, "level": 74, "moves": ["swordsdance", "kowtowcleave", "suckerpunch", "ironhead"], "ability": "Supreme Overlord", "evs": {"hp": 85, "atk": 85, "def": 85, "spa": 85, "spd": 85, "spe": 85}, "ivs": {"hp": 31, "atk": 31, "def": 31, "spa": 31, "spd": 31, "spe": 31}, "item": "Leftovers", "teraType": "Flying", "role": "Bulky Attacker", "bvs": {"hp": 100, "atk": 135, "def": 120, "spa": 60, "spd": 85, "spe": 50}, "stats": {"hp": 270, "atk": 243, "def": 221, "spa": 132, "spd": 169, "spe": 117}, "types": ["Dark", "Steel"]}, "Klawf": {"name": "Klawf", "species": "Klawf", "speciesId": "klawf", "gender": "M", "shiny": false, "level": 90, "moves": ["stoneedge", "highhorsepower", "crabhammer", "stealthrock"], "ability": "Regenerator", "evs": {"hp": 85, "atk": 85, "def": 85, "spa": 85, "spd": 85, "spe": 85}, "ivs": {"hp": 31, "atk": 31, "def": 31, "spa": 31, "spd": 31, "spe": 31}, "item": "Life Orb", "teraType": "Water", "role": "Fast Attacker", "bvs": {"hp": 70, "atk": 100, "def": 115, "spa": 35, "spd": 55, "spe": 75}, "stats": {"hp": 272, "atk": 231, "def": 258, "spa": 114, "spd": 150, "spe": 186}, "types": ["Rock"]}, "Crawdaunt": {"name": "Crawdaunt", "species": "Crawdaunt", "speciesId": "crawdaunt", "gender": "M", "shiny": false, "level": 84, "moves": ["knockoff", "crabhammer", "aquajet", "dragondance"], "ability": "Adaptability", "evs": {"hp": 85, "atk": 85, "def": 85, "spa": 85, "spd": 85, "spe": 85}, "ivs": {"hp": 31, "atk": 31, "def": 31, "spa": 31, "spd": 31, "spe": 31}, "item": "Life Orb", "teraType": "Water", "role": "Setup Sweeper", "bvs": {"hp": 63, "atk": 120, "def": 85, "spa": 90, "spd": 55, "spe": 55}, "stats": {"hp": 243, "atk": 250, "def": 191, "spa": 199, "spd": 141, "spe": 141}, "types": ["Water", "Dark"]}, "Comfey": {"name": "Comfey", "species": "Comfey", "speciesId": "comfey", "gender": "M", "shiny": false, "level": 85, "moves": ["calmmind", "drainingkiss", "gigadrain", "storedpower"], "ability": "Triage", "evs": {"hp": 85, "atk": 0, "def": 85, "spa": 85, "spd": 85, "spe": 85}, "ivs": {"hp": 31, "atk": 0, "def": 31, "spa": 31, "spd": 31, "spe": 31}, "item": "Leftovers", "teraType": "Steel", "role": "Bulky Setup", "bvs": {"hp": 51, "atk": 52, "def": 90, "spa": 82, "spd": 110, "spe": 100}, "stats": {"hp": 225, "atk": 93, "def": 202, "spa": 188, "spd": 236, "spe": 219}, "types": ["Fairy"]}, "Veluza": {"name": "Veluza", "species": "Veluza", "speciesId": "veluza", "gender": "F", "shiny": false, "level": 85, "moves": ["flipturn", "aquacutter", "nightslash", "psychocut"], "ability": "Sharpness", "evs": {"hp": 85, "atk": 85, "def": 85, "spa": 85, "spd": 85, "spe": 85}, "ivs": {"hp": 31, "atk": 31, "def": 31, "spa": 31, "spd": 31, "spe": 31}, "item": "Choice Band", "teraType": "Dark", "role": "Fast Attacker", "bvs": {"hp": 90, "atk": 102, "def": 73, "spa": 78, "spd": 65, "spe": 70}, "stats": {"hp": 292, "atk": 222, "def": 173, "spa": 181, "spd": 159, "spe": 168}, "types": ["Water", "Psychic"]}, "Braviary": {"name": "Braviary", "species": "Braviary-Hisui", "speciesId": "braviaryhisui", "gender": "M", "shiny": false, "level": 85, "moves": ["calmmind", "esperwing", "roost", "hurricane"], "ability": "Tinted Lens", "evs": {"hp": 85, "atk": 0, "def": 85, "spa": 85, "spd": 85, "spe": 85}, "ivs": {"hp": 31, "atk": 0, "def": 31, "spa": 31, "spd": 31, "spe": 31}, "item": "Heavy-Duty Boots", "teraType": "Fairy", "role": "Bulky Attacker", "bvs": {"hp": 110, "atk": 83, "def": 70, "spa": 112, "spd": 70, "spe": 65}, "stats": {"hp": 326, "atk": 146, "def": 168, "spa": 239, "spd": 168, "spe": 159}, "types": ["Psychic", "Flying"]}}]}