{"id": "gen9randombattle-2641427021", "format": "[Gen 9] Random Battle", "players": ["bluffmepls", "pnm123"], "log": "|badge|p2|bronze|gen9randombattle|100-9\n|html|<div class=\"broadcast-red\"><strong>This battle is required to be public due to one or more player having a season medal.</strong><br />During the public phase, you can discuss the state of the ladder <a href=\"/seasondiscussion\">in a special chatroom.</a></div>\n|uhtml|medal-msg|<div class=\"broadcast-blue\">Curious what those medals under the avatar are? PS now has Ladder Seasons! For more information, check out the <a href=\"https://www.smogon.com/forums/threads/3740067/\">thread on Smogon.</a></div>\n|raw|<div class=\"broadcast-blue\"><strong>This battle is required to be public due to a player having a name starting with 'medal'.</div>\n|j|\u2606bluffmepls\n|j|\u2606pnm123\n|t:|1782783112\n|gametype|singles\n|player|p1|bluffmepls|169|2130\n|player|p2|pnm123|fisherman-gen4|2335\n|gen|9\n|tier|[Gen 9] Random Battle\n|rated|\n|rule|Species Clause: Limit one of each Pok\u00e9mon\n|rule|HP Percentage Mod: HP is shown in percentages\n|rule|Sleep Clause Mod: Limit one foe put to sleep\n|rule|Illusion Level Mod: Illusion disguises the Pok\u00e9mon's true level\n|\n|t:|1782783112\n|teamsize|p1|6\n|teamsize|p2|6\n|start\n|switch|p1a: Delphox|Delphox, L84, F|263/263\n|switch|p2a: Rotom|Rotom-Fan, L86|226/226\n|turn|1\n|inactive|Battle timer is ON: inactive players will automatically lose when time's up. (requested by pnm123)\n|inactive|bluffmepls also wants the timer to be on.\n|\n|t:|1782783126\n|move|p1a: Delphox|Fire Blast|p2a: Rotom\n|-damage|p2a: Rotom|49/226\n|move|p2a: Rotom|Thunder Wave|p1a: Delphox\n|-status|p1a: Delphox|par\n|\n|upkeep\n|turn|2\n|\n|t:|1782783132\n|move|p2a: Rotom|Thunderbolt|p1a: Delphox\n|-damage|p1a: Delphox|160/263 par\n|move|p1a: Delphox|Fire Blast|p2a: Rotom\n|-damage|p2a: Rotom|0 fnt\n|faint|p2a: Rotom\n|\n|upkeep\n|\n|t:|1782783138\n|switch|p2a: Quagsire|Quagsire, L84, F|297/297\n|turn|3\n|\n|t:|1782783160\n|switch|p1a: Komala|Komala, L88, M|258/258\n|-ability|p1a: Komala|Comatose\n|move|p2a: Quagsire|Toxic|p1a: Komala|[miss]\n|-miss|p2a: Quagsire|p1a: Komala\n|\n|upkeep\n|turn|4\n|inactive|pnm123 has 120 seconds left.\n|\n|t:|1782783209\n|move|p1a: Komala|Knock Off|p2a: Quagsire\n|-damage|p2a: Quagsire|203/297\n|-enditem|p2a: Quagsire|Leftovers|[from] move: Knock Off|[of] p1a: Komala\n|move|p2a: Quagsire|Earthquake|p1a: Komala\n|-damage|p1a: Komala|152/258\n|\n|upkeep\n|turn|5\n|\n|t:|1782783215\n|move|p1a: Komala|Body Slam|p2a: Quagsire\n|-damage|p2a: Quagsire|86/297\n|-status|p2a: Quagsire|par\n|move|p2a: Quagsire|Recover|p2a: Quagsire\n|-heal|p2a: Quagsire|235/297 par\n|\n|upkeep\n|turn|6\n|inactive|pnm123 has 120 seconds left.\n|\n|t:|1782783228\n|move|p1a: Komala|Body Slam|p2a: Quagsire\n|-crit|p2a: Quagsire\n|-damage|p2a: Quagsire|69/297 par\n|move|p2a: Quagsire|Recover|p2a: Quagsire\n|-heal|p2a: Quagsire|218/297 par\n|\n|upkeep\n|turn|7\n|\n|t:|1782783233\n|switch|p1a: Delphox|Delphox, L84, F|160/263 par\n|cant|p2a: Quagsire|par\n|\n|upkeep\n|turn|8\n|\n|t:|1782783237\n|move|p1a: Delphox|Grass Knot|p2a: Quagsire\n|-supereffective|p2a: Quagsire\n|-damage|p2a: Quagsire|0 fnt\n|faint|p2a: Quagsire\n|\n|upkeep\n|\n|t:|1782783242\n|switch|p2a: Leafeon|Leafeon, L88, M|258/258\n|turn|9\n|\n|t:|1782783247\n|switch|p1a: Coalossal|Coalossal, L89, F|341/341\n|move|p2a: Leafeon|Substitute|p2a: Leafeon\n|-start|p2a: Leafeon|Substitute\n|-damage|p2a: Leafeon|194/258\n|\n|-heal|p2a: Leafeon|210/258|[from] item: Leftovers\n|upkeep\n|turn|10\n|\n|t:|1782783253\n|move|p2a: Leafeon|Swords Dance|p2a: Leafeon\n|-boost|p2a: Leafeon|atk|2\n|move|p1a: Coalossal|Stone Edge|p2a: Leafeon\n|-end|p2a: Leafeon|Substitute\n|\n|-heal|p2a: Leafeon|226/258|[from] item: Leftovers\n|upkeep\n|turn|11\n|\n|t:|1782783257\n|move|p2a: Leafeon|Substitute|p2a: Leafeon\n|-start|p2a: Leafeon|Substitute\n|-damage|p2a: Leafeon|162/258\n|move|p1a: Coalossal|Overheat|p2a: Leafeon\n|-supereffective|p2a: Leafeon\n|-end|p2a: Leafeon|Substitute\n|-unboost|p1a: Coalossal|spa|2\n|\n|-heal|p2a: Leafeon|178/258|[from] item: Leftovers\n|upkeep\n|turn|12\n|\n|t:|1782783262\n|move|p2a: Leafeon|Substitute|p2a: Leafeon\n|-start|p2a: Leafeon|Substitute\n|-damage|p2a: Leafeon|114/258\n|move|p1a: Coalossal|Stone Edge|p2a: Leafeon\n|-end|p2a: Leafeon|Substitute\n|\n|-heal|p2a: Leafeon|130/258|[from] item: Leftovers\n|upkeep\n|turn|13\n|\n|t:|1782783264\n|move|p2a: Leafeon|Substitute|p2a: Leafeon\n|-start|p2a: Leafeon|Substitute\n|-damage|p2a: Leafeon|66/258\n|move|p1a: Coalossal|Stone Edge|p2a: Leafeon\n|-end|p2a: Leafeon|Substitute\n|\n|-heal|p2a: Leafeon|82/258|[from] item: Leftovers\n|upkeep\n|turn|14\n|\n|t:|1782783266\n|move|p2a: Leafeon|Leaf Blade|p1a: Coalossal\n|-damage|p1a: Coalossal|164/341\n|-status|p2a: Leafeon|brn|[from] ability: Flame Body|[of] p1a: Coalossal\n|move|p1a: Coalossal|Stone Edge|p2a: Leafeon\n|-damage|p2a: Leafeon|7/258 brn\n|\n|-heal|p2a: Leafeon|23/258 brn|[from] item: Leftovers\n|-damage|p2a: Leafeon|7/258 brn|[from] brn\n|upkeep\n|turn|15\n|\n|t:|1782783272\n|move|p2a: Leafeon|Leaf Blade|p1a: Coalossal\n|-crit|p1a: Coalossal\n|-damage|p1a: Coalossal|27/341\n|move|p1a: Coalossal|Spikes|p2a: Leafeon\n|-sidestart|p2: pnm123|Spikes\n|\n|-heal|p2a: Leafeon|23/258 brn|[from] item: Leftovers\n|-damage|p2a: Leafeon|7/258 brn|[from] brn\n|upkeep\n|turn|16\n|\n|t:|1782783275\n|move|p2a: Leafeon|Leaf Blade|p1a: Coalossal\n|-damage|p1a: Coalossal|0 fnt\n|faint|p1a: Coalossal\n|\n|-heal|p2a: Leafeon|23/258 brn|[from] item: Leftovers\n|-damage|p2a: Leafeon|7/258 brn|[from] brn\n|upkeep\n|\n|t:|1782783281\n|switch|p1a: Comfey|Comfey, L85, M|225/225\n|turn|17\n|\n|t:|1782783287\n|move|p1a: Comfey|Tera Blast|p2a: Leafeon\n|-damage|p2a: Leafeon|0 fnt\n|faint|p2a: Leafeon\n|\n|upkeep\n|\n|t:|1782783291\n|switch|p2a: Vivillon|Vivillon-Garden, L83, F|268/268\n|turn|18\n|\n|t:|1782783296\n|switch|p1a: Komala|Komala, L88, M|152/258\n|-ability|p1a: Komala|Comatose\n|move|p2a: Vivillon|Quiver Dance|p2a: Vivillon\n|-boost|p2a: Vivillon|spa|1\n|-boost|p2a: Vivillon|spd|1\n|-boost|p2a: Vivillon|spe|1\n|\n|upkeep\n|turn|19\n|\n|t:|1782783308\n|-terastallize|p2a: Vivillon|Steel\n|move|p2a: Vivillon|Hurricane|p1a: Komala\n|-damage|p1a: Komala|53/258\n|move|p1a: Komala|Body Slam|p2a: Vivillon\n|-resisted|p2a: Vivillon\n|-damage|p2a: Vivillon|188/268\n|-status|p2a: Vivillon|par\n|\n|upkeep\n|turn|20\n|-message|pnm123 forfeited.\n|\n|win|bluffmepls\n", "inputlog": ">version f8ac14003a5f27e1bdc8d8c59608a773c1cb96e5\n>start {\"formatid\":\"gen9randombattle\",\"seed\":\"sodium,135f97ac664ed33e5670d6c74cca73b5\",\"rated\":\"Rated battle\"}\n>player p1 {\"name\":\"bluffmepls\",\"avatar\":\"169\",\"rating\":2130,\"seed\":\"sodium,9f588ca3b8fea0bb3a1f40f2ddf386ff\"}\n>player p2 {\"name\":\"pnm123\",\"avatar\":\"fisherman-gen4\",\"rating\":2335,\"seed\":\"sodium,01fe259e68751dbd8e51b4a647357131\"}\n>p1 move fireblast\n>p2 move thunderwave\n>p1 move fireblast\n>p2 move thunderbolt\n>p2 switch 3\n>p1 switch 4\n>p2 move toxic\n>p1 move knockoff\n>p2 move earthquake\n>p1 move bodyslam\n>p2 move recover\n>p1 move bodyslam\n>p2 move recover\n>p1 switch 4\n>p2 move earthquake\n>p1 move grassknot\n>p2 move earthquake\n>p2 switch 2\n>p1 switch 6\n>p2 move substitute\n>p1 move stoneedge\n>p2 move swordsdance\n>p1 move overheat\n>p2 move substitute\n>p1 move stoneedge\n>p2 move substitute\n>p1 move stoneedge\n>p2 move substitute\n>p1 move stoneedge\n>p2 move leafblade\n>p1 move spikes\n>p2 move leafblade\n>p1 move spikes\n>p2 move leafblade\n>p1 switch 2\n>p1 move terablast\n>p2 move leafblade\n>p2 switch 6\n>p1 switch 4\n>p2 move quiverdance\n>p1 move bodyslam\n>p2 move hurricane terastallize\n>forcelose p2", "uploadtime": 1782783114, "views": 5, "formatid": "gen9randombattle", "rating": null, "private": 0, "password": null, "player_dets": [{"name": "bluffmepls", "avatar": "169", "rating": 2130, "seed": "sodium,9f588ca3b8fea0bb3a1f40f2ddf386ff"}, {"name": "pnm123", "avatar": "fisherman-gen4", "rating": 2335, "seed": "sodium,01fe259e68751dbd8e51b4a647357131"}], "teams_full": [{"Delphox": {"name": "Delphox", "species": "Delphox", "speciesId": "delphox", "gender": "F", "shiny": false, "level": 84, "moves": ["grassknot", "fireblast", "psyshock", "focusblast"], "ability": "Blaze", "evs": {"hp": 85, "atk": 0, "def": 85, "spa": 85, "spd": 85, "spe": 85}, "ivs": {"hp": 31, "atk": 0, "def": 31, "spa": 31, "spd": 31, "spe": 31}, "item": "Choice Specs", "teraType": "Fighting", "role": "Fast Attacker", "bvs": {"hp": 75, "atk": 69, "def": 72, "spa": 114, "spd": 100, "spe": 104}, "stats": {"hp": 263, "atk": 120, "def": 169, "spa": 240, "spd": 216, "spe": 223}, "types": ["Fire", "Psychic"]}, "Comfey": {"name": "Comfey", "species": "Comfey", "speciesId": "comfey", "gender": "M", "shiny": false, "level": 85, "moves": ["drainingkiss", "terablast", "synthesis", "calmmind"], "ability": "Triage", "evs": {"hp": 85, "atk": 0, "def": 85, "spa": 85, "spd": 85, "spe": 85}, "ivs": {"hp": 31, "atk": 0, "def": 31, "spa": 31, "spd": 31, "spe": 31}, "item": "Leftovers", "teraType": "Ground", "role": "Tera Blast user", "bvs": {"hp": 51, "atk": 52, "def": 90, "spa": 82, "spd": 110, "spe": 100}, "stats": {"hp": 225, "atk": 93, "def": 202, "spa": 188, "spd": 236, "spe": 219}, "types": ["Fairy"]}, "Girafarig": {"name": "Girafarig", "species": "Girafarig", "speciesId": "girafarig", "gender": "F", "shiny": false, "level": 89, "moves": ["hypervoice", "thunderbolt", "nastyplot", "psyshock"], "ability": "Sap Sipper", "evs": {"hp": 85, "atk": 0, "def": 85, "spa": 85, "spd": 85, "spe": 85}, "ivs": {"hp": 31, "atk": 0, "def": 31, "spa": 31, "spd": 31, "spe": 31}, "item": "Eviolite", "teraType": "Electric", "role": "Fast Bulky Setup", "bvs": {"hp": 70, "atk": 80, "def": 65, "spa": 90, "spd": 65, "spe": 85}, "stats": {"hp": 269, "atk": 147, "def": 166, "spa": 211, "spd": 166, "spe": 202}, "types": ["Normal", "Psychic"]}, "Komala": {"name": "Komala", "species": "Komala", "speciesId": "komala", "gender": "M", "shiny": false, "level": 88, "moves": ["uturn", "knockoff", "bodyslam", "rapidspin"], "ability": "Comatose", "evs": {"hp": 85, "atk": 85, "def": 85, "spa": 85, "spd": 85, "spe": 85}, "ivs": {"hp": 31, "atk": 31, "def": 31, "spa": 31, "spd": 31, "spe": 31}, "item": "Assault Vest", "teraType": "Ghost", "role": "Bulky Support", "bvs": {"hp": 65, "atk": 115, "def": 65, "spa": 75, "spd": 95, "spe": 65}, "stats": {"hp": 258, "atk": 253, "def": 165, "spa": 182, "spd": 217, "spe": 165}, "types": ["Normal"]}, "Garchomp": {"name": "Garchomp", "species": "Garchomp", "speciesId": "garchomp", "gender": "F", "shiny": false, "level": 74, "moves": ["outrage", "earthquake", "stealthrock", "spikes"], "ability": "Rough Skin", "evs": {"hp": 85, "atk": 85, "def": 85, "spa": 85, "spd": 85, "spe": 85}, "ivs": {"hp": 31, "atk": 31, "def": 31, "spa": 31, "spd": 31, "spe": 31}, "item": "Rocky Helmet", "teraType": "Steel", "role": "Fast Support", "bvs": {"hp": 108, "atk": 130, "def": 95, "spa": 80, "spd": 85, "spe": 102}, "stats": {"hp": 282, "atk": 235, "def": 184, "spa": 161, "spd": 169, "spe": 194}, "types": ["Dragon", "Ground"]}, "Coalossal": {"name": "Coalossal", "species": "Coalossal", "speciesId": "coalossal", "gender": "F", "shiny": false, "level": 89, "moves": ["spikes", "willowisp", "overheat", "stoneedge"], "ability": "Flame Body", "evs": {"hp": 85, "atk": 85, "def": 85, "spa": 85, "spd": 85, "spe": 85}, "ivs": {"hp": 31, "atk": 31, "def": 31, "spa": 31, "spd": 31, "spe": 31}, "item": "Heavy-Duty Boots", "teraType": "Ghost", "role": "Bulky Support", "bvs": {"hp": 110, "atk": 80, "def": 120, "spa": 80, "spd": 90, "spe": 30}, "stats": {"hp": 341, "atk": 193, "def": 264, "spa": 193, "spd": 211, "spe": 104}, "types": ["Rock", "Fire"]}}, {"Rotom": {"name": "Rotom", "species": "Rotom-Fan", "speciesId": "rotomfan", "gender": "N", "shiny": false, "level": 86, "moves": ["thunderwave", "airslash", "nastyplot", "thunderbolt"], "ability": "Levitate", "evs": {"hp": 85, "atk": 0, "def": 85, "spa": 85, "spd": 85, "spe": 85}, "ivs": {"hp": 31, "atk": 0, "def": 31, "spa": 31, "spd": 31, "spe": 31}, "item": "Heavy-Duty Boots", "teraType": "Electric", "role": "Bulky Attacker", "bvs": {"hp": 50, "atk": 65, "def": 107, "spa": 105, "spd": 107, "spe": 86}, "stats": {"hp": 226, "atk": 116, "def": 233, "spa": 230, "spd": 233, "spe": 197}, "types": ["Electric", "Flying"]}, "Leafeon": {"name": "Leafeon", "species": "Leafeon", "speciesId": "leafeon", "gender": "M", "shiny": false, "level": 88, "moves": ["leafblade", "swordsdance", "substitute", "doubleedge"], "ability": "Chlorophyll", "evs": {"hp": 85, "atk": 85, "def": 85, "spa": 85, "spd": 85, "spe": 85}, "ivs": {"hp": 31, "atk": 31, "def": 31, "spa": 31, "spd": 31, "spe": 31}, "item": "Leftovers", "teraType": "Normal", "role": "Setup Sweeper", "bvs": {"hp": 65, "atk": 110, "def": 130, "spa": 60, "spd": 65, "spe": 95}, "stats": {"hp": 258, "atk": 244, "def": 279, "spa": 156, "spd": 165, "spe": 217}, "types": ["Grass"]}, "Quagsire": {"name": "Quagsire", "species": "Quagsire", "speciesId": "quagsire", "gender": "F", "shiny": false, "level": 84, "moves": ["recover", "toxic", "icebeam", "earthquake"], "ability": "Unaware", "evs": {"hp": 85, "atk": 85, "def": 85, "spa": 85, "spd": 85, "spe": 85}, "ivs": {"hp": 31, "atk": 31, "def": 31, "spa": 31, "spd": 31, "spe": 31}, "item": "Leftovers", "teraType": "Steel", "role": "Bulky Support", "bvs": {"hp": 95, "atk": 85, "def": 85, "spa": 65, "spd": 65, "spe": 35}, "stats": {"hp": 297, "atk": 191, "def": 191, "spa": 157, "spd": 157, "spe": 107}, "types": ["Water", "Ground"]}, "Tauros": {"name": "Tauros", "species": "Tauros-Paldea-Combat", "speciesId": "taurospaldeacombat", "gender": "M", "shiny": false, "level": 82, "moves": ["throatchop", "bulkup", "closecombat", "earthquake"], "ability": "Intimidate", "evs": {"hp": 85, "atk": 85, "def": 85, "spa": 85, "spd": 85, "spe": 85}, "ivs": {"hp": 31, "atk": 31, "def": 31, "spa": 31, "spd": 31, "spe": 31}, "item": "Life Orb", "teraType": "Dark", "role": "Wallbreaker", "bvs": {"hp": 75, "atk": 110, "def": 105, "spa": 30, "spd": 70, "spe": 100}, "stats": {"hp": 257, "atk": 228, "def": 219, "spa": 96, "spd": 162, "spe": 211}, "types": ["Fighting"]}, "Polteageist": {"name": "Polteageist", "species": "Polteageist-Antique", "speciesId": "polteageist", "gender": "N", "shiny": false, "level": 78, "moves": ["strengthsap", "terablast", "shadowball", "shellsmash"], "ability": "Cursed Body", "evs": {"hp": 85, "atk": 0, "def": 85, "spa": 85, "spd": 85, "spe": 85}, "ivs": {"hp": 31, "atk": 0, "def": 31, "spa": 31, "spd": 31, "spe": 31}, "item": "White Herb", "teraType": "Fighting", "role": "Tera Blast user", "bvs": {"hp": 60, "atk": 65, "def": 65, "spa": 134, "spd": 114, "spe": 70}, "stats": {"hp": 222, "atk": 106, "def": 146, "spa": 254, "spd": 223, "spe": 154}, "types": ["Ghost"]}, "Vivillon": {"name": "Vivillon", "species": "Vivillon-Garden", "speciesId": "vivillon", "gender": "F", "shiny": false, "level": 83, "moves": ["bugbuzz", "quiverdance", "sleeppowder", "hurricane"], "ability": "Compound Eyes", "evs": {"hp": 85, "atk": 0, "def": 85, "spa": 85, "spd": 85, "spe": 85}, "ivs": {"hp": 31, "atk": 0, "def": 31, "spa": 31, "spd": 31, "spe": 31}, "item": "Heavy-Duty Boots", "teraType": "Steel", "role": "Fast Bulky Setup", "bvs": {"hp": 80, "atk": 52, "def": 50, "spa": 90, "spd": 50, "spe": 89}, "stats": {"hp": 268, "atk": 91, "def": 131, "spa": 197, "spd": 131, "spe": 195}, "types": ["Bug", "Flying"]}}]}