{"id": "gen9randombattle-2641722007", "format": "[Gen 9] Random Battle", "players": ["Galarianbryan", "Fmx37"], "log": "|j|\u203dGalarianbryan\n|j|\u2606Fmx37\n|t:|1782834093\n|gametype|singles\n|player|p1|Galarianbryan|265|1562\n|player|p2|Fmx37|swimmerf|1539\n|gen|9\n|tier|[Gen 9] Random Battle\n|rated|\n|rule|Species Clause: Limit one of each Pok\u00e9mon\n|rule|HP Percentage Mod: HP is shown in percentages\n|rule|Sleep Clause Mod: Limit one foe put to sleep\n|rule|Illusion Level Mod: Illusion disguises the Pok\u00e9mon's true level\n|\n|t:|1782834093\n|teamsize|p1|6\n|teamsize|p2|6\n|start\n|switch|p1a: Raichu|Raichu-Alola, L87, F|246/246\n|switch|p2a: Shiftry|Shiftry, L89, M|305/305\n|turn|1\n|inactive|Battle timer is ON: inactive players will automatically lose when time's up. (requested by Fmx37)\n|\n|t:|1782834101\n|switch|p1a: Skuntank|Skuntank, L84, M|310/310\n|move|p2a: Shiftry|Swords Dance|p2a: Shiftry\n|-boost|p2a: Shiftry|atk|2\n|\n|upkeep\n|turn|2\n|\n|t:|1782834106\n|switch|p2a: Dunsparce|Dunsparce, L86, M|312/312\n|move|p1a: Skuntank|Gunk Shot|p2a: Dunsparce\n|-damage|p2a: Dunsparce|198/312\n|-status|p2a: Dunsparce|psn\n|-damage|p1a: Skuntank|279/310|[from] item: Life Orb\n|\n|-damage|p2a: Dunsparce|159/312 psn|[from] psn\n|upkeep\n|turn|3\n|\n|t:|1782834112\n|move|p1a: Skuntank|Taunt|p2a: Dunsparce\n|-start|p2a: Dunsparce|move: Taunt\n|move|p2a: Dunsparce|Earthquake|p1a: Skuntank\n|-supereffective|p1a: Skuntank\n|-damage|p1a: Skuntank|127/310\n|\n|-damage|p2a: Dunsparce|120/312 psn|[from] psn\n|upkeep\n|turn|4\n|\n|t:|1782834120\n|switch|p1a: Conkeldurr|Conkeldurr, L80, F|299/299\n|move|p2a: Dunsparce|Earthquake|p1a: Conkeldurr\n|-damage|p1a: Conkeldurr|243/299\n|\n|-damage|p2a: Dunsparce|81/312 psn|[from] psn\n|-status|p1a: Conkeldurr|brn|[from] item: Flame Orb\n|upkeep\n|turn|5\n|\n|t:|1782834128\n|move|p2a: Dunsparce|Body Slam|p1a: Conkeldurr\n|-damage|p1a: Conkeldurr|176/299 brn\n|move|p1a: Conkeldurr|Knock Off|p2a: Dunsparce\n|-damage|p2a: Dunsparce|0 fnt\n|-enditem|p2a: Dunsparce|Eviolite|[from] move: Knock Off|[of] p1a: Conkeldurr\n|faint|p2a: Dunsparce\n|\n|-damage|p1a: Conkeldurr|158/299 brn|[from] brn\n|upkeep\n|inactive|Fmx37 has 120 seconds left.\n|\n|t:|1782834160\n|switch|p2a: Eelektross|Eelektross, L87, F|290/290\n|turn|6\n|\n|t:|1782834163\n|move|p2a: Eelektross|Supercell Slam|p1a: Conkeldurr\n|-damage|p1a: Conkeldurr|26/299 brn\n|move|p1a: Conkeldurr|Facade|p2a: Eelektross\n|-damage|p2a: Eelektross|109/290\n|\n|-heal|p2a: Eelektross|127/290|[from] item: Leftovers\n|-damage|p1a: Conkeldurr|8/299 brn|[from] brn\n|upkeep\n|turn|7\n|\n|t:|1782834168\n|move|p1a: Conkeldurr|Mach Punch|p2a: Eelektross\n|-damage|p2a: Eelektross|39/290\n|move|p2a: Eelektross|Drain Punch|p1a: Conkeldurr\n|-damage|p1a: Conkeldurr|0 fnt\n|-heal|p2a: Eelektross|43/290|[from] drain|[of] p1a: Conkeldurr\n|faint|p1a: Conkeldurr\n|\n|-heal|p2a: Eelektross|61/290|[from] item: Leftovers\n|upkeep\n|\n|t:|1782834170\n|switch|p1a: Raichu|Raichu-Alola, L87, F|246/246\n|turn|8\n|\n|t:|1782834175\n|move|p1a: Raichu|Nasty Plot|p1a: Raichu\n|-boost|p1a: Raichu|spa|2\n|move|p2a: Eelektross|Knock Off|p1a: Raichu\n|-supereffective|p1a: Raichu\n|-damage|p1a: Raichu|18/246\n|-enditem|p1a: Raichu|Life Orb|[from] move: Knock Off|[of] p2a: Eelektross\n|\n|-heal|p2a: Eelektross|79/290|[from] item: Leftovers\n|upkeep\n|turn|9\n|\n|t:|1782834180\n|move|p1a: Raichu|Thunderbolt|p2a: Eelektross\n|-resisted|p2a: Eelektross\n|-damage|p2a: Eelektross|0 fnt\n|faint|p2a: Eelektross\n|\n|upkeep\n|\n|t:|1782834187\n|switch|p2a: Toxtricity|Toxtricity, L82, M|257/257\n|turn|10\n|\n|t:|1782834190\n|move|p2a: Toxtricity|Boomburst|p1a: Raichu\n|-damage|p1a: Raichu|0 fnt\n|faint|p1a: Raichu\n|\n|upkeep\n|\n|t:|1782834192\n|switch|p1a: Oranguru|Oranguru, L92, F|315/315\n|turn|11\n|\n|t:|1782834202\n|switch|p2a: Shiftry|Shiftry, L89, M|305/305\n|move|p1a: Oranguru|Nasty Plot|p1a: Oranguru\n|-boost|p1a: Oranguru|spa|2\n|\n|upkeep\n|turn|12\n|\n|t:|1782834205\n|move|p2a: Shiftry|Knock Off|p1a: Oranguru\n|-supereffective|p1a: Oranguru\n|-damage|p1a: Oranguru|0 fnt\n|-enditem|p1a: Oranguru|Leftovers|[from] move: Knock Off|[of] p2a: Shiftry\n|faint|p1a: Oranguru\n|-damage|p2a: Shiftry|275/305|[from] item: Life Orb\n|\n|upkeep\n|\n|t:|1782834208\n|switch|p1a: Swanna|Swanna, L89, M|278/278\n|turn|13\n|\n|t:|1782834220\n|move|p1a: Swanna|Hydro Pump|p2a: Shiftry|[miss]\n|-miss|p1a: Swanna|p2a: Shiftry\n|move|p2a: Shiftry|Knock Off|p1a: Swanna\n|-damage|p1a: Swanna|95/278\n|-enditem|p1a: Swanna|Heavy-Duty Boots|[from] move: Knock Off|[of] p2a: Shiftry\n|-damage|p2a: Shiftry|245/305|[from] item: Life Orb\n|\n|upkeep\n|turn|14\n|\n|t:|1782834223\n|move|p1a: Swanna|Hydro Pump|p2a: Shiftry\n|-resisted|p2a: Shiftry\n|-damage|p2a: Shiftry|167/305\n|move|p2a: Shiftry|Leaf Blade|p1a: Swanna\n|-damage|p1a: Swanna|0 fnt\n|faint|p1a: Swanna\n|-damage|p2a: Shiftry|137/305|[from] item: Life Orb\n|\n|upkeep\n|\n|t:|1782834225\n|switch|p1a: Lycanroc|Lycanroc, L86, M|269/269\n|turn|15\n|\n|t:|1782834228\n|move|p1a: Lycanroc|Close Combat|p2a: Shiftry\n|-supereffective|p2a: Shiftry\n|-damage|p2a: Shiftry|0 fnt\n|-unboost|p1a: Lycanroc|def|1\n|-unboost|p1a: Lycanroc|spd|1\n|faint|p2a: Shiftry\n|-damage|p1a: Lycanroc|243/269|[from] item: Life Orb\n|\n|upkeep\n|\n|t:|1782834234\n|switch|p2a: Toxtricity|Toxtricity, L82, M|257/257\n|turn|16\n|\n|t:|1782834237\n|switch|p1a: Skuntank|Skuntank, L84, M|127/310\n|move|p2a: Toxtricity|Overdrive|p1a: Skuntank\n|-damage|p1a: Skuntank|0 fnt\n|faint|p1a: Skuntank\n|\n|upkeep\n|\n|t:|1782834238\n|switch|p1a: Lycanroc|Lycanroc, L86, M|243/269\n|turn|17\n|\n|t:|1782834250\n|-terastallize|p1a: Lycanroc|Fighting\n|move|p2a: Toxtricity|Overdrive|p1a: Lycanroc\n|-damage|p1a: Lycanroc|107/269\n|move|p1a: Lycanroc|Stone Edge|p2a: Toxtricity\n|-damage|p2a: Toxtricity|58/257\n|-damage|p1a: Lycanroc|81/269|[from] item: Life Orb\n|\n|upkeep\n|turn|18\n|\n|t:|1782834257\n|move|p2a: Toxtricity|Overdrive|p1a: Lycanroc\n|-damage|p1a: Lycanroc|0 fnt\n|faint|p1a: Lycanroc\n|\n|win|Fmx37\n|raw|Galarianbryan's rating: 1562 &rarr; <strong>1541</strong><br />(-21 for losing)\n|raw|Fmx37's rating: 1539 &rarr; <strong>1560</strong><br />(+21 for winning)\n|l|\u203dGalarianbryan\n|player|p1|\n", "inputlog": ">version f8ac14003a5f27e1bdc8d8c59608a773c1cb96e5\n>start {\"formatid\":\"gen9randombattle\",\"seed\":\"sodium,1adf844958a54b3b379cc86a06b75759\",\"rated\":\"Rated battle\"}\n>player p1 {\"name\":\"Galarianbryan\",\"avatar\":\"265\",\"rating\":1562,\"seed\":\"sodium,90bb87b6fa4ab79ed9552d8a6c51b3c0\"}\n>player p2 {\"name\":\"Fmx37\",\"avatar\":\"swimmerf\",\"rating\":1539,\"seed\":\"sodium,21e0973c9add3fcda619a1971590004f\"}\n>p1 switch 2\n>p2 move swordsdance\n>p1 move gunkshot\n>p2 switch 6\n>p1 move taunt\n>p2 move earthquake\n>p1 switch 4\n>p2 move earthquake\n>p1 move knockoff\n>p2 move bodyslam\n>p2 switch 5\n>p1 move facade\n>p2 move supercellslam\n>p1 move machpunch\n>p2 move drainpunch\n>p1 switch 2\n>p1 move nastyplot\n>p2 move knockoff\n>p1 move thunderbolt\n>p2 move drainpunch\n>p2 switch 3\n>p1 move psyshock\n>p2 move boomburst\n>p1 switch 5\n>p1 move nastyplot\n>p2 switch 6\n>p1 move focusblast\n>p2 move knockoff\n>p1 switch 6\n>p1 move hydropump\n>p2 move knockoff\n>p1 move hydropump\n>p2 move leafblade\n>p1 switch 3\n>p1 move closecombat\n>p2 move leafblade\n>p2 switch 6\n>p1 switch 4\n>p2 move overdrive\n>p1 switch 4\n>p1 move stoneedge terastallize\n>p2 move overdrive\n>p1 move crunch\n>p2 move overdrive", "uploadtime": 1782834291, "views": 2, "formatid": "gen9randombattle", "rating": 1541, "private": 0, "password": null, "player_dets": [{"name": "Galarianbryan", "avatar": "265", "rating": 1562, "seed": "sodium,90bb87b6fa4ab79ed9552d8a6c51b3c0"}, {"name": "Fmx37", "avatar": "swimmerf", "rating": 1539, "seed": "sodium,21e0973c9add3fcda619a1971590004f"}], "teams_full": [{"Raichu": {"name": "Raichu", "species": "Raichu-Alola", "speciesId": "raichualola", "gender": "F", "shiny": false, "level": 87, "moves": ["psyshock", "thunderbolt", "focusblast", "nastyplot"], "ability": "Surge Surfer", "evs": {"hp": 85, "atk": 0, "def": 85, "spa": 85, "spd": 85, "spe": 85}, "ivs": {"hp": 31, "atk": 0, "def": 31, "spa": 31, "spd": 31, "spe": 31}, "item": "Life Orb", "teraType": "Fighting", "role": "Setup Sweeper", "bvs": {"hp": 60, "atk": 85, "def": 50, "spa": 95, "spd": 85, "spe": 110}, "stats": {"hp": 246, "atk": 152, "def": 137, "spa": 215, "spd": 198, "spe": 241}, "types": ["Electric", "Psychic"]}, "Skuntank": {"name": "Skuntank", "species": "Skuntank", "speciesId": "skuntank", "gender": "M", "shiny": false, "level": 84, "moves": ["suckerpunch", "gunkshot", "knockoff", "taunt"], "ability": "Aftermath", "evs": {"hp": 85, "atk": 85, "def": 85, "spa": 85, "spd": 85, "spe": 85}, "ivs": {"hp": 31, "atk": 31, "def": 31, "spa": 31, "spd": 31, "spe": 31}, "item": "Life Orb", "teraType": "Dark", "role": "Fast Support", "bvs": {"hp": 103, "atk": 93, "def": 67, "spa": 71, "spd": 61, "spe": 84}, "stats": {"hp": 310, "atk": 204, "def": 161, "spa": 167, "spd": 151, "spe": 189}, "types": ["Poison", "Dark"]}, "Lycanroc": {"name": "Lycanroc", "species": "Lycanroc", "speciesId": "lycanroc", "gender": "M", "shiny": false, "level": 86, "moves": ["closecombat", "stealthrock", "stoneedge", "crunch"], "ability": "Sand Rush", "evs": {"hp": 85, "atk": 85, "def": 85, "spa": 85, "spd": 85, "spe": 85}, "ivs": {"hp": 31, "atk": 31, "def": 31, "spa": 31, "spd": 31, "spe": 31}, "item": "Life Orb", "teraType": "Fighting", "role": "Fast Attacker", "bvs": {"hp": 75, "atk": 115, "def": 65, "spa": 55, "spd": 65, "spe": 112}, "stats": {"hp": 269, "atk": 247, "def": 161, "spa": 144, "spd": 161, "spe": 242}, "types": ["Rock"]}, "Conkeldurr": {"name": "Conkeldurr", "species": "Conkeldurr", "speciesId": "conkeldurr", "gender": "F", "shiny": false, "level": 80, "moves": ["facade", "knockoff", "machpunch", "closecombat"], "ability": "Guts", "evs": {"hp": 85, "atk": 85, "def": 85, "spa": 85, "spd": 85, "spe": 85}, "ivs": {"hp": 31, "atk": 31, "def": 31, "spa": 31, "spd": 31, "spe": 31}, "item": "Flame Orb", "teraType": "Normal", "role": "Wallbreaker", "bvs": {"hp": 105, "atk": 140, "def": 95, "spa": 55, "spd": 65, "spe": 45}, "stats": {"hp": 299, "atk": 270, "def": 198, "spa": 134, "spd": 150, "spe": 118}, "types": ["Fighting"]}, "Oranguru": {"name": "Oranguru", "species": "Oranguru", "speciesId": "oranguru", "gender": "F", "shiny": false, "level": 92, "moves": ["psyshock", "nastyplot", "thunderbolt", "focusblast"], "ability": "Inner Focus", "evs": {"hp": 85, "atk": 0, "def": 85, "spa": 85, "spd": 85, "spe": 85}, "ivs": {"hp": 31, "atk": 0, "def": 31, "spa": 31, "spd": 31, "spe": 31}, "item": "Leftovers", "teraType": "Psychic", "role": "Bulky Attacker", "bvs": {"hp": 90, "atk": 60, "def": 80, "spa": 90, "spd": 110, "spe": 60}, "stats": {"hp": 315, "atk": 115, "def": 200, "spa": 218, "spd": 255, "spe": 163}, "types": ["Normal", "Psychic"]}, "Swanna": {"name": "Swanna", "species": "Swanna", "speciesId": "swanna", "gender": "M", "shiny": false, "level": 89, "moves": ["roost", "hydropump", "bravebird", "defog"], "ability": "Hydration", "evs": {"hp": 85, "atk": 85, "def": 85, "spa": 85, "spd": 85, "spe": 85}, "ivs": {"hp": 31, "atk": 31, "def": 31, "spa": 31, "spd": 31, "spe": 31}, "item": "Heavy-Duty Boots", "teraType": "Ground", "role": "Bulky Support", "bvs": {"hp": 75, "atk": 87, "def": 63, "spa": 87, "spd": 63, "spe": 98}, "stats": {"hp": 278, "atk": 206, "def": 163, "spa": 206, "spd": 163, "spe": 225}, "types": ["Water", "Flying"]}}, {"Shiftry": {"name": "Shiftry", "species": "Shiftry", "speciesId": "shiftry", "gender": "M", "shiny": false, "level": 89, "moves": ["knockoff", "leafblade", "suckerpunch", "swordsdance"], "ability": "Wind Rider", "evs": {"hp": 85, "atk": 85, "def": 85, "spa": 85, "spd": 85, "spe": 85}, "ivs": {"hp": 31, "atk": 31, "def": 31, "spa": 31, "spd": 31, "spe": 31}, "item": "Life Orb", "teraType": "Dark", "role": "Fast Bulky Setup", "bvs": {"hp": 90, "atk": 100, "def": 60, "spa": 90, "spd": 60, "spe": 80}, "stats": {"hp": 305, "atk": 229, "def": 158, "spa": 211, "spd": 158, "spe": 193}, "types": ["Grass", "Dark"]}, "Medicham": {"name": "Medicham", "species": "Medicham", "speciesId": "medicham", "gender": "M", "shiny": false, "level": 86, "moves": ["closecombat", "zenheadbutt", "poisonjab", "icepunch"], "ability": "Pure Power", "evs": {"hp": 85, "atk": 85, "def": 85, "spa": 85, "spd": 85, "spe": 85}, "ivs": {"hp": 31, "atk": 31, "def": 31, "spa": 31, "spd": 31, "spe": 31}, "item": "Choice Band", "teraType": "Fighting", "role": "Fast Attacker", "bvs": {"hp": 60, "atk": 60, "def": 75, "spa": 60, "spd": 75, "spe": 80}, "stats": {"hp": 243, "atk": 152, "def": 178, "spa": 152, "spd": 178, "spe": 187}, "types": ["Fighting", "Psychic"]}, "Toxtricity": {"name": "Toxtricity", "species": "Toxtricity", "speciesId": "toxtricity", "gender": "M", "shiny": false, "level": 82, "moves": ["voltswitch", "boomburst", "overdrive", "sludgewave"], "ability": "Punk Rock", "evs": {"hp": 85, "atk": 0, "def": 85, "spa": 85, "spd": 85, "spe": 85}, "ivs": {"hp": 31, "atk": 0, "def": 31, "spa": 31, "spd": 31, "spe": 31}, "item": "Choice Scarf", "teraType": "Normal", "role": "Fast Attacker", "bvs": {"hp": 75, "atk": 98, "def": 70, "spa": 114, "spd": 70, "spe": 75}, "stats": {"hp": 257, "atk": 165, "def": 162, "spa": 234, "spd": 162, "spe": 170}, "types": ["Electric", "Poison"]}, "Leafeon": {"name": "Leafeon", "species": "Leafeon", "speciesId": "leafeon", "gender": "M", "shiny": false, "level": 88, "moves": ["knockoff", "substitute", "leafblade", "swordsdance"], "ability": "Chlorophyll", "evs": {"hp": 85, "atk": 85, "def": 85, "spa": 85, "spd": 85, "spe": 85}, "ivs": {"hp": 31, "atk": 31, "def": 31, "spa": 31, "spd": 31, "spe": 31}, "item": "Leftovers", "teraType": "Dark", "role": "Setup Sweeper", "bvs": {"hp": 65, "atk": 110, "def": 130, "spa": 60, "spd": 65, "spe": 95}, "stats": {"hp": 258, "atk": 244, "def": 279, "spa": 156, "spd": 165, "spe": 217}, "types": ["Grass"]}, "Eelektross": {"name": "Eelektross", "species": "Eelektross", "speciesId": "eelektross", "gender": "F", "shiny": false, "level": 87, "moves": ["coil", "supercellslam", "knockoff", "drainpunch"], "ability": "Levitate", "evs": {"hp": 85, "atk": 85, "def": 85, "spa": 85, "spd": 85, "spe": 85}, "ivs": {"hp": 31, "atk": 31, "def": 31, "spa": 31, "spd": 31, "spe": 31}, "item": "Leftovers", "teraType": "Fighting", "role": "Bulky Setup", "bvs": {"hp": 85, "atk": 115, "def": 80, "spa": 105, "spd": 80, "spe": 50}, "stats": {"hp": 290, "atk": 250, "def": 189, "spa": 232, "spd": 189, "spe": 137}, "types": ["Electric"]}, "Dunsparce": {"name": "Dunsparce", "species": "Dunsparce", "speciesId": "dunsparce", "gender": "M", "shiny": false, "level": 86, "moves": ["coil", "earthquake", "roost", "bodyslam"], "ability": "Serene Grace", "evs": {"hp": 85, "atk": 85, "def": 85, "spa": 85, "spd": 85, "spe": 85}, "ivs": {"hp": 31, "atk": 31, "def": 31, "spa": 31, "spd": 31, "spe": 31}, "item": "Eviolite", "teraType": "Ground", "role": "Bulky Setup", "bvs": {"hp": 100, "atk": 70, "def": 70, "spa": 65, "spd": 65, "spe": 45}, "stats": {"hp": 312, "atk": 170, "def": 170, "spa": 161, "spd": 161, "spe": 127}, "types": ["Normal"]}}]}