{"id": "gen9randombattle-2641555479", "format": "[Gen 9] Random Battle", "players": ["Lagmantime", "orangejuicecd"], "log": "|j|\u2606Lagmantime\n|j|\u2606orangejuicecd\n|t:|1782807099\n|gametype|singles\n|player|p1|Lagmantime|waiter-gen4dp|1093\n|player|p2|orangejuicecd|1|1070\n|gen|9\n|tier|[Gen 9] Random Battle\n|rated|\n|rule|Species Clause: Limit one of each Pok\u00e9mon\n|rule|HP Percentage Mod: HP is shown in percentages\n|rule|Sleep Clause Mod: Limit one foe put to sleep\n|rule|Illusion Level Mod: Illusion disguises the Pok\u00e9mon's true level\n|\n|t:|1782807099\n|teamsize|p1|6\n|teamsize|p2|6\n|start\n|switch|p1a: Farigiraf|Farigiraf, L90, F|362/362\n|switch|p2a: Cloyster|Cloyster, L80, M|211/211\n|turn|1\n|\n|t:|1782807123\n|switch|p1a: Vespiquen|Vespiquen, L99, F|299/299\n|-ability|p1a: Vespiquen|Pressure\n|-terastallize|p2a: Cloyster|Ice\n|move|p2a: Cloyster|Icicle Spear|p1a: Vespiquen\n|-supereffective|p1a: Vespiquen\n|-damage|p1a: Vespiquen|243/299\n|-supereffective|p1a: Vespiquen\n|-damage|p1a: Vespiquen|187/299\n|-supereffective|p1a: Vespiquen\n|-damage|p1a: Vespiquen|131/299\n|-supereffective|p1a: Vespiquen\n|-damage|p1a: Vespiquen|79/299\n|-supereffective|p1a: Vespiquen\n|-damage|p1a: Vespiquen|19/299\n|-hitcount|p1a: Vespiquen|5\n|\n|upkeep\n|turn|2\n|\n|t:|1782807140\n|switch|p1a: Whiscash|Whiscash, L88, F|337/337\n|move|p2a: Cloyster|Icicle Spear|p1a: Whiscash\n|-damage|p1a: Whiscash|299/337\n|-damage|p1a: Whiscash|263/337\n|-damage|p1a: Whiscash|227/337\n|-damage|p1a: Whiscash|189/337\n|-damage|p1a: Whiscash|151/337\n|-hitcount|p1a: Whiscash|5\n|\n|-heal|p1a: Whiscash|172/337|[from] item: Leftovers\n|upkeep\n|turn|3\n|\n|t:|1782807157\n|switch|p2a: Luxray|Luxray, L88, F|284/284\n|-ability|p2a: Luxray|Intimidate|boost\n|-fail|p1a: Whiscash|unboost|Attack|[from] ability: Oblivious|[of] p1a: Whiscash\n|move|p1a: Whiscash|Earthquake|p2a: Luxray\n|-supereffective|p2a: Luxray\n|-damage|p2a: Luxray|66/284\n|\n|-heal|p1a: Whiscash|193/337|[from] item: Leftovers\n|upkeep\n|turn|4\n|\n|t:|1782807171\n|move|p2a: Luxray|Volt Switch|p1a: Whiscash\n|-immune|p1a: Whiscash\n|move|p1a: Whiscash|Earthquake|p2a: Luxray\n|-supereffective|p2a: Luxray\n|-damage|p2a: Luxray|0 fnt\n|faint|p2a: Luxray\n|\n|-heal|p1a: Whiscash|214/337|[from] item: Leftovers\n|upkeep\n|\n|t:|1782807192\n|switch|p2a: Miraidon|Miraidon, L65|238/238\n|-fieldstart|move: Electric Terrain|[from] ability: Hadron Engine|[of] p2a: Miraidon\n|turn|5\n|\n|t:|1782807204\n|move|p2a: Miraidon|Dragon Pulse|p1a: Whiscash\n|-damage|p1a: Whiscash|78/337\n|-damage|p2a: Miraidon|215/238|[from] item: Life Orb\n|move|p1a: Whiscash|Earthquake|p2a: Miraidon\n|-supereffective|p2a: Miraidon\n|-damage|p2a: Miraidon|0 fnt\n|faint|p2a: Miraidon\n|\n|-heal|p1a: Whiscash|99/337|[from] item: Leftovers\n|upkeep\n|\n|t:|1782807217\n|switch|p2a: Dragapult|Dragapult, L77, F|262/262\n|turn|6\n|\n|t:|1782807226\n|move|p2a: Dragapult|Dragon Darts|p1a: Whiscash\n|-damage|p1a: Whiscash|47/337\n|-anim|p2a: Dragapult|Dragon Darts|p1a: Whiscash\n|-damage|p1a: Whiscash|0 fnt\n|faint|p1a: Whiscash\n|\n|upkeep\n|\n|t:|1782807242\n|switch|p1a: Mandibuzz|Mandibuzz, L85, F|326/326\n|turn|7\n|\n|t:|1782807256\n|move|p2a: Dragapult|U-turn|p1a: Mandibuzz\n|-damage|p1a: Mandibuzz|285/326\n|\n|t:|1782807264\n|switch|p2a: Gholdengo|Gholdengo, L77|261/261|[from] U-turn\n|move|p1a: Mandibuzz|Toxic|p2a: Gholdengo\n|-immune|p2a: Gholdengo|[from] ability: Good as Gold\n|\n|upkeep\n|turn|8\n|\n|t:|1782807275\n|move|p2a: Gholdengo|Focus Blast|p1a: Mandibuzz\n|-damage|p1a: Mandibuzz|195/326\n|move|p1a: Mandibuzz|Foul Play|p2a: Gholdengo\n|-supereffective|p2a: Gholdengo\n|-damage|p2a: Gholdengo|169/261\n|\n|upkeep\n|turn|9\n|\n|t:|1782807288\n|move|p2a: Gholdengo|Focus Blast|p1a: Mandibuzz|[miss]\n|-miss|p2a: Gholdengo|p1a: Mandibuzz\n|move|p1a: Mandibuzz|Foul Play|p2a: Gholdengo\n|-supereffective|p2a: Gholdengo\n|-damage|p2a: Gholdengo|71/261\n|\n|-fieldend|move: Electric Terrain\n|upkeep\n|turn|10\n|\n|t:|1782807301\n|move|p2a: Gholdengo|Focus Blast|p1a: Mandibuzz\n|-damage|p1a: Mandibuzz|111/326\n|-unboost|p1a: Mandibuzz|spd|1\n|move|p1a: Mandibuzz|Foul Play|p2a: Gholdengo\n|-supereffective|p2a: Gholdengo\n|-damage|p2a: Gholdengo|0 fnt\n|faint|p2a: Gholdengo\n|\n|upkeep\n|\n|t:|1782807310\n|switch|p2a: Cloyster|Cloyster, L80, M, tera:Ice|211/211\n|turn|11\n|\n|t:|1782807313\n|move|p1a: Mandibuzz|Roost|p1a: Mandibuzz\n|-heal|p1a: Mandibuzz|274/326\n|-singleturn|p1a: Mandibuzz|move: Roost\n|move|p2a: Cloyster|Icicle Spear|p1a: Mandibuzz\n|-damage|p1a: Mandibuzz|246/326\n|-damage|p1a: Mandibuzz|220/326\n|-damage|p1a: Mandibuzz|190/326\n|-damage|p1a: Mandibuzz|162/326\n|-damage|p1a: Mandibuzz|132/326\n|-hitcount|p1a: Mandibuzz|5\n|\n|upkeep\n|turn|12\n|\n|t:|1782807324\n|move|p1a: Mandibuzz|Toxic|p2a: Cloyster\n|-status|p2a: Cloyster|tox\n|move|p2a: Cloyster|Icicle Spear|p1a: Mandibuzz\n|-supereffective|p1a: Mandibuzz\n|-damage|p1a: Mandibuzz|76/326\n|-supereffective|p1a: Mandibuzz\n|-damage|p1a: Mandibuzz|20/326\n|-supereffective|p1a: Mandibuzz\n|-damage|p1a: Mandibuzz|0 fnt\n|faint|p1a: Mandibuzz\n|-hitcount|p1: Mandibuzz|3\n|\n|-damage|p2a: Cloyster|198/211 tox|[from] psn\n|upkeep\n|\n|t:|1782807332\n|switch|p1a: Mabosstiff|Mabosstiff, L86, M|278/278\n|turn|13\n|\n|t:|1782807342\n|move|p1a: Mabosstiff|Crunch|p2a: Cloyster\n|-damage|p2a: Cloyster|96/211 tox\n|move|p2a: Cloyster|Icicle Spear|p1a: Mabosstiff\n|-damage|p1a: Mabosstiff|246/278\n|-damage|p1a: Mabosstiff|214/278\n|-damage|p1a: Mabosstiff|184/278\n|-damage|p1a: Mabosstiff|152/278\n|-damage|p1a: Mabosstiff|118/278\n|-hitcount|p1a: Mabosstiff|5\n|\n|-damage|p2a: Cloyster|70/211 tox|[from] psn\n|upkeep\n|turn|14\n|\n|t:|1782807357\n|move|p1a: Mabosstiff|Crunch|p2a: Cloyster\n|-damage|p2a: Cloyster|0 fnt\n|faint|p2a: Cloyster\n|\n|upkeep\n|\n|t:|1782807364\n|switch|p2a: Dragapult|Dragapult, L77, F|262/262\n|turn|15\n|\n|t:|1782807370\n|move|p2a: Dragapult|Dragon Darts|p1a: Mabosstiff\n|-damage|p1a: Mabosstiff|72/278\n|-anim|p2a: Dragapult|Dragon Darts|p1a: Mabosstiff\n|-damage|p1a: Mabosstiff|26/278\n|move|p1a: Mabosstiff|Crunch|p2a: Dragapult\n|-supereffective|p2a: Dragapult\n|-damage|p2a: Dragapult|0 fnt\n|faint|p2a: Dragapult\n|\n|upkeep\n|\n|t:|1782807379\n|switch|p2a: Frosmoth|Frosmoth, L82, F|249/249\n|turn|16\n|\n|t:|1782807384\n|move|p1a: Mabosstiff|Crunch|p2a: Frosmoth\n|-damage|p2a: Frosmoth|23/249\n|move|p2a: Frosmoth|Giga Drain|p1a: Mabosstiff\n|-damage|p1a: Mabosstiff|0 fnt\n|-heal|p2a: Frosmoth|36/249|[from] drain|[of] p1a: Mabosstiff\n|faint|p1a: Mabosstiff\n|\n|upkeep\n|\n|t:|1782807392\n|switch|p1a: Farigiraf|Farigiraf, L90, F|362/362\n|turn|17\n|\n|t:|1782807400\n|move|p1a: Farigiraf|Wish|p1a: Farigiraf\n|move|p2a: Frosmoth|Giga Drain|p1a: Farigiraf\n|-ability|p1a: Farigiraf|Sap Sipper|boost\n|-boost|p1a: Farigiraf|atk|1\n|\n|upkeep\n|turn|18\n|\n|t:|1782807410\n|move|p1a: Farigiraf|Psychic Noise|p2a: Frosmoth\n|-damage|p2a: Frosmoth|0 fnt\n|faint|p2a: Frosmoth\n|\n|win|Lagmantime\n|raw|Lagmantime's rating: 1093 &rarr; <strong>1117</strong><br />(+24 for winning)\n|raw|orangejuicecd's rating: 1070 &rarr; <strong>1051</strong><br />(-19 for losing)\n", "inputlog": ">version f8ac14003a5f27e1bdc8d8c59608a773c1cb96e5\n>start {\"formatid\":\"gen9randombattle\",\"seed\":\"sodium,35c12a3969258a5e688b7383ea71d077\",\"rated\":\"Rated battle\"}\n>player p1 {\"name\":\"Lagmantime\",\"avatar\":\"waiter-gen4dp\",\"rating\":1093,\"seed\":\"sodium,4a33ea3a89ac881d74a12fba0780eba7\"}\n>player p2 {\"name\":\"orangejuicecd\",\"avatar\":\"1\",\"rating\":1070,\"seed\":\"sodium,a6539046cebd5783ac5da361baf5c776\"}\n>p1 switch 4\n>p2 move iciclespear terastallize\n>p1 switch 3\n>p2 move iciclespear\n>p1 move earthquake\n>p2 switch 2\n>p1 move earthquake\n>p2 move voltswitch\n>p2 switch 3\n>p1 move earthquake\n>p2 move dragonpulse\n>p2 switch 5\n>p1 move icebeam\n>p2 move dragondarts\n>p1 switch 2\n>p1 move toxic\n>p2 move uturn\n>p2 switch 6\n>p1 move foulplay\n>p2 move focusblast\n>p1 move foulplay\n>p2 move focusblast\n>p1 move foulplay\n>p2 move focusblast\n>p2 switch 2\n>p1 move roost\n>p2 move iciclespear\n>p1 move toxic\n>p2 move iciclespear\n>p1 switch 5\n>p1 move crunch\n>p2 move iciclespear\n>p1 move crunch\n>p2 move shellsmash\n>p2 switch 6\n>p1 move crunch\n>p2 move dragondarts\n>p2 switch 4\n>p1 move crunch\n>p2 move gigadrain\n>p1 switch 4\n>p1 move wish\n>p2 move gigadrain\n>p1 move psychicnoise\n>p2 move icebeam", "uploadtime": 1782807417, "views": 7, "formatid": "gen9randombattle", "rating": 1051, "private": 0, "password": null, "player_dets": [{"name": "Lagmantime", "avatar": "waiter-gen4dp", "rating": 1093, "seed": "sodium,4a33ea3a89ac881d74a12fba0780eba7"}, {"name": "orangejuicecd", "avatar": "1", "rating": 1070, "seed": "sodium,a6539046cebd5783ac5da361baf5c776"}], "teams_full": [{"Farigiraf": {"name": "Farigiraf", "species": "Farigiraf", "speciesId": "farigiraf", "gender": "F", "shiny": false, "level": 90, "moves": ["bodyslam", "psychicnoise", "wish", "protect"], "ability": "Sap Sipper", "evs": {"hp": 85, "atk": 85, "def": 85, "spa": 85, "spd": 85, "spe": 85}, "ivs": {"hp": 31, "atk": 31, "def": 31, "spa": 31, "spd": 31, "spe": 31}, "item": "Leftovers", "teraType": "Fairy", "role": "Bulky Support", "bvs": {"hp": 120, "atk": 90, "def": 70, "spa": 110, "spd": 70, "spe": 60}, "stats": {"hp": 362, "atk": 213, "def": 177, "spa": 249, "spd": 177, "spe": 159}, "types": ["Normal", "Psychic"]}, "Mandibuzz": {"name": "Mandibuzz", "species": "Mandibuzz", "speciesId": "mandibuzz", "gender": "F", "shiny": false, "level": 85, "moves": ["foulplay", "roost", "toxic", "defog"], "ability": "Overcoat", "evs": {"hp": 85, "atk": 0, "def": 85, "spa": 85, "spd": 85, "spe": 85}, "ivs": {"hp": 31, "atk": 0, "def": 31, "spa": 31, "spd": 31, "spe": 31}, "item": "Heavy-Duty Boots", "teraType": "Steel", "role": "Bulky Support", "bvs": {"hp": 110, "atk": 65, "def": 105, "spa": 55, "spd": 95, "spe": 80}, "stats": {"hp": 326, "atk": 115, "def": 227, "spa": 142, "spd": 210, "spe": 185}, "types": ["Dark", "Flying"]}, "Whiscash": {"name": "Whiscash", "species": "Whiscash", "speciesId": "whiscash", "gender": "F", "shiny": false, "level": 88, "moves": ["earthquake", "stealthrock", "icebeam", "hydropump"], "ability": "Oblivious", "evs": {"hp": 85, "atk": 85, "def": 85, "spa": 85, "spd": 85, "spe": 85}, "ivs": {"hp": 31, "atk": 31, "def": 31, "spa": 31, "spd": 31, "spe": 31}, "item": "Leftovers", "teraType": "Ghost", "role": "Bulky Support", "bvs": {"hp": 110, "atk": 78, "def": 73, "spa": 76, "spd": 71, "spe": 60}, "stats": {"hp": 337, "atk": 188, "def": 179, "spa": 184, "spd": 175, "spe": 156}, "types": ["Water", "Ground"]}, "Vespiquen": {"name": "Vespiquen", "species": "Vespiquen", "speciesId": "vespiquen", "gender": "F", "shiny": false, "level": 99, "moves": ["toxic", "airslash", "uturn", "roost"], "ability": "Pressure", "evs": {"hp": 85, "atk": 85, "def": 85, "spa": 85, "spd": 85, "spe": 85}, "ivs": {"hp": 31, "atk": 31, "def": 31, "spa": 31, "spd": 31, "spe": 31}, "item": "Heavy-Duty Boots", "teraType": "Steel", "role": "Bulky Support", "bvs": {"hp": 70, "atk": 80, "def": 102, "spa": 80, "spd": 102, "spe": 40}, "stats": {"hp": 299, "atk": 214, "def": 258, "spa": 214, "spd": 258, "spe": 135}, "types": ["Bug", "Flying"]}, "Mabosstiff": {"name": "Mabosstiff", "species": "Mabosstiff", "speciesId": "mabosstiff", "gender": "M", "shiny": false, "level": 86, "moves": ["playrough", "wildcharge", "psychicfangs", "crunch"], "ability": "Stakeout", "evs": {"hp": 85, "atk": 85, "def": 85, "spa": 85, "spd": 85, "spe": 85}, "ivs": {"hp": 31, "atk": 31, "def": 31, "spa": 31, "spd": 31, "spe": 31}, "item": "Choice Band", "teraType": "Dark", "role": "Bulky Attacker", "bvs": {"hp": 80, "atk": 120, "def": 90, "spa": 60, "spd": 70, "spe": 85}, "stats": {"hp": 278, "atk": 256, "def": 204, "spa": 152, "spd": 170, "spe": 195}, "types": ["Dark"]}, "Espeon": {"name": "Espeon", "species": "Espeon", "speciesId": "espeon", "gender": "F", "shiny": false, "level": 84, "moves": ["calmmind", "psychic", "morningsun", "alluringvoice"], "ability": "Magic Bounce", "evs": {"hp": 85, "atk": 0, "def": 85, "spa": 85, "spd": 85, "spe": 85}, "ivs": {"hp": 31, "atk": 0, "def": 31, "spa": 31, "spd": 31, "spe": 31}, "item": "Life Orb", "teraType": "Psychic", "role": "Fast Attacker", "bvs": {"hp": 65, "atk": 65, "def": 60, "spa": 130, "spd": 95, "spe": 110}, "stats": {"hp": 246, "atk": 114, "def": 149, "spa": 267, "spd": 208, "spe": 233}, "types": ["Psychic"]}}, {"Cloyster": {"name": "Cloyster", "species": "Cloyster", "speciesId": "cloyster", "gender": "M", "shiny": false, "level": 80, "moves": ["rockblast", "shellsmash", "hydropump", "iciclespear"], "ability": "Skill Link", "evs": {"hp": 85, "atk": 85, "def": 85, "spa": 85, "spd": 85, "spe": 85}, "ivs": {"hp": 31, "atk": 31, "def": 31, "spa": 31, "spd": 31, "spe": 31}, "item": "White Herb", "teraType": "Ice", "role": "Setup Sweeper", "bvs": {"hp": 50, "atk": 95, "def": 180, "spa": 85, "spd": 45, "spe": 70}, "stats": {"hp": 211, "atk": 198, "def": 334, "spa": 182, "spd": 118, "spe": 158}, "types": ["Water", "Ice"]}, "Luxray": {"name": "Luxray", "species": "Luxray", "speciesId": "luxray", "gender": "F", "shiny": false, "level": 88, "moves": ["wildcharge", "playrough", "voltswitch", "throatchop"], "ability": "Intimidate", "evs": {"hp": 85, "atk": 85, "def": 85, "spa": 85, "spd": 85, "spe": 85}, "ivs": {"hp": 31, "atk": 31, "def": 31, "spa": 31, "spd": 31, "spe": 31}, "item": "Assault Vest", "teraType": "Fairy", "role": "AV Pivot", "bvs": {"hp": 80, "atk": 120, "def": 79, "spa": 95, "spd": 79, "spe": 70}, "stats": {"hp": 284, "atk": 261, "def": 189, "spa": 217, "spd": 189, "spe": 173}, "types": ["Electric"]}, "Miraidon": {"name": "Miraidon", "species": "Miraidon", "speciesId": "miraidon", "gender": "N", "shiny": false, "level": 65, "moves": ["calmmind", "electrodrift", "dragonpulse", "dracometeor"], "ability": "Hadron Engine", "evs": {"hp": 85, "atk": 0, "def": 85, "spa": 85, "spd": 85, "spe": 85}, "ivs": {"hp": 31, "atk": 0, "def": 31, "spa": 31, "spd": 31, "spe": 31}, "item": "Life Orb", "teraType": "Electric", "role": "Setup Sweeper", "bvs": {"hp": 100, "atk": 85, "def": 100, "spa": 135, "spd": 115, "spe": 135}, "stats": {"hp": 238, "atk": 115, "def": 168, "spa": 214, "spd": 188, "spe": 214}, "types": ["Electric", "Dragon"]}, "Frosmoth": {"name": "Frosmoth", "species": "Frosmoth", "speciesId": "frosmoth", "gender": "F", "shiny": false, "level": 82, "moves": ["icebeam", "quiverdance", "gigadrain", "terablast"], "ability": "Ice Scales", "evs": {"hp": 85, "atk": 0, "def": 85, "spa": 85, "spd": 85, "spe": 85}, "ivs": {"hp": 31, "atk": 0, "def": 31, "spa": 31, "spd": 31, "spe": 31}, "item": "Heavy-Duty Boots", "teraType": "Ground", "role": "Tera Blast user", "bvs": {"hp": 70, "atk": 65, "def": 60, "spa": 125, "spd": 90, "spe": 65}, "stats": {"hp": 249, "atk": 111, "def": 146, "spa": 252, "spd": 195, "spe": 154}, "types": ["Ice", "Bug"]}, "Dragapult": {"name": "Dragapult", "species": "Dragapult", "speciesId": "dragapult", "gender": "F", "shiny": false, "level": 77, "moves": ["dragondarts", "uturn", "willowisp", "hex"], "ability": "Cursed Body", "evs": {"hp": 85, "atk": 85, "def": 85, "spa": 85, "spd": 85, "spe": 85}, "ivs": {"hp": 31, "atk": 31, "def": 31, "spa": 31, "spd": 31, "spe": 31}, "item": "Heavy-Duty Boots", "teraType": "Dragon", "role": "Fast Support", "bvs": {"hp": 88, "atk": 120, "def": 75, "spa": 100, "spd": 75, "spe": 142}, "stats": {"hp": 262, "atk": 229, "def": 160, "spa": 199, "spd": 160, "spe": 263}, "types": ["Dragon", "Ghost"]}, "Gholdengo": {"name": "Gholdengo", "species": "Gholdengo", "speciesId": "gholdengo", "gender": "N", "shiny": false, "level": 77, "moves": ["focusblast", "trick", "makeitrain", "shadowball"], "ability": "Good as Gold", "evs": {"hp": 85, "atk": 0, "def": 85, "spa": 85, "spd": 85, "spe": 85}, "ivs": {"hp": 31, "atk": 0, "def": 31, "spa": 31, "spd": 31, "spe": 31}, "item": "Choice Scarf", "teraType": "Steel", "role": "Bulky Attacker", "bvs": {"hp": 87, "atk": 60, "def": 95, "spa": 133, "spd": 91, "spe": 84}, "stats": {"hp": 261, "atk": 97, "def": 191, "spa": 249, "spd": 185, "spe": 174}, "types": ["Steel", "Ghost"]}}]}