{"id": "gen9randombattle-2641542413", "format": "[Gen 9] Random Battle", "players": ["1414144l", "1v1saregood"], "log": "|j|\u26061414144l\n|j|\u26061v1saregood\n|t:|1782804316\n|gametype|singles\n|player|p1|1414144l|265|1984\n|player|p2|1v1saregood|preschooler|1953\n|gen|9\n|tier|[Gen 9] Random Battle\n|rated|\n|rule|Species Clause: Limit one of each Pok\u00e9mon\n|rule|HP Percentage Mod: HP is shown in percentages\n|rule|Sleep Clause Mod: Limit one foe put to sleep\n|rule|Illusion Level Mod: Illusion disguises the Pok\u00e9mon's true level\n|\n|t:|1782804316\n|teamsize|p1|6\n|teamsize|p2|6\n|start\n|switch|p1a: Brute Bonnet|Brute Bonnet, L80|309/309\n|switch|p2a: Ursaring|Ursaring, L84, M|288/288\n|turn|1\n|inactive|Battle timer is ON: inactive players will automatically lose when time's up. (requested by 1v1saregood)\n|\n|t:|1782804329\n|move|p2a: Ursaring|Body Slam|p1a: Brute Bonnet\n|-damage|p1a: Brute Bonnet|207/309\n|-status|p1a: Brute Bonnet|par\n|move|p1a: Brute Bonnet|Spore|p2a: Ursaring\n|-status|p2a: Ursaring|slp|[from] move: Spore\n|\n|-heal|p1a: Brute Bonnet|226/309 par|[from] item: Leftovers\n|upkeep\n|turn|2\n|\n|t:|1782804338\n|cant|p2a: Ursaring|slp\n|move|p2a: Ursaring|Sleep Talk|p2a: Ursaring\n|move|p2a: Ursaring|Rest||[from] move: Sleep Talk|[still]\n|-fail|p2a: Ursaring\n|move|p1a: Brute Bonnet|Close Combat|p2a: Ursaring\n|-supereffective|p2a: Ursaring\n|-damage|p2a: Ursaring|154/288 slp\n|-unboost|p1a: Brute Bonnet|def|1\n|-unboost|p1a: Brute Bonnet|spd|1\n|\n|-heal|p1a: Brute Bonnet|245/309 par|[from] item: Leftovers\n|upkeep\n|turn|3\n|\n|t:|1782804346\n|-curestatus|p2a: Ursaring|slp|[msg]\n|move|p2a: Ursaring|Sleep Talk||[still]\n|-fail|p2a: Ursaring\n|cant|p1a: Brute Bonnet|par\n|\n|-heal|p1a: Brute Bonnet|264/309 par|[from] item: Leftovers\n|upkeep\n|turn|4\n|\n|t:|1782804354\n|move|p2a: Ursaring|Body Slam|p1a: Brute Bonnet\n|-damage|p1a: Brute Bonnet|95/309 par\n|move|p1a: Brute Bonnet|Close Combat|p2a: Ursaring\n|-supereffective|p2a: Ursaring\n|-damage|p2a: Ursaring|18/288\n|-unboost|p1a: Brute Bonnet|def|1\n|-unboost|p1a: Brute Bonnet|spd|1\n|\n|-heal|p1a: Brute Bonnet|114/309 par|[from] item: Leftovers\n|upkeep\n|turn|5\n|\n|t:|1782804361\n|move|p2a: Ursaring|Rest|p2a: Ursaring\n|-status|p2a: Ursaring|slp|[from] move: Rest\n|-heal|p2a: Ursaring|288/288 slp|[silent]\n|cant|p1a: Brute Bonnet|par\n|\n|-heal|p1a: Brute Bonnet|133/309 par|[from] item: Leftovers\n|upkeep\n|turn|6\n|\n|t:|1782804365\n|cant|p2a: Ursaring|slp\n|move|p2a: Ursaring|Sleep Talk|p2a: Ursaring\n|move|p2a: Ursaring|Earthquake|p1a: Brute Bonnet|[from] move: Sleep Talk\n|-resisted|p1a: Brute Bonnet\n|-damage|p1a: Brute Bonnet|2/309 par\n|move|p1a: Brute Bonnet|Close Combat|p2a: Ursaring\n|-supereffective|p2a: Ursaring\n|-damage|p2a: Ursaring|150/288 slp\n|-unboost|p1a: Brute Bonnet|def|1\n|-unboost|p1a: Brute Bonnet|spd|1\n|\n|-heal|p1a: Brute Bonnet|21/309 par|[from] item: Leftovers\n|upkeep\n|turn|7\n|\n|t:|1782804369\n|cant|p2a: Ursaring|slp\n|move|p2a: Ursaring|Sleep Talk|p2a: Ursaring\n|move|p2a: Ursaring|Body Slam|p1a: Brute Bonnet|[from] move: Sleep Talk\n|-damage|p1a: Brute Bonnet|0 fnt\n|faint|p1a: Brute Bonnet\n|-end|p1a: Brute Bonnet|Protosynthesis|[silent]\n|\n|upkeep\n|\n|t:|1782804375\n|switch|p1a: Tsareena|Tsareena, L87, F|267/267\n|turn|8\n|\n|t:|1782804382\n|move|p1a: Tsareena|High Jump Kick|p2a: Ursaring\n|-supereffective|p2a: Ursaring\n|-damage|p2a: Ursaring|0 fnt\n|faint|p2a: Ursaring\n|-damage|p1a: Tsareena|241/267|[from] item: Life Orb\n|\n|upkeep\n|\n|t:|1782804385\n|switch|p2a: Talonflame|Talonflame, L83, M|265/265\n|turn|9\n|\n|t:|1782804396\n|switch|p1a: Dewgong|Dewgong, L94, F|322/322\n|move|p2a: Talonflame|Overheat|p1a: Dewgong\n|-damage|p1a: Dewgong|277/322\n|-unboost|p2a: Talonflame|spa|2\n|\n|upkeep\n|turn|10\n|\n|t:|1782804408\n|switch|p2a: Trevenant|Trevenant, L89, M|296/296\n|move|p1a: Dewgong|Flip Turn|p2a: Trevenant\n|-resisted|p2a: Trevenant\n|-damage|p2a: Trevenant|261/296\n|\n|t:|1782804418\n|switch|p1a: Vespiquen|Vespiquen, L99, F|299/299|[from] Flip Turn\n|-ability|p1a: Vespiquen|Pressure\n|\n|upkeep\n|turn|11\n|\n|t:|1782804423\n|switch|p2a: Talonflame|Talonflame, L83, M|265/265\n|move|p1a: Vespiquen|Toxic Spikes|p2a: Talonflame\n|-sidestart|p2: 1v1saregood|move: Toxic Spikes\n|\n|upkeep\n|turn|12\n|\n|t:|1782804434\n|switch|p1a: Dewgong|Dewgong, L94, F|277/322\n|move|p2a: Talonflame|Brave Bird|p1a: Dewgong\n|-damage|p1a: Dewgong|168/322\n|-damage|p2a: Talonflame|229/265|[from] Recoil\n|\n|upkeep\n|turn|13\n|\n|t:|1782804442\n|move|p2a: Talonflame|Brave Bird|p1a: Dewgong\n|-damage|p1a: Dewgong|65/322\n|-damage|p2a: Talonflame|195/265|[from] Recoil\n|move|p1a: Dewgong|Flip Turn|p2a: Talonflame\n|-supereffective|p2a: Talonflame\n|-damage|p2a: Talonflame|51/265\n|-status|p1a: Dewgong|brn|[from] ability: Flame Body|[of] p2a: Talonflame\n|\n|t:|1782804446\n|switch|p1a: Barraskewda|Barraskewda, L81, F|231/231|[from] Flip Turn\n|\n|upkeep\n|turn|14\n|\n|t:|1782804452\n|switch|p2a: Eternatus|Eternatus, L69|308/308\n|-sideend|p2: 1v1saregood|move: Toxic Spikes|[of] p2a: Eternatus\n|-ability|p2a: Eternatus|Pressure\n|move|p1a: Barraskewda|Flip Turn|p2a: Eternatus\n|-resisted|p2a: Eternatus\n|-damage|p2a: Eternatus|250/308\n|\n|t:|1782804460\n|switch|p1a: Camerupt|Camerupt, L91, M|275/275|[from] Flip Turn\n|\n|upkeep\n|turn|15\n|\n|t:|1782804467\n|switch|p2a: Talonflame|Talonflame, L83, M|51/265\n|move|p1a: Camerupt|Stealth Rock|p2a: Talonflame\n|-sidestart|p2: 1v1saregood|move: Stealth Rock\n|\n|upkeep\n|turn|16\n|\n|t:|1782804475\n|switch|p1a: Barraskewda|Barraskewda, L81, F|231/231\n|move|p2a: Talonflame|Roost|p2a: Talonflame\n|-heal|p2a: Talonflame|184/265\n|-singleturn|p2a: Talonflame|move: Roost\n|\n|upkeep\n|turn|17\n|\n|t:|1782804484\n|switch|p2a: Trevenant|Trevenant, L89, M|261/296\n|-damage|p2a: Trevenant|224/296|[from] Stealth Rock\n|move|p1a: Barraskewda|Flip Turn|p2a: Trevenant\n|-resisted|p2a: Trevenant\n|-damage|p2a: Trevenant|164/296\n|\n|t:|1782804489\n|switch|p1a: Dewgong|Dewgong, L94, F|65/322 brn|[from] Flip Turn\n|\n|-damage|p1a: Dewgong|45/322 brn|[from] brn\n|upkeep\n|turn|18\n|\n|t:|1782804498\n|move|p1a: Dewgong|Ice Beam|p2a: Trevenant\n|-supereffective|p2a: Trevenant\n|-damage|p2a: Trevenant|0 fnt\n|faint|p2a: Trevenant\n|\n|-damage|p1a: Dewgong|25/322 brn|[from] brn\n|upkeep\n|\n|t:|1782804509\n|switch|p2a: Eternatus|Eternatus, L69|250/308\n|-damage|p2a: Eternatus|212/308|[from] Stealth Rock\n|-ability|p2a: Eternatus|Pressure\n|turn|19\n|\n|t:|1782804516\n|move|p2a: Eternatus|Meteor Beam||[still]\n|-prepare|p2a: Eternatus|Meteor Beam\n|-boost|p2a: Eternatus|spa|1\n|-enditem|p2a: Eternatus|Power Herb\n|-anim|p2a: Eternatus|Meteor Beam|p1a: Dewgong\n|-supereffective|p1a: Dewgong\n|-damage|p1a: Dewgong|0 fnt\n|faint|p1a: Dewgong\n|\n|upkeep\n|\n|t:|1782804522\n|switch|p1a: Camerupt|Camerupt, L91, M|275/275\n|turn|20\n|\n|t:|1782804531\n|move|p2a: Eternatus|Dynamax Cannon|p1a: Camerupt\n|-damage|p1a: Camerupt|121/275\n|move|p1a: Camerupt|Earthquake|p2a: Eternatus\n|-supereffective|p2a: Eternatus\n|-damage|p2a: Eternatus|0 fnt\n|faint|p2a: Eternatus\n|\n|-heal|p1a: Camerupt|138/275|[from] item: Leftovers\n|upkeep\n|\n|t:|1782804540\n|switch|p2a: Hoopa|Hoopa-Unbound, L80|259/259\n|-damage|p2a: Hoopa|227/259|[from] Stealth Rock\n|turn|21\n|\n|t:|1782804558\n|move|p2a: Hoopa|Hyperspace Fury|p1a: Camerupt\n|-damage|p1a: Camerupt|0 fnt\n|-unboost|p2a: Hoopa|def|1\n|faint|p1a: Camerupt\n|\n|upkeep\n|\n|t:|1782804562\n|switch|p1a: Vespiquen|Vespiquen, L99, F|299/299\n|-ability|p1a: Vespiquen|Pressure\n|turn|22\n|\n|t:|1782804568\n|switch|p2a: Talonflame|Talonflame, L83, M|184/265\n|move|p1a: Vespiquen|U-turn|p2a: Talonflame\n|-resisted|p2a: Talonflame\n|-crit|p2a: Talonflame\n|-damage|p2a: Talonflame|142/265\n|\n|t:|1782804573\n|switch|p1a: Barraskewda|Barraskewda, L81, F|231/231|[from] U-turn\n|\n|upkeep\n|turn|23\n|\n|t:|1782804580\n|-terastallize|p2a: Talonflame|Dragon\n|move|p1a: Barraskewda|Flip Turn|p2a: Talonflame\n|-resisted|p2a: Talonflame\n|-damage|p2a: Talonflame|76/265\n|\n|t:|1782804596\n|switch|p1a: Tsareena|Tsareena, L87, F|241/267|[from] Flip Turn\n|move|p2a: Talonflame|Roost|p2a: Talonflame\n|-heal|p2a: Talonflame|209/265\n|\n|upkeep\n|turn|24\n|\n|t:|1782804605\n|move|p2a: Talonflame|Brave Bird|p1a: Tsareena\n|-supereffective|p1a: Tsareena\n|-damage|p1a: Tsareena|61/267\n|-damage|p2a: Talonflame|150/265|[from] Recoil\n|move|p1a: Tsareena|Knock Off|p2a: Talonflame\n|-damage|p2a: Talonflame|7/265\n|-status|p1a: Tsareena|brn|[from] ability: Flame Body|[of] p2a: Talonflame\n|-enditem|p2a: Talonflame|Heavy-Duty Boots|[from] move: Knock Off|[of] p1a: Tsareena\n|-damage|p1a: Tsareena|35/267 brn|[from] item: Life Orb\n|\n|-damage|p1a: Tsareena|19/267 brn|[from] brn\n|upkeep\n|turn|25\n|\n|t:|1782804614\n|move|p2a: Talonflame|Roost|p2a: Talonflame\n|-heal|p2a: Talonflame|140/265\n|move|p1a: Tsareena|Knock Off|p2a: Talonflame\n|-damage|p2a: Talonflame|96/265\n|-damage|p1a: Tsareena|0 fnt|[from] item: Life Orb\n|faint|p1a: Tsareena\n|\n|upkeep\n|\n|t:|1782804618\n|switch|p1a: Barraskewda|Barraskewda, L81, F|231/231\n|turn|26\n|inactive|1v1saregood has 120 seconds left.\n|\n|t:|1782804649\n|move|p1a: Barraskewda|Waterfall|p2a: Talonflame\n|-resisted|p2a: Talonflame\n|-damage|p2a: Talonflame|8/265\n|move|p2a: Talonflame|Brave Bird|p1a: Barraskewda\n|-damage|p1a: Barraskewda|78/231\n|-damage|p2a: Talonflame|0 fnt|[from] Recoil\n|faint|p2a: Talonflame\n|\n|upkeep\n|inactive|1v1saregood has 120 seconds left.\n|\n|t:|1782804655\n|switch|p2a: Sunflora|Sunflora, F|312/312\n|-damage|p2a: Sunflora|273/312|[from] Stealth Rock\n|turn|27\n|\n|t:|1782804664\n|switch|p1a: Vespiquen|Vespiquen, L99, F|299/299\n|-ability|p1a: Vespiquen|Pressure\n|move|p2a: Sunflora|Sludge Bomb|p1a: Vespiquen\n|-damage|p1a: Vespiquen|185/299\n|\n|upkeep\n|turn|28\n|\n|t:|1782804673\n|move|p1a: Vespiquen|Roost|p1a: Vespiquen\n|-heal|p1a: Vespiquen|299/299\n|-singleturn|p1a: Vespiquen|move: Roost\n|move|p2a: Sunflora|Sludge Bomb|p1a: Vespiquen\n|-damage|p1a: Vespiquen|198/299\n|\n|upkeep\n|turn|29\n|\n|t:|1782804678\n|move|p1a: Vespiquen|Toxic Spikes|p2a: Sunflora\n|-sidestart|p2: 1v1saregood|move: Toxic Spikes\n|move|p2a: Sunflora|Sludge Bomb|p1a: Vespiquen\n|-damage|p1a: Vespiquen|91/299\n|-status|p1a: Vespiquen|psn\n|\n|-damage|p1a: Vespiquen|54/299 psn|[from] psn\n|upkeep\n|turn|30\n|\n|t:|1782804686\n|-terastallize|p1a: Vespiquen|Steel\n|move|p1a: Vespiquen|Roost|p1a: Vespiquen\n|-heal|p1a: Vespiquen|204/299 psn\n|move|p2a: Sunflora|Sludge Bomb|p1a: Vespiquen\n|-immune|p1a: Vespiquen\n|\n|-damage|p1a: Vespiquen|167/299 psn|[from] psn\n|upkeep\n|turn|31\n|\n|t:|1782804703\n|move|p1a: Vespiquen|Roost|p1a: Vespiquen\n|-heal|p1a: Vespiquen|299/299 psn\n|move|p2a: Sunflora|Sludge Bomb|p1a: Vespiquen\n|-immune|p1a: Vespiquen\n|\n|-damage|p1a: Vespiquen|262/299 psn|[from] psn\n|upkeep\n|turn|32\n|\n|t:|1782804720\n|switch|p2a: Hoopa|Hoopa-Unbound, L80|227/259\n|-damage|p2a: Hoopa|195/259|[from] Stealth Rock\n|-status|p2a: Hoopa|psn\n|move|p1a: Vespiquen|Toxic Spikes|p2a: Hoopa\n|-sidestart|p2: 1v1saregood|move: Toxic Spikes\n|\n|-damage|p2a: Hoopa|163/259 psn|[from] psn\n|-damage|p1a: Vespiquen|225/299 psn|[from] psn\n|upkeep\n|turn|33\n|\n|t:|1782804735\n|move|p2a: Hoopa|Focus Blast|p1a: Vespiquen\n|-supereffective|p1a: Vespiquen\n|-damage|p1a: Vespiquen|27/299 psn\n|move|p1a: Vespiquen|Roost|p1a: Vespiquen\n|-heal|p1a: Vespiquen|177/299 psn\n|\n|-damage|p2a: Hoopa|131/259 psn|[from] psn\n|-damage|p1a: Vespiquen|140/299 psn|[from] psn\n|upkeep\n|turn|34\n|\n|t:|1782804743\n|move|p2a: Hoopa|Focus Blast|p1a: Vespiquen\n|-supereffective|p1a: Vespiquen\n|-crit|p1a: Vespiquen\n|-damage|p1a: Vespiquen|0 fnt\n|faint|p1a: Vespiquen\n|\n|-damage|p2a: Hoopa|99/259 psn|[from] psn\n|upkeep\n|\n|t:|1782804748\n|switch|p1a: Barraskewda|Barraskewda, L81, F|78/231\n|turn|35\n|\n|t:|1782804755\n|move|p1a: Barraskewda|Close Combat|p2a: Hoopa\n|-damage|p2a: Hoopa|0 fnt\n|-unboost|p1a: Barraskewda|def|1\n|-unboost|p1a: Barraskewda|spd|1\n|faint|p2a: Hoopa\n|\n|upkeep\n|\n|t:|1782804757\n|switch|p2a: Sunflora|Sunflora, F|273/312\n|-damage|p2a: Sunflora|234/312|[from] Stealth Rock\n|-status|p2a: Sunflora|tox\n|turn|36\n|\n|t:|1782804763\n|move|p1a: Barraskewda|Close Combat|p2a: Sunflora\n|-damage|p2a: Sunflora|52/312 tox\n|-unboost|p1a: Barraskewda|def|1\n|-unboost|p1a: Barraskewda|spd|1\n|move|p2a: Sunflora|Sludge Bomb|p1a: Barraskewda\n|-damage|p1a: Barraskewda|0 fnt\n|faint|p1a: Barraskewda\n|\n|win|1v1saregood\n", "inputlog": ">version f8ac14003a5f27e1bdc8d8c59608a773c1cb96e5\n>start {\"formatid\":\"gen9randombattle\",\"seed\":\"sodium,4505f4f9f24f3e6eed11016c68559bb6\",\"rated\":\"Rated battle\"}\n>player p1 {\"name\":\"1414144l\",\"avatar\":\"265\",\"rating\":1984,\"seed\":\"sodium,693622432c5c9880fdd929c52e326781\"}\n>player p2 {\"name\":\"1v1saregood\",\"avatar\":\"preschooler\",\"rating\":1953,\"seed\":\"sodium,6446ae40c2203bc2863f7cc96ab24ddf\"}\n>p1 move spore\n>p2 move bodyslam\n>p1 move closecombat\n>p2 move sleeptalk\n>p1 move closecombat\n>p2 move sleeptalk\n>p1 move closecombat\n>p2 move bodyslam\n>p1 move closecombat\n>p2 move rest\n>p1 move closecombat\n>p2 move sleeptalk\n>p1 move closecombat\n>p2 move sleeptalk\n>p1 switch 2\n>p1 move highjumpkick\n>p2 move bodyslam\n>p2 switch 2\n>p1 switch 6\n>p2 move overheat\n>p1 move flipturn\n>p2 switch 3\n>p1 switch 3\n>p1 move toxicspikes\n>p2 switch 3\n>p1 switch 3\n>p2 move bravebird\n>p1 move flipturn\n>p2 move bravebird\n>p1 switch 4\n>p1 move flipturn\n>p2 switch 5\n>p1 switch 5\n>p1 move stealthrock\n>p2 switch 5\n>p1 switch 5\n>p2 move roost\n>p1 move flipturn\n>p2 switch 3\n>p1 switch 4\n>p1 move icebeam\n>p2 move poltergeist\n>p2 switch 5\n>p1 move flipturn\n>p2 move meteorbeam\n>p1 switch 5\n>p1 move earthquake\n>p2 move dynamaxcannon\n>p2 switch 6\n>p1 move earthquake\n>p2 move hyperspacefury\n>p1 switch 3\n>p1 move uturn\n>p2 switch 3\n>p1 switch 4\n>p1 move flipturn\n>p2 move roost terastallize\n>p1 switch 6\n>p1 move knockoff\n>p2 move bravebird\n>p1 move knockoff\n>p2 move roost\n>p1 switch 6\n>p1 move waterfall\n>p2 move bravebird\n>p2 switch 4\n>p1 switch 4\n>p2 move sludgebomb\n>p1 move roost\n>p2 move sludgebomb\n>p1 move toxicspikes\n>p2 move sludgebomb\n>p1 move roost terastallize\n>p2 move sludgebomb\n>p1 move roost\n>p2 move sludgebomb\n>p1 move toxicspikes\n>p2 switch 3\n>p1 move roost\n>p2 move focusblast\n>p1 move uturn\n>p2 move focusblast\n>p1 switch 4\n>p1 move closecombat\n>p2 move hyperspacefury\n>p2 switch 3\n>p1 move closecombat\n>p2 move sludgebomb", "uploadtime": 1782804318, "views": 3, "formatid": "gen9randombattle", "rating": null, "private": 0, "password": null, "player_dets": [{"name": "1414144l", "avatar": "265", "rating": 1984, "seed": "sodium,693622432c5c9880fdd929c52e326781"}, {"name": "1v1saregood", "avatar": "preschooler", "rating": 1953, "seed": "sodium,6446ae40c2203bc2863f7cc96ab24ddf"}], "teams_full": [{"Brute Bonnet": {"name": "Brute Bonnet", "species": "Brute Bonnet", "speciesId": "brutebonnet", "gender": "N", "shiny": false, "level": 80, "moves": ["crunch", "spore", "suckerpunch", "closecombat"], "ability": "Protosynthesis", "evs": {"hp": 85, "atk": 85, "def": 85, "spa": 85, "spd": 85, "spe": 85}, "ivs": {"hp": 31, "atk": 31, "def": 31, "spa": 31, "spd": 31, "spe": 31}, "item": "Leftovers", "teraType": "Fighting", "role": "Bulky Attacker", "bvs": {"hp": 111, "atk": 127, "def": 99, "spa": 79, "spd": 99, "spe": 55}, "stats": {"hp": 309, "atk": 249, "def": 205, "spa": 173, "spd": 205, "spe": 134}, "types": ["Grass", "Dark"]}, "Tsareena": {"name": "Tsareena", "species": "Tsareena", "speciesId": "tsareena", "gender": "F", "shiny": false, "level": 87, "moves": ["knockoff", "powerwhip", "synthesis", "highjumpkick"], "ability": "Queenly Majesty", "evs": {"hp": 85, "atk": 85, "def": 85, "spa": 85, "spd": 85, "spe": 85}, "ivs": {"hp": 31, "atk": 31, "def": 31, "spa": 31, "spd": 31, "spe": 31}, "item": "Life Orb", "teraType": "Fighting", "role": "Fast Support", "bvs": {"hp": 72, "atk": 120, "def": 98, "spa": 50, "spd": 98, "spe": 72}, "stats": {"hp": 267, "atk": 259, "def": 220, "spa": 137, "spd": 220, "spe": 175}, "types": ["Grass"]}, "Vespiquen": {"name": "Vespiquen", "species": "Vespiquen", "speciesId": "vespiquen", "gender": "F", "shiny": false, "level": 99, "moves": ["roost", "airslash", "uturn", "toxicspikes"], "ability": "Pressure", "evs": {"hp": 85, "atk": 85, "def": 85, "spa": 85, "spd": 85, "spe": 85}, "ivs": {"hp": 31, "atk": 31, "def": 31, "spa": 31, "spd": 31, "spe": 31}, "item": "Heavy-Duty Boots", "teraType": "Steel", "role": "Bulky Support", "bvs": {"hp": 70, "atk": 80, "def": 102, "spa": 80, "spd": 102, "spe": 40}, "stats": {"hp": 299, "atk": 214, "def": 258, "spa": 214, "spd": 258, "spe": 135}, "types": ["Bug", "Flying"]}, "Barraskewda": {"name": "Barraskewda", "species": "Barraskewda", "speciesId": "barraskewda", "gender": "F", "shiny": false, "level": 81, "moves": ["closecombat", "waterfall", "throatchop", "flipturn"], "ability": "Swift Swim", "evs": {"hp": 85, "atk": 85, "def": 85, "spa": 85, "spd": 85, "spe": 85}, "ivs": {"hp": 31, "atk": 31, "def": 31, "spa": 31, "spd": 31, "spe": 31}, "item": "Choice Band", "teraType": "Fighting", "role": "Wallbreaker", "bvs": {"hp": 61, "atk": 123, "def": 60, "spa": 60, "spd": 50, "spe": 136}, "stats": {"hp": 231, "atk": 246, "def": 144, "spa": 144, "spd": 128, "spe": 267}, "types": ["Water"]}, "Camerupt": {"name": "Camerupt", "species": "Camerupt", "speciesId": "camerupt", "gender": "M", "shiny": false, "level": 91, "moves": ["earthquake", "stealthrock", "overheat", "roar"], "ability": "Solid Rock", "evs": {"hp": 85, "atk": 85, "def": 85, "spa": 85, "spd": 85, "spe": 85}, "ivs": {"hp": 31, "atk": 31, "def": 31, "spa": 31, "spd": 31, "spe": 31}, "item": "Leftovers", "teraType": "Grass", "role": "Bulky Support", "bvs": {"hp": 70, "atk": 100, "def": 70, "spa": 105, "spd": 75, "spe": 40}, "stats": {"hp": 275, "atk": 234, "def": 179, "spa": 243, "spd": 188, "spe": 125}, "types": ["Fire", "Ground"]}, "Dewgong": {"name": "Dewgong", "species": "Dewgong", "speciesId": "dewgong", "gender": "F", "shiny": false, "level": 94, "moves": ["encore", "icebeam", "flipturn", "hydropump"], "ability": "Thick Fat", "evs": {"hp": 85, "atk": 85, "def": 85, "spa": 85, "spd": 85, "spe": 85}, "ivs": {"hp": 31, "atk": 31, "def": 31, "spa": 31, "spd": 31, "spe": 31}, "item": "Heavy-Duty Boots", "teraType": "Poison", "role": "Bulky Support", "bvs": {"hp": 90, "atk": 70, "def": 80, "spa": 70, "spd": 95, "spe": 70}, "stats": {"hp": 322, "atk": 185, "def": 204, "spa": 185, "spd": 232, "spe": 185}, "types": ["Water", "Ice"]}}, {"Ursaring": {"name": "Ursaring", "species": "Ursaring", "speciesId": "ursaring", "gender": "M", "shiny": false, "level": 84, "moves": ["bodyslam", "rest", "sleeptalk", "earthquake"], "ability": "Guts", "evs": {"hp": 85, "atk": 85, "def": 85, "spa": 85, "spd": 85, "spe": 85}, "ivs": {"hp": 31, "atk": 31, "def": 31, "spa": 31, "spd": 31, "spe": 31}, "item": "Eviolite", "teraType": "Ghost", "role": "Bulky Attacker", "bvs": {"hp": 90, "atk": 130, "def": 75, "spa": 75, "spd": 75, "spe": 55}, "stats": {"hp": 288, "atk": 267, "def": 174, "spa": 174, "spd": 174, "spe": 141}, "types": ["Normal"]}, "Talonflame": {"name": "Talonflame", "species": "Talonflame", "speciesId": "talonflame", "gender": "M", "shiny": false, "level": 83, "moves": ["taunt", "bravebird", "roost", "overheat"], "ability": "Flame Body", "evs": {"hp": 85, "atk": 85, "def": 85, "spa": 85, "spd": 85, "spe": 85}, "ivs": {"hp": 31, "atk": 31, "def": 31, "spa": 31, "spd": 31, "spe": 31}, "item": "Heavy-Duty Boots", "teraType": "Dragon", "role": "Bulky Attacker", "bvs": {"hp": 78, "atk": 81, "def": 71, "spa": 74, "spd": 69, "spe": 126}, "stats": {"hp": 265, "atk": 182, "def": 166, "spa": 171, "spd": 162, "spe": 257}, "types": ["Fire", "Flying"]}, "Trevenant": {"name": "Trevenant", "species": "Trevenant", "speciesId": "trevenant", "gender": "M", "shiny": false, "level": 89, "moves": ["woodhammer", "hornleech", "poltergeist", "drainpunch"], "ability": "Natural Cure", "evs": {"hp": 85, "atk": 85, "def": 85, "spa": 85, "spd": 85, "spe": 85}, "ivs": {"hp": 31, "atk": 31, "def": 31, "spa": 31, "spd": 31, "spe": 31}, "item": "Choice Band", "teraType": "Fighting", "role": "Wallbreaker", "bvs": {"hp": 85, "atk": 110, "def": 76, "spa": 65, "spd": 82, "spe": 56}, "stats": {"hp": 296, "atk": 247, "def": 186, "spa": 166, "spd": 197, "spe": 150}, "types": ["Ghost", "Grass"]}, "Sunflora": {"name": "Sunflora", "species": "Sunflora", "speciesId": "sunflora", "gender": "F", "shiny": false, "level": 100, "moves": ["earthpower", "leafstorm", "dazzlinggleam", "sludgebomb"], "ability": "Chlorophyll", "evs": {"hp": 85, "atk": 0, "def": 85, "spa": 85, "spd": 85, "spe": 85}, "ivs": {"hp": 31, "atk": 0, "def": 31, "spa": 31, "spd": 31, "spe": 31}, "item": "Choice Specs", "teraType": "Fairy", "role": "Wallbreaker", "bvs": {"hp": 75, "atk": 75, "def": 55, "spa": 105, "spd": 85, "spe": 30}, "stats": {"hp": 312, "atk": 155, "def": 167, "spa": 267, "spd": 227, "spe": 117}, "types": ["Grass"]}, "Eternatus": {"name": "Eternatus", "species": "Eternatus", "speciesId": "eternatus", "gender": "N", "shiny": false, "level": 69, "moves": ["meteorbeam", "fireblast", "sludgebomb", "dynamaxcannon"], "ability": "Pressure", "evs": {"hp": 85, "atk": 0, "def": 85, "spa": 85, "spd": 85, "spe": 85}, "ivs": {"hp": 31, "atk": 0, "def": 31, "spa": 31, "spd": 31, "spe": 31}, "item": "Power Herb", "teraType": "Poison", "role": "Setup Sweeper", "bvs": {"hp": 140, "atk": 85, "def": 95, "spa": 145, "spd": 95, "spe": 130}, "stats": {"hp": 308, "atk": 122, "def": 171, "spa": 240, "spd": 171, "spe": 220}, "types": ["Poison", "Dragon"]}, "Hoopa": {"name": "Hoopa", "species": "Hoopa-Unbound", "speciesId": "hoopaunbound", "gender": "N", "shiny": false, "level": 80, "moves": ["gunkshot", "focusblast", "hyperspacefury", "psychic"], "ability": "Magician", "evs": {"hp": 85, "atk": 85, "def": 85, "spa": 85, "spd": 85, "spe": 85}, "ivs": {"hp": 31, "atk": 31, "def": 31, "spa": 31, "spd": 31, "spe": 31}, "item": "Assault Vest", "teraType": "Poison", "role": "Bulky Attacker", "bvs": {"hp": 80, "atk": 160, "def": 60, "spa": 170, "spd": 130, "spe": 80}, "stats": {"hp": 259, "atk": 302, "def": 142, "spa": 318, "spd": 254, "spe": 174}, "types": ["Psychic", "Dark"]}}]}