{"id": "gen9randombattle-2641461303", "format": "[Gen 9] Random Battle", "players": ["shunkapunka", "sarodiya"], "log": "|j|\u2606shunkapunka\n|j|\u2606sarodiya\n|t:|1782788356\n|gametype|singles\n|player|p1|shunkapunka|170|1859\n|player|p2|sarodiya|265|1917\n|gen|9\n|tier|[Gen 9] Random Battle\n|rated|\n|rule|Species Clause: Limit one of each Pok\u00e9mon\n|rule|HP Percentage Mod: HP is shown in percentages\n|rule|Sleep Clause Mod: Limit one foe put to sleep\n|rule|Illusion Level Mod: Illusion disguises the Pok\u00e9mon's true level\n|\n|t:|1782788356\n|teamsize|p1|6\n|teamsize|p2|6\n|start\n|switch|p1a: Rhyperior|Rhyperior, L82, M|323/323\n|switch|p2a: Golduck|Golduck, L90, M|290/290\n|-ability|p2a: Golduck|Cloud Nine\n|turn|1\n|inactive|Battle timer is ON: inactive players will automatically lose when time's up. (requested by sarodiya)\n|\n|t:|1782788367\n|switch|p1a: Florges|Florges-Yellow, L85, F|271/271\n|move|p2a: Golduck|Hydro Pump|p1a: Florges\n|-damage|p1a: Florges|150/271\n|\n|-heal|p1a: Florges|166/271|[from] item: Leftovers\n|upkeep\n|turn|2\n|\n|t:|1782788373\n|switch|p2a: Clodsire|Clodsire, L81, M|343/343\n|move|p1a: Florges|Synthesis|p1a: Florges\n|-heal|p1a: Florges|271/271\n|\n|upkeep\n|turn|3\n|\n|t:|1782788391\n|switch|p1a: Rhyperior|Rhyperior, L82, M|323/323\n|move|p2a: Clodsire|Toxic Spikes|p1a: Rhyperior\n|-sidestart|p1: shunkapunka|move: Toxic Spikes\n|\n|upkeep\n|turn|4\n|\n|t:|1782788402\n|switch|p2a: Scovillain|Scovillain, L91, F|266/266\n|move|p1a: Rhyperior|Earthquake|p2a: Scovillain\n|-damage|p2a: Scovillain|115/266\n|\n|-heal|p2a: Scovillain|131/266|[from] item: Leftovers\n|upkeep\n|turn|5\n|\n|t:|1782788416\n|-terastallize|p1a: Rhyperior|Bug\n|move|p2a: Scovillain|Leech Seed|p1a: Rhyperior\n|-start|p1a: Rhyperior|move: Leech Seed\n|move|p1a: Rhyperior|Rock Polish|p1a: Rhyperior\n|-boost|p1a: Rhyperior|spe|2\n|\n|-heal|p2a: Scovillain|147/266|[from] item: Leftovers\n|-damage|p1a: Rhyperior|283/323|[from] Leech Seed|[of] p2a: Scovillain\n|-heal|p2a: Scovillain|187/266|[silent]\n|upkeep\n|turn|6\n|\n|t:|1782788422\n|move|p2a: Scovillain|Protect|p2a: Scovillain\n|-singleturn|p2a: Scovillain|Protect\n|move|p1a: Rhyperior|Stone Edge|p2a: Scovillain\n|-activate|p2a: Scovillain|move: Protect\n|\n|-heal|p2a: Scovillain|203/266|[from] item: Leftovers\n|-damage|p1a: Rhyperior|243/323|[from] Leech Seed|[of] p2a: Scovillain\n|-heal|p2a: Scovillain|243/266|[silent]\n|upkeep\n|turn|7\n|\n|t:|1782788427\n|switch|p2a: Annihilape|Annihilape, L76, F|292/292\n|move|p1a: Rhyperior|Stone Edge|p2a: Annihilape\n|-resisted|p2a: Annihilape\n|-crit|p2a: Annihilape\n|-damage|p2a: Annihilape|182/292\n|\n|-heal|p2a: Annihilape|200/292|[from] item: Leftovers\n|-damage|p1a: Rhyperior|203/323|[from] Leech Seed|[of] p2a: Annihilape\n|-heal|p2a: Annihilape|240/292|[silent]\n|upkeep\n|turn|8\n|\n|t:|1782788435\n|move|p1a: Rhyperior|Earthquake|p2a: Annihilape\n|-damage|p2a: Annihilape|81/292\n|move|p2a: Annihilape|Rage Fist|p1a: Rhyperior\n|-damage|p1a: Rhyperior|85/323\n|\n|-heal|p2a: Annihilape|99/292|[from] item: Leftovers\n|-damage|p1a: Rhyperior|45/323|[from] Leech Seed|[of] p2a: Annihilape\n|-heal|p2a: Annihilape|139/292|[silent]\n|upkeep\n|turn|9\n|\n|t:|1782788439\n|switch|p2a: Scovillain|Scovillain, L91, F|243/266\n|move|p1a: Rhyperior|Earthquake|p2a: Scovillain\n|-damage|p2a: Scovillain|89/266\n|\n|-heal|p2a: Scovillain|105/266|[from] item: Leftovers\n|-damage|p1a: Rhyperior|5/323|[from] Leech Seed|[of] p2a: Scovillain\n|-heal|p2a: Scovillain|145/266|[silent]\n|upkeep\n|turn|10\n|\n|t:|1782788450\n|switch|p1a: Abomasnow|Abomasnow, L84, M|287/287\n|-status|p1a: Abomasnow|psn\n|-weather|Snowscape|[from] ability: Snow Warning|[of] p1a: Abomasnow\n|move|p2a: Scovillain|Protect||[still]\n|-fail|p2a: Scovillain\n|\n|-weather|Snowscape|[upkeep]\n|-heal|p2a: Scovillain|161/266|[from] item: Leftovers\n|-damage|p1a: Abomasnow|252/287 psn|[from] psn\n|upkeep\n|turn|11\n|\n|t:|1782788464\n|move|p2a: Scovillain|Flamethrower|p1a: Abomasnow\n|-supereffective|p1a: Abomasnow\n|-damage|p1a: Abomasnow|0 fnt\n|faint|p1a: Abomasnow\n|\n|-weather|Snowscape|[upkeep]\n|-heal|p2a: Scovillain|177/266|[from] item: Leftovers\n|upkeep\n|\n|t:|1782788468\n|switch|p1a: Rhyperior|Rhyperior, L82, M, tera:Bug|5/323\n|-status|p1a: Rhyperior|psn\n|turn|12\n|inactive|sarodiya has 120 seconds left.\n|\n|t:|1782788506\n|move|p2a: Scovillain|Flamethrower|p1a: Rhyperior\n|-supereffective|p1a: Rhyperior\n|-damage|p1a: Rhyperior|0 fnt\n|faint|p1a: Rhyperior\n|\n|-weather|Snowscape|[upkeep]\n|-heal|p2a: Scovillain|193/266|[from] item: Leftovers\n|upkeep\n|\n|t:|1782788515\n|switch|p1a: Masquerain|Masquerain, L87, F|264/264\n|-ability|p1a: Masquerain|Intimidate|boost\n|-unboost|p2a: Scovillain|atk|1\n|turn|13\n|inactive|sarodiya has 120 seconds left.\n|\n|t:|1782788528\n|switch|p2a: Arcanine|Arcanine, L84, M|288/288\n|-ability|p2a: Arcanine|Intimidate|boost\n|-unboost|p1a: Masquerain|atk|1\n|move|p1a: Masquerain|Hurricane|p2a: Arcanine\n|-damage|p2a: Arcanine|147/288\n|\n|-weather|Snowscape|[upkeep]\n|upkeep\n|turn|14\n|\n|t:|1782788534\n|switch|p1a: Mightyena|Mightyena, L96, F|290/290\n|-status|p1a: Mightyena|psn\n|-ability|p1a: Mightyena|Intimidate|boost\n|-unboost|p2a: Arcanine|atk|1\n|move|p2a: Arcanine|Flare Blitz|p1a: Mightyena\n|-damage|p1a: Mightyena|196/290 psn\n|-damage|p2a: Arcanine|116/288|[from] Recoil\n|\n|-weather|none\n|-damage|p1a: Mightyena|160/290 psn|[from] psn\n|upkeep\n|turn|15\n|inactive|sarodiya has 120 seconds left.\n|\n|t:|1782788558\n|switch|p2a: Cobalion|Cobalion, L80|277/277\n|move|p1a: Mightyena|Crunch|p2a: Cobalion\n|-resisted|p2a: Cobalion\n|-damage|p2a: Cobalion|218/277\n|-ability|p2a: Cobalion|Justified|boost\n|-boost|p2a: Cobalion|atk|1\n|\n|-heal|p2a: Cobalion|235/277|[from] item: Leftovers\n|-damage|p1a: Mightyena|124/290 psn|[from] psn\n|upkeep\n|turn|16\n|\n|t:|1782788564\n|switch|p1a: Hitmonchan|Hitmonchan, L87, M|229/229\n|-status|p1a: Hitmonchan|psn\n|move|p2a: Cobalion|Calm Mind|p2a: Cobalion\n|-boost|p2a: Cobalion|spa|1\n|-boost|p2a: Cobalion|spd|1\n|\n|-heal|p2a: Cobalion|252/277|[from] item: Leftovers\n|-damage|p1a: Hitmonchan|201/229 psn|[from] psn\n|upkeep\n|turn|17\n|inactive|sarodiya has 120 seconds left.\n|\n|t:|1782788590\n|switch|p2a: Annihilape|Annihilape, L76, F|139/292\n|move|p1a: Hitmonchan|Drain Punch|p2a: Annihilape\n|-immune|p2a: Annihilape\n|\n|-heal|p2a: Annihilape|157/292|[from] item: Leftovers\n|-damage|p1a: Hitmonchan|173/229 psn|[from] psn\n|upkeep\n|turn|18\n|\n|t:|1782788595\n|move|p1a: Hitmonchan|Swords Dance|p1a: Hitmonchan\n|-boost|p1a: Hitmonchan|atk|2\n|move|p2a: Annihilape|Rage Fist|p1a: Hitmonchan\n|-damage|p1a: Hitmonchan|7/229 psn\n|\n|-heal|p2a: Annihilape|175/292|[from] item: Leftovers\n|-damage|p1a: Hitmonchan|0 fnt|[from] psn\n|faint|p1a: Hitmonchan\n|upkeep\n|-message|shunkapunka forfeited.\n|\n|win|sarodiya\n|raw|shunkapunka's rating: 1859 &rarr; <strong>1842</strong><br />(-17 for losing)\n|raw|sarodiya's rating: 1917 &rarr; <strong>1934</strong><br />(+17 for winning)\n", "inputlog": ">version f8ac14003a5f27e1bdc8d8c59608a773c1cb96e5\n>start {\"formatid\":\"gen9randombattle\",\"seed\":\"sodium,060e6509b258abaa70cc309ad5dbfc38\",\"rated\":\"Rated battle\"}\n>player p1 {\"name\":\"shunkapunka\",\"avatar\":\"170\",\"rating\":1859,\"seed\":\"sodium,52a8a3933a63bcedfe1fb8d4f1aa02da\"}\n>player p2 {\"name\":\"sarodiya\",\"avatar\":\"265\",\"rating\":1917,\"seed\":\"sodium,41e57a3a7779929d15428dbe9ab36325\"}\n>p1 switch 4\n>p2 move hydropump\n>p1 move synthesis\n>p2 switch 4\n>p1 switch 4\n>p2 move toxicspikes\n>p1 move earthquake\n>p2 switch 2\n>p1 move rockpolish terastallize\n>p2 move leechseed\n>p1 move stoneedge\n>p2 move protect\n>p1 move stoneedge\n>p2 switch 6\n>p1 move earthquake\n>p2 move ragefist\n>p1 move earthquake\n>p2 switch 6\n>p1 switch 3\n>p2 move protect\n>p1 move auroraveil\n>p2 move flamethrower\n>p1 switch 3\n>p1 move earthquake\n>p2 move flamethrower\n>p1 switch 5\n>p1 move hurricane\n>p2 switch 3\n>p1 switch 2\n>p2 move flareblitz\n>p1 move crunch\n>p2 switch 5\n>p1 switch 6\n>p2 move calmmind\n>p1 move drainpunch\n>p2 switch 6\n>p1 move swordsdance\n>p2 move ragefist\n>forcelose p1", "uploadtime": 1782788599, "views": 3, "formatid": "gen9randombattle", "rating": 1842, "private": 0, "password": null, "player_dets": [{"name": "shunkapunka", "avatar": "170", "rating": 1859, "seed": "sodium,52a8a3933a63bcedfe1fb8d4f1aa02da"}, {"name": "sarodiya", "avatar": "265", "rating": 1917, "seed": "sodium,41e57a3a7779929d15428dbe9ab36325"}], "teams_full": [{"Rhyperior": {"name": "Rhyperior", "species": "Rhyperior", "speciesId": "rhyperior", "gender": "M", "shiny": false, "level": 82, "moves": ["earthquake", "megahorn", "stoneedge", "rockpolish"], "ability": "Solid Rock", "evs": {"hp": 85, "atk": 85, "def": 85, "spa": 85, "spd": 85, "spe": 85}, "ivs": {"hp": 31, "atk": 31, "def": 31, "spa": 31, "spd": 31, "spe": 31}, "item": "Weakness Policy", "teraType": "Bug", "role": "Bulky Setup", "bvs": {"hp": 115, "atk": 140, "def": 130, "spa": 55, "spd": 55, "spe": 40}, "stats": {"hp": 323, "atk": 277, "def": 260, "spa": 137, "spd": 137, "spe": 113}, "types": ["Ground", "Rock"]}, "Mightyena": {"name": "Mightyena", "species": "Mightyena", "speciesId": "mightyena", "gender": "F", "shiny": false, "level": 96, "moves": ["playrough", "suckerpunch", "crunch", "poisonfang"], "ability": "Intimidate", "evs": {"hp": 85, "atk": 85, "def": 85, "spa": 85, "spd": 85, "spe": 85}, "ivs": {"hp": 31, "atk": 31, "def": 31, "spa": 31, "spd": 31, "spe": 31}, "item": "Choice Band", "teraType": "Poison", "role": "Bulky Attacker", "bvs": {"hp": 70, "atk": 90, "def": 70, "spa": 60, "spd": 60, "spe": 70}, "stats": {"hp": 290, "atk": 227, "def": 189, "spa": 170, "spd": 170, "spe": 189}, "types": ["Dark"]}, "Abomasnow": {"name": "Abomasnow", "species": "Abomasnow", "speciesId": "abomasnow", "gender": "M", "shiny": false, "level": 84, "moves": ["earthquake", "woodhammer", "auroraveil", "blizzard"], "ability": "Snow Warning", "evs": {"hp": 77, "atk": 85, "def": 85, "spa": 85, "spd": 85, "spe": 85}, "ivs": {"hp": 31, "atk": 31, "def": 31, "spa": 31, "spd": 31, "spe": 31}, "item": "Light Clay", "teraType": "Ghost", "role": "Bulky Support", "bvs": {"hp": 90, "atk": 92, "def": 75, "spa": 92, "spd": 85, "spe": 60}, "stats": {"hp": 287, "atk": 203, "def": 174, "spa": 203, "spd": 191, "spe": 149}, "types": ["Grass", "Ice"]}, "Florges": {"name": "Florges", "species": "Florges-Yellow", "speciesId": "florges", "gender": "F", "shiny": false, "level": 85, "moves": ["synthesis", "moonblast", "calmmind", "terablast"], "ability": "Flower Veil", "evs": {"hp": 85, "atk": 0, "def": 85, "spa": 85, "spd": 85, "spe": 85}, "ivs": {"hp": 31, "atk": 0, "def": 31, "spa": 31, "spd": 31, "spe": 31}, "item": "Leftovers", "teraType": "Ground", "role": "Tera Blast user", "bvs": {"hp": 78, "atk": 65, "def": 68, "spa": 112, "spd": 154, "spe": 75}, "stats": {"hp": 271, "atk": 115, "def": 164, "spa": 239, "spd": 311, "spe": 176}, "types": ["Fairy"]}, "Masquerain": {"name": "Masquerain", "species": "Masquerain", "speciesId": "masquerain", "gender": "F", "shiny": false, "level": 87, "moves": ["bugbuzz", "quiverdance", "hurricane", "hydropump"], "ability": "Intimidate", "evs": {"hp": 85, "atk": 0, "def": 85, "spa": 85, "spd": 85, "spe": 85}, "ivs": {"hp": 31, "atk": 0, "def": 31, "spa": 31, "spd": 31, "spe": 31}, "item": "Heavy-Duty Boots", "teraType": "Water", "role": "Setup Sweeper", "bvs": {"hp": 70, "atk": 60, "def": 62, "spa": 100, "spd": 82, "spe": 80}, "stats": {"hp": 264, "atk": 109, "def": 158, "spa": 224, "spd": 192, "spe": 189}, "types": ["Bug", "Flying"]}, "Hitmonchan": {"name": "Hitmonchan", "species": "Hitmonchan", "speciesId": "hitmonchan", "gender": "M", "shiny": false, "level": 87, "moves": ["machpunch", "swordsdance", "drainpunch", "knockoff"], "ability": "Iron Fist", "evs": {"hp": 85, "atk": 85, "def": 85, "spa": 85, "spd": 85, "spe": 85}, "ivs": {"hp": 31, "atk": 31, "def": 31, "spa": 31, "spd": 31, "spe": 31}, "item": "Life Orb", "teraType": "Dark", "role": "Setup Sweeper", "bvs": {"hp": 50, "atk": 105, "def": 79, "spa": 35, "spd": 110, "spe": 76}, "stats": {"hp": 229, "atk": 232, "def": 187, "spa": 111, "spd": 241, "spe": 182}, "types": ["Fighting"]}}, {"Golduck": {"name": "Golduck", "species": "Golduck", "speciesId": "golduck", "gender": "M", "shiny": false, "level": 90, "moves": ["flipturn", "hydropump", "icebeam", "grassknot"], "ability": "Cloud Nine", "evs": {"hp": 85, "atk": 85, "def": 85, "spa": 85, "spd": 85, "spe": 85}, "ivs": {"hp": 31, "atk": 31, "def": 31, "spa": 31, "spd": 31, "spe": 31}, "item": "Choice Specs", "teraType": "Water", "role": "Fast Attacker", "bvs": {"hp": 80, "atk": 82, "def": 78, "spa": 95, "spd": 80, "spe": 85}, "stats": {"hp": 290, "atk": 199, "def": 192, "spa": 222, "spd": 195, "spe": 204}, "types": ["Water"]}, "Scovillain": {"name": "Scovillain", "species": "Scovillain", "speciesId": "scovillain", "gender": "F", "shiny": false, "level": 91, "moves": ["protect", "flamethrower", "leechseed", "substitute"], "ability": "Chlorophyll", "evs": {"hp": 85, "atk": 0, "def": 85, "spa": 85, "spd": 85, "spe": 85}, "ivs": {"hp": 31, "atk": 0, "def": 31, "spa": 31, "spd": 31, "spe": 31}, "item": "Leftovers", "teraType": "Steel", "role": "Bulky Attacker", "bvs": {"hp": 65, "atk": 108, "def": 65, "spa": 108, "spd": 65, "spe": 75}, "stats": {"hp": 266, "atk": 201, "def": 170, "spa": 248, "spd": 170, "spe": 188}, "types": ["Grass", "Fire"]}, "Arcanine": {"name": "Arcanine", "species": "Arcanine", "speciesId": "arcanine", "gender": "M", "shiny": false, "level": 84, "moves": ["flareblitz", "closecombat", "roar", "morningsun"], "ability": "Intimidate", "evs": {"hp": 85, "atk": 85, "def": 85, "spa": 85, "spd": 85, "spe": 85}, "ivs": {"hp": 31, "atk": 31, "def": 31, "spa": 31, "spd": 31, "spe": 31}, "item": "Heavy-Duty Boots", "teraType": "Fighting", "role": "Bulky Attacker", "bvs": {"hp": 90, "atk": 110, "def": 80, "spa": 100, "spd": 80, "spe": 95}, "stats": {"hp": 288, "atk": 233, "def": 183, "spa": 216, "spd": 183, "spe": 208}, "types": ["Fire"]}, "Clodsire": {"name": "Clodsire", "species": "Clodsire", "speciesId": "clodsire", "gender": "M", "shiny": false, "level": 81, "moves": ["recover", "toxicspikes", "gunkshot", "earthquake"], "ability": "Water Absorb", "evs": {"hp": 85, "atk": 85, "def": 85, "spa": 85, "spd": 85, "spe": 85}, "ivs": {"hp": 31, "atk": 31, "def": 31, "spa": 31, "spd": 31, "spe": 31}, "item": "Leftovers", "teraType": "Steel", "role": "Bulky Attacker", "bvs": {"hp": 130, "atk": 75, "def": 60, "spa": 45, "spd": 100, "spe": 20}, "stats": {"hp": 343, "atk": 168, "def": 144, "spa": 120, "spd": 209, "spe": 79}, "types": ["Poison", "Ground"]}, "Cobalion": {"name": "Cobalion", "species": "Cobalion", "speciesId": "cobalion", "gender": "N", "shiny": false, "level": 80, "moves": ["calmmind", "vacuumwave", "aurasphere", "flashcannon"], "ability": "Justified", "evs": {"hp": 85, "atk": 0, "def": 85, "spa": 85, "spd": 85, "spe": 85}, "ivs": {"hp": 31, "atk": 0, "def": 31, "spa": 31, "spd": 31, "spe": 31}, "item": "Leftovers", "teraType": "Fighting", "role": "Bulky Setup", "bvs": {"hp": 91, "atk": 90, "def": 129, "spa": 90, "spd": 72, "spe": 108}, "stats": {"hp": 277, "atk": 149, "def": 253, "spa": 190, "spd": 161, "spe": 219}, "types": ["Steel", "Fighting"]}, "Annihilape": {"name": "Annihilape", "species": "Annihilape", "speciesId": "annihilape", "gender": "F", "shiny": false, "level": 76, "moves": ["drainpunch", "taunt", "bulkup", "ragefist"], "ability": "Defiant", "evs": {"hp": 85, "atk": 85, "def": 85, "spa": 85, "spd": 85, "spe": 85}, "ivs": {"hp": 31, "atk": 31, "def": 31, "spa": 31, "spd": 31, "spe": 31}, "item": "Leftovers", "teraType": "Fairy", "role": "Bulky Setup", "bvs": {"hp": 110, "atk": 115, "def": 80, "spa": 50, "spd": 90, "spe": 90}, "stats": {"hp": 292, "atk": 219, "def": 166, "spa": 120, "spd": 181, "spe": 181}, "types": ["Fighting", "Ghost"]}}]}