{"id": "gen9randombattle-2641065749", "format": "[Gen 9] Random Battle", "players": ["Bronzel Main", "SigurdZZ"], "log": "|badge|p1|silver|gen9randombattle|30-9\n|html|<div class=\"broadcast-red\"><strong>This battle is required to be public due to one or more player having a season medal.</strong><br />During the public phase, you can discuss the state of the ladder <a href=\"/seasondiscussion\">in a special chatroom.</a></div>\n|uhtml|medal-msg|<div class=\"broadcast-blue\">Curious what those medals under the avatar are? PS now has Ladder Seasons! For more information, check out the <a href=\"https://www.smogon.com/forums/threads/3740067/\">thread on Smogon.</a></div>\n|badge|p2|silver|gen9randombattle|30-9\n|uhtml|medal-msg|<div class=\"broadcast-blue\">Curious what those medals under the avatar are? PS now has Ladder Seasons! For more information, check out the <a href=\"https://www.smogon.com/forums/threads/3740067/\">thread on Smogon.</a></div>\n|raw|<div class=\"broadcast-blue\"><strong>This battle is required to be public due to a player having a name starting with 'medal'.</div>\n|j|\u2606Bronzel Main\n|j|\u2606SigurdZZ\n|t:|1782735239\n|gametype|singles\n|player|p1|Bronzel Main|veteran|2406\n|player|p2|SigurdZZ|misty|2416\n|gen|9\n|tier|[Gen 9] Random Battle\n|rated|\n|rule|Species Clause: Limit one of each Pok\u00e9mon\n|rule|HP Percentage Mod: HP is shown in percentages\n|rule|Sleep Clause Mod: Limit one foe put to sleep\n|rule|Illusion Level Mod: Illusion disguises the Pok\u00e9mon's true level\n|\n|t:|1782735239\n|teamsize|p1|6\n|teamsize|p2|6\n|start\n|switch|p1a: Charizard|Charizard, L85, F|271/271\n|switch|p2a: Moltres|Moltres-Galar, L79|271/271\n|turn|1\n|inactive|Battle timer is ON: inactive players will automatically lose when time's up. (requested by SigurdZZ)\n|inactive|Bronzel Main has 120 seconds left.\n|\n|t:|1782735279\n|switch|p1a: Glastrier|Glastrier, L86|311/311\n|move|p2a: Moltres|Nasty Plot|p2a: Moltres\n|-boost|p2a: Moltres|spa|2\n|\n|upkeep\n|turn|2\n|\n|t:|1782735289\n|-terastallize|p2a: Moltres|Dark\n|move|p2a: Moltres|Fiery Wrath|p1a: Glastrier\n|-damage|p1a: Glastrier|115/311\n|cant|p1a: Glastrier|flinch\n|\n|upkeep\n|turn|3\n|inactive|Bronzel Main has 120 seconds left.\n|\n|t:|1782735331\n|move|p2a: Moltres|Fiery Wrath|p1a: Glastrier\n|-damage|p1a: Glastrier|0 fnt\n|faint|p1a: Glastrier\n|\n|upkeep\n|\n|t:|1782735348\n|switch|p1a: Quagsire|Quagsire, L84, F|297/297\n|turn|4\n|\n|t:|1782735352\n|move|p2a: Moltres|Fiery Wrath|p1a: Quagsire\n|-damage|p1a: Quagsire|163/297\n|move|p1a: Quagsire|Toxic|p2a: Moltres\n|-status|p2a: Moltres|tox\n|\n|-heal|p1a: Quagsire|181/297|[from] item: Leftovers\n|-damage|p2a: Moltres|255/271 tox|[from] psn\n|upkeep\n|turn|5\n|\n|t:|1782735356\n|move|p2a: Moltres|Fiery Wrath|p1a: Quagsire\n|-damage|p1a: Quagsire|31/297\n|move|p1a: Quagsire|Recover|p1a: Quagsire\n|-heal|p1a: Quagsire|180/297\n|\n|-heal|p1a: Quagsire|198/297|[from] item: Leftovers\n|-damage|p2a: Moltres|223/271 tox|[from] psn\n|upkeep\n|turn|6\n|\n|t:|1782735365\n|move|p2a: Moltres|Fiery Wrath|p1a: Quagsire\n|-damage|p1a: Quagsire|50/297\n|move|p1a: Quagsire|Recover|p1a: Quagsire\n|-heal|p1a: Quagsire|199/297\n|\n|-heal|p1a: Quagsire|217/297|[from] item: Leftovers\n|-damage|p2a: Moltres|175/271 tox|[from] psn\n|upkeep\n|turn|7\n|\n|t:|1782735369\n|move|p2a: Moltres|Fiery Wrath|p1a: Quagsire\n|-crit|p1a: Quagsire\n|-damage|p1a: Quagsire|0 fnt\n|faint|p1a: Quagsire\n|\n|-damage|p2a: Moltres|111/271 tox|[from] psn\n|upkeep\n|\n|t:|1782735376\n|switch|p1a: Charizard|Charizard, L85, F|271/271\n|turn|8\n|\n|t:|1782735381\n|move|p1a: Charizard|Flare Blitz|p2a: Moltres\n|-damage|p2a: Moltres|0 fnt\n|faint|p2a: Moltres\n|-damage|p1a: Charizard|234/271|[from] Recoil\n|\n|upkeep\n|\n|t:|1782735393\n|switch|p2a: Smeargle|Smeargle, L95, M|258/258\n|turn|9\n|\n|t:|1782735397\n|switch|p1a: Appletun|Appletun, L92, M|352/352\n|move|p2a: Smeargle|Spore|p1a: Appletun\n|-immune|p1a: Appletun\n|\n|upkeep\n|turn|10\n|\n|t:|1782735406\n|move|p2a: Smeargle|Sticky Web|p1a: Appletun\n|-sidestart|p1: Bronzel Main|move: Sticky Web\n|move|p1a: Appletun|Apple Acid|p2a: Smeargle\n|-damage|p2a: Smeargle|110/258\n|-unboost|p2a: Smeargle|spd|1\n|\n|upkeep\n|turn|11\n|\n|t:|1782735410\n|move|p2a: Smeargle|Ceaseless Edge|p1a: Appletun\n|-crit|p1a: Appletun\n|-damage|p1a: Appletun|316/352\n|-sidestart|p1: Bronzel Main|Spikes\n|move|p1a: Appletun|Dragon Pulse|p2a: Smeargle\n|-damage|p2a: Smeargle|0 fnt\n|faint|p2a: Smeargle\n|\n|-heal|p1a: Appletun|338/352|[from] item: Leftovers\n|upkeep\n|\n|t:|1782735421\n|switch|p2a: Solgaleo|Solgaleo, L74|325/325\n|turn|12\n|\n|t:|1782735424\n|move|p2a: Solgaleo|Sunsteel Strike|p1a: Appletun\n|-damage|p1a: Appletun|227/352\n|move|p1a: Appletun|Leech Seed|p2a: Solgaleo\n|-start|p2a: Solgaleo|move: Leech Seed\n|\n|-heal|p1a: Appletun|249/352|[from] item: Leftovers\n|-damage|p2a: Solgaleo|285/325|[from] Leech Seed|[of] p1a: Appletun\n|-heal|p1a: Appletun|289/352|[silent]\n|upkeep\n|turn|13\n|\n|t:|1782735427\n|switch|p2a: Flareon|Flareon, L90, M|263/263\n|move|p1a: Appletun|Apple Acid|p2a: Flareon\n|-resisted|p2a: Flareon\n|-damage|p2a: Flareon|223/263\n|-unboost|p2a: Flareon|spd|1\n|\n|-heal|p1a: Appletun|311/352|[from] item: Leftovers\n|-status|p2a: Flareon|tox|[from] item: Toxic Orb\n|upkeep\n|turn|14\n|\n|t:|1782735438\n|switch|p2a: Great Tusk|Great Tusk, L77|304/304\n|move|p1a: Appletun|Recover|p1a: Appletun\n|-heal|p1a: Appletun|352/352\n|\n|upkeep\n|turn|15\n|\n|t:|1782735441\n|move|p2a: Great Tusk|Knock Off|p1a: Appletun\n|-damage|p1a: Appletun|285/352\n|-enditem|p1a: Appletun|Leftovers|[from] move: Knock Off|[of] p2a: Great Tusk\n|move|p1a: Appletun|Apple Acid|p2a: Great Tusk\n|-supereffective|p2a: Great Tusk\n|-damage|p2a: Great Tusk|0 fnt\n|faint|p2a: Great Tusk\n|-end|p2a: Great Tusk|Protosynthesis|[silent]\n|\n|upkeep\n|\n|t:|1782735444\n|switch|p2a: Flareon|Flareon, L90, M|223/263 tox\n|turn|16\n|\n|t:|1782735450\n|switch|p1a: Charizard|Charizard, L85, F|234/271\n|move|p2a: Flareon|Facade|p1a: Charizard\n|-damage|p1a: Charizard|0 fnt\n|faint|p1a: Charizard\n|\n|-damage|p2a: Flareon|207/263 tox|[from] psn\n|upkeep\n|\n|t:|1782735459\n|switch|p1a: Feraligatr|Feraligatr, L79, M|264/264\n|-activate|p1a: Feraligatr|move: Sticky Web\n|-unboost|p1a: Feraligatr|spe|1\n|-damage|p1a: Feraligatr|231/264|[from] Spikes\n|turn|17\n|\n|t:|1782735469\n|switch|p2a: Solgaleo|Solgaleo, L74|285/325\n|move|p1a: Feraligatr|Liquidation|p2a: Solgaleo\n|-damage|p2a: Solgaleo|151/325\n|\n|-heal|p2a: Solgaleo|171/325|[from] item: Leftovers\n|upkeep\n|turn|18\n|\n|t:|1782735476\n|move|p2a: Solgaleo|Psychic Fangs|p1a: Feraligatr\n|-damage|p1a: Feraligatr|143/264\n|move|p1a: Feraligatr|Dragon Dance|p1a: Feraligatr\n|-boost|p1a: Feraligatr|atk|1\n|-boost|p1a: Feraligatr|spe|1\n|\n|-heal|p2a: Solgaleo|191/325|[from] item: Leftovers\n|upkeep\n|turn|19\n|\n|t:|1782735479\n|move|p2a: Solgaleo|Psychic Fangs|p1a: Feraligatr\n|-crit|p1a: Feraligatr\n|-damage|p1a: Feraligatr|16/264\n|move|p1a: Feraligatr|Liquidation|p2a: Solgaleo\n|-damage|p2a: Solgaleo|0 fnt\n|faint|p2a: Solgaleo\n|\n|upkeep\n|\n|t:|1782735482\n|switch|p2a: Flareon|Flareon, L90, M|207/263 tox\n|turn|20\n|\n|t:|1782735487\n|move|p2a: Flareon|Quick Attack|p1a: Feraligatr\n|-damage|p1a: Feraligatr|0 fnt\n|faint|p1a: Feraligatr\n|\n|-damage|p2a: Flareon|191/263 tox|[from] psn\n|upkeep\n|j| xmagic_7\n|\n|t:|1782735510\n|switch|p1a: Necrozma|Necrozma, L80|286/286\n|-activate|p1a: Necrozma|move: Sticky Web\n|-unboost|p1a: Necrozma|spe|1\n|-damage|p1a: Necrozma|251/286|[from] Spikes\n|turn|21\n|\n|t:|1782735518\n|move|p2a: Flareon|Flare Blitz|p1a: Necrozma\n|-damage|p1a: Necrozma|0 fnt\n|faint|p1a: Necrozma\n|-damage|p2a: Flareon|108/263 tox|[from] Recoil\n|\n|-damage|p2a: Flareon|76/263 tox|[from] psn\n|upkeep\n|\n|t:|1782735521\n|switch|p1a: Appletun|Appletun, L92, M|285/352\n|-activate|p1a: Appletun|move: Sticky Web\n|-unboost|p1a: Appletun|spe|1\n|-damage|p1a: Appletun|241/352|[from] Spikes\n|turn|22\n|inactive|Bronzel Main has 120 seconds left.\n|\n|t:|1782735563\n|switch|p2a: Coalossal|Coalossal, L89, F|341/341\n|-terastallize|p1a: Appletun|Steel\n|move|p1a: Appletun|Recover|p1a: Appletun\n|-heal|p1a: Appletun|352/352\n|\n|upkeep\n|turn|23\n|\n|t:|1782735577\n|move|p2a: Coalossal|Stone Edge|p1a: Appletun|[miss]\n|-miss|p2a: Coalossal|p1a: Appletun\n|move|p1a: Appletun|Leech Seed|p2a: Coalossal\n|-start|p2a: Coalossal|move: Leech Seed\n|\n|-damage|p2a: Coalossal|299/341|[from] Leech Seed|[of] p1a: Appletun\n|upkeep\n|turn|24\n|\n|t:|1782735580\n|move|p2a: Coalossal|Rapid Spin|p1a: Appletun\n|-resisted|p1a: Appletun\n|-damage|p1a: Appletun|334/352\n|-boost|p2a: Coalossal|spe|1\n|-end|p2a: Coalossal|Leech Seed|[from] move: Rapid Spin|[of] p2a: Coalossal\n|move|p1a: Appletun|Apple Acid|p2a: Coalossal\n|-damage|p2a: Coalossal|197/341\n|-unboost|p2a: Coalossal|spd|1\n|\n|upkeep\n|turn|25\n|\n|t:|1782735585\n|move|p2a: Coalossal|Stone Edge|p1a: Appletun|[miss]\n|-miss|p2a: Coalossal|p1a: Appletun\n|move|p1a: Appletun|Leech Seed|p2a: Coalossal\n|-start|p2a: Coalossal|move: Leech Seed\n|\n|-damage|p2a: Coalossal|155/341|[from] Leech Seed|[of] p1a: Appletun\n|-heal|p1a: Appletun|352/352|[silent]\n|upkeep\n|turn|26\n|\n|t:|1782735592\n|move|p2a: Coalossal|Rapid Spin|p1a: Appletun\n|-resisted|p1a: Appletun\n|-damage|p1a: Appletun|334/352\n|-boost|p2a: Coalossal|spe|1\n|-end|p2a: Coalossal|Leech Seed|[from] move: Rapid Spin|[of] p2a: Coalossal\n|move|p1a: Appletun|Recover|p1a: Appletun\n|-heal|p1a: Appletun|352/352\n|\n|upkeep\n|turn|27\n|\n|t:|1782735596\n|move|p2a: Coalossal|Overheat|p1a: Appletun\n|-supereffective|p1a: Appletun\n|-damage|p1a: Appletun|230/352\n|-unboost|p2a: Coalossal|spa|2\n|move|p1a: Appletun|Leech Seed|p2a: Coalossal\n|-start|p2a: Coalossal|move: Leech Seed\n|\n|-damage|p2a: Coalossal|113/341|[from] Leech Seed|[of] p1a: Appletun\n|-heal|p1a: Appletun|272/352|[silent]\n|upkeep\n|turn|28\n|\n|t:|1782735604\n|move|p2a: Coalossal|Rapid Spin|p1a: Appletun\n|-resisted|p1a: Appletun\n|-damage|p1a: Appletun|254/352\n|-boost|p2a: Coalossal|spe|1\n|-end|p2a: Coalossal|Leech Seed|[from] move: Rapid Spin|[of] p2a: Coalossal\n|move|p1a: Appletun|Leech Seed|p2a: Coalossal\n|-start|p2a: Coalossal|move: Leech Seed\n|\n|-damage|p2a: Coalossal|71/341|[from] Leech Seed|[of] p1a: Appletun\n|-heal|p1a: Appletun|296/352|[silent]\n|upkeep\n|turn|29\n|\n|t:|1782735613\n|move|p2a: Coalossal|Rapid Spin|p1a: Appletun\n|-resisted|p1a: Appletun\n|-damage|p1a: Appletun|280/352\n|-boost|p2a: Coalossal|spe|1\n|-end|p2a: Coalossal|Leech Seed|[from] move: Rapid Spin|[of] p2a: Coalossal\n|move|p1a: Appletun|Leech Seed|p2a: Coalossal\n|-start|p2a: Coalossal|move: Leech Seed\n|\n|-damage|p2a: Coalossal|29/341|[from] Leech Seed|[of] p1a: Appletun\n|-heal|p1a: Appletun|322/352|[silent]\n|upkeep\n|turn|30\n|\n|t:|1782735620\n|move|p2a: Coalossal|Overheat|p1a: Appletun|[miss]\n|-miss|p2a: Coalossal|p1a: Appletun\n|move|p1a: Appletun|Recover|p1a: Appletun\n|-heal|p1a: Appletun|352/352\n|\n|-damage|p2a: Coalossal|0 fnt|[from] Leech Seed|[of] p1a: Appletun\n|faint|p2a: Coalossal\n|upkeep\n|\n|t:|1782735623\n|switch|p2a: Flareon|Flareon, L90, M|76/263 tox\n|turn|31\n|\n|t:|1782735626\n|move|p2a: Flareon|Flare Blitz|p1a: Appletun\n|-supereffective|p1a: Appletun\n|-damage|p1a: Appletun|82/352\n|-damage|p2a: Flareon|0 fnt|[from] Recoil\n|faint|p2a: Flareon\n|\n|win|Bronzel Main\n", "inputlog": ">version 3f8ef8cf60cebd2b18892af2794d10415e14a302\n>start {\"formatid\":\"gen9randombattle\",\"seed\":\"sodium,4a7e0b09276e639ffa2139db5d950bd2\",\"rated\":\"Rated battle\"}\n>player p1 {\"name\":\"Bronzel Main\",\"avatar\":\"veteran\",\"rating\":2406,\"seed\":\"sodium,5622b4a1ad104674ecc2822343389814\"}\n>player p2 {\"name\":\"SigurdZZ\",\"avatar\":\"misty\",\"rating\":2416,\"seed\":\"sodium,bc5e3d891e350f49fc7c9e70ebbd3fb8\"}\n>p1 switch 3\n>p2 move nastyplot\n>p1 move iciclecrash\n>p2 move fierywrath terastallize\n>p1 move closecombat\n>p2 move fierywrath\n>p1 switch 4\n>p1 move toxic\n>p2 move fierywrath\n>p1 move recover\n>p2 move fierywrath\n>p1 move recover\n>p2 move fierywrath\n>p1 move recover\n>p2 move fierywrath\n>p1 switch 3\n>p1 move flareblitz\n>p2 move fierywrath\n>p2 switch 6\n>p1 switch 6\n>p2 move spore\n>p1 move appleacid\n>p2 move stickyweb\n>p1 move dragonpulse\n>p2 move ceaselessedge\n>p2 switch 3\n>p1 move leechseed\n>p2 move sunsteelstrike\n>p1 move appleacid\n>p2 switch 2\n>p1 move recover\n>p2 switch 5\n>p1 move appleacid\n>p2 move knockoff\n>p2 switch 5\n>p1 switch 6\n>p2 move facade\n>p1 switch 2\n>p1 move liquidation\n>p2 switch 2\n>p1 move dragondance\n>p2 move psychicfangs\n>p1 move liquidation\n>p2 move psychicfangs\n>p2 switch 2\n>p1 move liquidation\n>p2 move quickattack\n>p1 switch 5\n>p1 move earthquake\n>p2 move flareblitz\n>p1 switch 6\n>p1 move recover terastallize\n>p2 switch 4\n>p1 move leechseed\n>p2 move stoneedge\n>p1 move appleacid\n>p2 move rapidspin\n>p1 move leechseed\n>p2 move stoneedge\n>p1 move recover\n>p2 move rapidspin\n>p1 move leechseed\n>p2 move overheat\n>p1 move leechseed\n>p2 move rapidspin\n>p1 move leechseed\n>p2 move rapidspin\n>p1 move recover\n>p2 move overheat\n>p2 switch 4\n>p1 move dragonpulse\n>p2 move flareblitz", "uploadtime": 1782735240, "views": 4, "formatid": "gen9randombattle", "rating": null, "private": 0, "password": null, "player_dets": [{"name": "Bronzel Main", "avatar": "veteran", "rating": 2406, "seed": "sodium,5622b4a1ad104674ecc2822343389814"}, {"name": "SigurdZZ", "avatar": "misty", "rating": 2416, "seed": "sodium,bc5e3d891e350f49fc7c9e70ebbd3fb8"}], "teams_full": [{"Charizard": {"name": "Charizard", "species": "Charizard", "speciesId": "charizard", "gender": "F", "shiny": false, "level": 85, "moves": ["flareblitz", "dragondance", "outrage", "earthquake"], "ability": "Blaze", "evs": {"hp": 85, "atk": 85, "def": 85, "spa": 85, "spd": 85, "spe": 85}, "ivs": {"hp": 31, "atk": 31, "def": 31, "spa": 31, "spd": 31, "spe": 31}, "item": "Heavy-Duty Boots", "teraType": "Dragon", "role": "Setup Sweeper", "bvs": {"hp": 78, "atk": 84, "def": 78, "spa": 109, "spd": 85, "spe": 100}, "stats": {"hp": 271, "atk": 192, "def": 181, "spa": 234, "spd": 193, "spe": 219}, "types": ["Fire", "Flying"]}, "Feraligatr": {"name": "Feraligatr", "species": "Feraligatr", "speciesId": "feraligatr", "gender": "M", "shiny": false, "level": 79, "moves": ["liquidation", "dragondance", "crunch", "icepunch"], "ability": "Sheer Force", "evs": {"hp": 85, "atk": 85, "def": 85, "spa": 85, "spd": 85, "spe": 85}, "ivs": {"hp": 31, "atk": 31, "def": 31, "spa": 31, "spd": 31, "spe": 31}, "item": "Life Orb", "teraType": "Water", "role": "Fast Bulky Setup", "bvs": {"hp": 85, "atk": 105, "def": 100, "spa": 79, "spd": 83, "spe": 78}, "stats": {"hp": 264, "atk": 211, "def": 204, "spa": 170, "spd": 177, "spe": 169}, "types": ["Water"]}, "Glastrier": {"name": "Glastrier", "species": "Glastrier", "speciesId": "glastrier", "gender": "N", "shiny": false, "level": 86, "moves": ["iciclecrash", "highhorsepower", "heavyslam", "closecombat"], "ability": "Chilling Neigh", "evs": {"hp": 81, "atk": 85, "def": 85, "spa": 85, "spd": 85, "spe": 85}, "ivs": {"hp": 31, "atk": 31, "def": 31, "spa": 31, "spd": 31, "spe": 31}, "item": "Choice Band", "teraType": "Steel", "role": "Bulky Attacker", "bvs": {"hp": 100, "atk": 145, "def": 130, "spa": 65, "spd": 110, "spe": 30}, "stats": {"hp": 311, "atk": 299, "def": 273, "spa": 161, "spd": 238, "spe": 101}, "types": ["Ice"]}, "Quagsire": {"name": "Quagsire", "species": "Quagsire", "speciesId": "quagsire", "gender": "F", "shiny": false, "level": 84, "moves": ["icebeam", "recover", "earthquake", "toxic"], "ability": "Unaware", "evs": {"hp": 85, "atk": 85, "def": 85, "spa": 85, "spd": 85, "spe": 85}, "ivs": {"hp": 31, "atk": 31, "def": 31, "spa": 31, "spd": 31, "spe": 31}, "item": "Leftovers", "teraType": "Poison", "role": "Bulky Support", "bvs": {"hp": 95, "atk": 85, "def": 85, "spa": 65, "spd": 65, "spe": 35}, "stats": {"hp": 297, "atk": 191, "def": 191, "spa": 157, "spd": 157, "spe": 107}, "types": ["Water", "Ground"]}, "Necrozma": {"name": "Necrozma", "species": "Necrozma", "speciesId": "necrozma", "gender": "N", "shiny": false, "level": 80, "moves": ["knockoff", "earthquake", "dragondance", "photongeyser"], "ability": "Prism Armor", "evs": {"hp": 85, "atk": 85, "def": 85, "spa": 85, "spd": 85, "spe": 85}, "ivs": {"hp": 31, "atk": 31, "def": 31, "spa": 31, "spd": 31, "spe": 31}, "item": "Weakness Policy", "teraType": "Steel", "role": "Bulky Setup", "bvs": {"hp": 97, "atk": 107, "def": 101, "spa": 127, "spd": 89, "spe": 79}, "stats": {"hp": 286, "atk": 217, "def": 208, "spa": 249, "spd": 189, "spe": 173}, "types": ["Psychic"]}, "Appletun": {"name": "Appletun", "species": "Appletun", "speciesId": "appletun", "gender": "M", "shiny": false, "level": 92, "moves": ["leechseed", "recover", "dragonpulse", "appleacid"], "ability": "Thick Fat", "evs": {"hp": 85, "atk": 0, "def": 85, "spa": 85, "spd": 85, "spe": 85}, "ivs": {"hp": 31, "atk": 0, "def": 31, "spa": 31, "spd": 31, "spe": 31}, "item": "Leftovers", "teraType": "Steel", "role": "Bulky Attacker", "bvs": {"hp": 110, "atk": 85, "def": 80, "spa": 100, "spd": 80, "spe": 30}, "stats": {"hp": 352, "atk": 161, "def": 200, "spa": 236, "spd": 200, "spe": 108}, "types": ["Grass", "Dragon"]}}, {"Moltres": {"name": "Moltres", "species": "Moltres-Galar", "speciesId": "moltresgalar", "gender": "N", "shiny": false, "level": 79, "moves": ["hurricane", "rest", "fierywrath", "nastyplot"], "ability": "Berserk", "evs": {"hp": 81, "atk": 0, "def": 85, "spa": 85, "spd": 85, "spe": 85}, "ivs": {"hp": 31, "atk": 0, "def": 31, "spa": 31, "spd": 31, "spe": 31}, "item": "Chesto Berry", "teraType": "Dark", "role": "Bulky Setup", "bvs": {"hp": 90, "atk": 85, "def": 90, "spa": 100, "spd": 125, "spe": 90}, "stats": {"hp": 271, "atk": 139, "def": 188, "spa": 204, "spd": 243, "spe": 188}, "types": ["Dark", "Flying"]}, "Flareon": {"name": "Flareon", "species": "Flareon", "speciesId": "flareon", "gender": "M", "shiny": false, "level": 90, "moves": ["quickattack", "trailblaze", "flareblitz", "facade"], "ability": "Guts", "evs": {"hp": 85, "atk": 85, "def": 85, "spa": 85, "spd": 85, "spe": 85}, "ivs": {"hp": 31, "atk": 31, "def": 31, "spa": 31, "spd": 31, "spe": 31}, "item": "Toxic Orb", "teraType": "Normal", "role": "Setup Sweeper", "bvs": {"hp": 65, "atk": 130, "def": 60, "spa": 95, "spd": 110, "spe": 65}, "stats": {"hp": 263, "atk": 285, "def": 159, "spa": 222, "spd": 249, "spe": 168}, "types": ["Fire"]}, "Solgaleo": {"name": "Solgaleo", "species": "Solgaleo", "speciesId": "solgaleo", "gender": "N", "shiny": false, "level": 74, "moves": ["morningsun", "earthquake", "psychicfangs", "sunsteelstrike"], "ability": "Full Metal Body", "evs": {"hp": 85, "atk": 85, "def": 85, "spa": 85, "spd": 85, "spe": 85}, "ivs": {"hp": 31, "atk": 31, "def": 31, "spa": 31, "spd": 31, "spe": 31}, "item": "Leftovers", "teraType": "Water", "role": "Bulky Attacker", "bvs": {"hp": 137, "atk": 137, "def": 107, "spa": 113, "spd": 89, "spe": 97}, "stats": {"hp": 325, "atk": 246, "def": 201, "spa": 210, "spd": 175, "spe": 187}, "types": ["Psychic", "Steel"]}, "Coalossal": {"name": "Coalossal", "species": "Coalossal", "speciesId": "coalossal", "gender": "F", "shiny": false, "level": 89, "moves": ["overheat", "stoneedge", "stealthrock", "rapidspin"], "ability": "Flame Body", "evs": {"hp": 85, "atk": 85, "def": 85, "spa": 85, "spd": 85, "spe": 85}, "ivs": {"hp": 31, "atk": 31, "def": 31, "spa": 31, "spd": 31, "spe": 31}, "item": "Heavy-Duty Boots", "teraType": "Grass", "role": "Bulky Support", "bvs": {"hp": 110, "atk": 80, "def": 120, "spa": 80, "spd": 90, "spe": 30}, "stats": {"hp": 341, "atk": 193, "def": 264, "spa": 193, "spd": 211, "spe": 104}, "types": ["Rock", "Fire"]}, "Great Tusk": {"name": "Great Tusk", "species": "Great Tusk", "speciesId": "greattusk", "gender": "N", "shiny": false, "level": 77, "moves": ["headlongrush", "knockoff", "closecombat", "icespinner"], "ability": "Protosynthesis", "evs": {"hp": 85, "atk": 85, "def": 85, "spa": 85, "spd": 85, "spe": 85}, "ivs": {"hp": 31, "atk": 31, "def": 31, "spa": 31, "spd": 31, "spe": 31}, "item": "Choice Scarf", "teraType": "Steel", "role": "Bulky Support", "bvs": {"hp": 115, "atk": 131, "def": 131, "spa": 53, "spd": 53, "spe": 87}, "stats": {"hp": 304, "atk": 246, "def": 246, "spa": 126, "spd": 126, "spe": 179}, "types": ["Ground", "Fighting"]}, "Smeargle": {"name": "Smeargle", "species": "Smeargle", "speciesId": "smeargle", "gender": "M", "shiny": false, "level": 95, "moves": ["whirlwind", "spore", "stickyweb", "ceaselessedge"], "ability": "Own Tempo", "evs": {"hp": 85, "atk": 85, "def": 85, "spa": 85, "spd": 85, "spe": 85}, "ivs": {"hp": 31, "atk": 31, "def": 31, "spa": 31, "spd": 31, "spe": 31}, "item": "Focus Sash", "teraType": "Ghost", "role": "Fast Support", "bvs": {"hp": 55, "atk": 20, "def": 35, "spa": 20, "spd": 45, "spe": 75}, "stats": {"hp": 258, "atk": 92, "def": 120, "spa": 92, "spd": 139, "spe": 196}, "types": ["Normal"]}}]}