{"id": "gen9randombattle-2641451487", "format": "[Gen 9] Random Battle", "players": ["williamsw21", "personanongrattata"], "log": "|badge|p2|bronze|gen9randombattle|100-9\n|html|<div class=\"broadcast-red\"><strong>This battle is required to be public due to one or more player having a season medal.</strong><br />During the public phase, you can discuss the state of the ladder <a href=\"/seasondiscussion\">in a special chatroom.</a></div>\n|uhtml|medal-msg|<div class=\"broadcast-blue\">Curious what those medals under the avatar are? PS now has Ladder Seasons! For more information, check out the <a href=\"https://www.smogon.com/forums/threads/3740067/\">thread on Smogon.</a></div>\n|raw|<div class=\"broadcast-blue\"><strong>This battle is required to be public due to a player having a name starting with 'medal'.</div>\n|j|\u203dwilliamsw21\n|j|\u2606personanongrattata\n|t:|1782786804\n|gametype|singles\n|player|p1|williamsw21|101|2071\n|player|p2|personanongrattata|youngster-gen4dp|2263\n|gen|9\n|tier|[Gen 9] Random Battle\n|rated|\n|rule|Species Clause: Limit one of each Pok\u00e9mon\n|rule|HP Percentage Mod: HP is shown in percentages\n|rule|Sleep Clause Mod: Limit one foe put to sleep\n|rule|Illusion Level Mod: Illusion disguises the Pok\u00e9mon's true level\n|\n|t:|1782786804\n|teamsize|p1|6\n|teamsize|p2|6\n|start\n|switch|p1a: Blissey|Blissey, L85, F|572/572\n|switch|p2a: Metagross|Metagross, L79|256/256\n|turn|1\n|inactive|Battle timer is ON: inactive players will automatically lose when time's up. (requested by personanongrattata)\n|\n|t:|1782786819\n|move|p2a: Metagross|Knock Off|p1a: Blissey\n|-damage|p1a: Blissey|330/572\n|-enditem|p1a: Blissey|Leftovers|[from] move: Knock Off|[of] p2a: Metagross\n|move|p1a: Blissey|Thunder Wave|p2a: Metagross\n|-status|p2a: Metagross|par\n|\n|upkeep\n|turn|2\n|\n|t:|1782786823\n|move|p1a: Blissey|Stealth Rock|p2a: Metagross\n|-sidestart|p2: personanongrattata|move: Stealth Rock\n|move|p2a: Metagross|Heavy Slam|p1a: Blissey\n|-damage|p1a: Blissey|0 fnt\n|faint|p1a: Blissey\n|\n|upkeep\n|\n|t:|1782786829\n|switch|p1a: Skarmory|Skarmory, L80, F|235/235\n|turn|3\n|\n|t:|1782786839\n|switch|p2a: Honchkrow|Honchkrow, L86, F|312/312\n|move|p1a: Skarmory|Iron Defense|p1a: Skarmory\n|-boost|p1a: Skarmory|def|2\n|\n|upkeep\n|turn|4\n|\n|t:|1782786845\n|switch|p1a: Snorlax|Snorlax, L82, F|397/397\n|move|p2a: Honchkrow|Heat Wave|p1a: Snorlax|[miss]\n|-miss|p2a: Honchkrow|p1a: Snorlax\n|\n|upkeep\n|turn|5\n|\n|t:|1782786859\n|switch|p2a: Dialga|Dialga-Origin, L73|266/266\n|-damage|p2a: Dialga|250/266|[from] Stealth Rock\n|-ability|p2a: Dialga|Pressure\n|move|p1a: Snorlax|Body Slam|p2a: Dialga\n|-resisted|p2a: Dialga\n|-damage|p2a: Dialga|209/266\n|\n|upkeep\n|turn|6\n|\n|t:|1782786863\n|move|p2a: Dialga|Stealth Rock|p1a: Snorlax\n|-sidestart|p1: williamsw21|move: Stealth Rock\n|move|p1a: Snorlax|Earthquake|p2a: Dialga\n|-supereffective|p2a: Dialga\n|-damage|p2a: Dialga|83/266\n|\n|upkeep\n|turn|7\n|\n|t:|1782786871\n|move|p2a: Dialga|Draco Meteor|p1a: Snorlax\n|-damage|p1a: Snorlax|249/397\n|-unboost|p2a: Dialga|spa|2\n|move|p1a: Snorlax|Earthquake|p2a: Dialga\n|-supereffective|p2a: Dialga\n|-crit|p2a: Dialga\n|-damage|p2a: Dialga|0 fnt\n|faint|p2a: Dialga\n|\n|-heal|p1a: Snorlax|273/397|[from] item: Leftovers\n|upkeep\n|\n|t:|1782786873\n|switch|p2a: Gallade|Gallade, L80, M|240/240\n|-damage|p2a: Gallade|225/240|[from] Stealth Rock\n|turn|8\n|\n|t:|1782786883\n|move|p2a: Gallade|Sacred Sword|p1a: Snorlax\n|-supereffective|p1a: Snorlax\n|-damage|p1a: Snorlax|0 fnt\n|faint|p1a: Snorlax\n|-damage|p2a: Gallade|201/240|[from] item: Life Orb\n|\n|upkeep\n|inactive|williamsw21 has 120 seconds left.\n|\n|t:|1782786910\n|switch|p1a: Avalugg|Avalugg-Hisui, L90, F|317/317\n|turn|9\n|\n|t:|1782786923\n|move|p2a: Gallade|Sacred Sword|p1a: Avalugg\n|-supereffective|p1a: Avalugg\n|-ability|p1a: Avalugg|Sturdy\n|-damage|p1a: Avalugg|1/317\n|-damage|p2a: Gallade|177/240|[from] item: Life Orb\n|move|p1a: Avalugg|Rapid Spin|p2a: Gallade\n|-damage|p2a: Gallade|105/240\n|-boost|p1a: Avalugg|spe|1\n|-sideend|p1: williamsw21|Stealth Rock|[from] move: Rapid Spin|[of] p1a: Avalugg\n|\n|upkeep\n|turn|10\n|\n|t:|1782786931\n|move|p1a: Avalugg|Stone Edge|p2a: Gallade\n|-resisted|p2a: Gallade\n|-damage|p2a: Gallade|0 fnt\n|faint|p2a: Gallade\n|\n|upkeep\n|\n|t:|1782786936\n|switch|p2a: Houndoom|Houndoom, L87, F|272/272\n|turn|11\n|\n|t:|1782786939\n|move|p2a: Houndoom|Dark Pulse|p1a: Avalugg\n|-damage|p1a: Avalugg|0 fnt\n|faint|p1a: Avalugg\n|\n|upkeep\n|\n|t:|1782786943\n|switch|p1a: Hitmonlee|Hitmonlee, L85, M|224/224\n|turn|12\n|\n|t:|1782786959\n|-terastallize|p2a: Houndoom|Fire\n|move|p2a: Houndoom|Fire Blast|p1a: Hitmonlee\n|-damage|p1a: Hitmonlee|70/224\n|move|p1a: Hitmonlee|Close Combat|p2a: Houndoom\n|-damage|p2a: Houndoom|58/272\n|-unboost|p1a: Hitmonlee|def|1\n|-unboost|p1a: Hitmonlee|spd|1\n|-enditem|p1a: Hitmonlee|White Herb\n|-clearnegativeboost|p1a: Hitmonlee|[silent]\n|\n|upkeep\n|turn|13\n|\n|t:|1782786978\n|switch|p2a: Metagross|Metagross, L79|256/256 par\n|-damage|p2a: Metagross|240/256 par|[from] Stealth Rock\n|move|p1a: Hitmonlee|Knock Off|p2a: Metagross\n|-supereffective|p2a: Metagross\n|-damage|p2a: Metagross|98/256 par\n|-enditem|p2a: Metagross|Weakness Policy\n|-boost|p2a: Metagross|atk|2|[from] item: Weakness Policy\n|-boost|p2a: Metagross|spa|2|[from] item: Weakness Policy\n|\n|upkeep\n|turn|14\n|\n|t:|1782786981\n|move|p1a: Hitmonlee|Knock Off|p2a: Metagross\n|-supereffective|p2a: Metagross\n|-damage|p2a: Metagross|8/256 par\n|move|p2a: Metagross|Heavy Slam|p1a: Hitmonlee\n|-damage|p1a: Hitmonlee|0 fnt\n|faint|p1a: Hitmonlee\n|\n|upkeep\n|\n|t:|1782786993\n|switch|p1a: Skarmory|Skarmory, L80, F|235/235\n|turn|15\n|\n|t:|1782786996\n|move|p1a: Skarmory|Iron Defense|p1a: Skarmory\n|-boost|p1a: Skarmory|def|2\n|cant|p2a: Metagross|par\n|\n|upkeep\n|turn|16\n|\n|t:|1782786999\n|switch|p2a: Honchkrow|Honchkrow, L86, F|312/312\n|move|p1a: Skarmory|Iron Defense|p1a: Skarmory\n|-boost|p1a: Skarmory|def|2\n|\n|upkeep\n|turn|17\n|inactive|williamsw21 has 120 seconds left.\n|\n|t:|1782787041\n|-terastallize|p1a: Skarmory|Fighting\n|move|p2a: Honchkrow|Heat Wave|p1a: Skarmory\n|-crit|p1a: Skarmory\n|-damage|p1a: Skarmory|98/235\n|move|p1a: Skarmory|Body Press|p2a: Honchkrow\n|-damage|p2a: Honchkrow|0 fnt\n|faint|p2a: Honchkrow\n|\n|-heal|p1a: Skarmory|112/235|[from] item: Leftovers\n|upkeep\n|\n|t:|1782787046\n|switch|p2a: Houndoom|Houndoom, L87, F, tera:Fire|58/272\n|turn|18\n|\n|t:|1782787049\n|move|p2a: Houndoom|Fire Blast|p1a: Skarmory\n|-damage|p1a: Skarmory|0 fnt\n|faint|p1a: Skarmory\n|\n|upkeep\n|\n|t:|1782787050\n|switch|p1a: Comfey|Comfey, L85, M|225/225\n|turn|19\n|\n|t:|1782787056\n|move|p1a: Comfey|Calm Mind|p1a: Comfey\n|-boost|p1a: Comfey|spa|1\n|-boost|p1a: Comfey|spd|1\n|move|p2a: Houndoom|Fire Blast|p1a: Comfey\n|-damage|p1a: Comfey|121/225\n|\n|-heal|p1a: Comfey|135/225|[from] item: Leftovers\n|upkeep\n|turn|20\n|\n|t:|1782787061\n|move|p1a: Comfey|Stored Power|p2a: Houndoom\n|-damage|p2a: Houndoom|0 fnt\n|faint|p2a: Houndoom\n|\n|-heal|p1a: Comfey|149/225|[from] item: Leftovers\n|upkeep\n|\n|t:|1782787064\n|switch|p2a: Regice|Regice, L88|284/284\n|turn|21\n|\n|t:|1782787067\n|move|p1a: Comfey|Calm Mind|p1a: Comfey\n|-boost|p1a: Comfey|spa|1\n|-boost|p1a: Comfey|spd|1\n|move|p2a: Regice|Thunder Wave|p1a: Comfey\n|-status|p1a: Comfey|par\n|\n|-heal|p1a: Comfey|163/225 par|[from] item: Leftovers\n|upkeep\n|turn|22\n|\n|t:|1782787071\n|move|p2a: Regice|Ice Beam|p1a: Comfey\n|-damage|p1a: Comfey|121/225 par\n|cant|p1a: Comfey|par\n|\n|-heal|p1a: Comfey|135/225 par|[from] item: Leftovers\n|upkeep\n|turn|23\n|\n|t:|1782787074\n|move|p2a: Regice|Ice Beam|p1a: Comfey\n|-damage|p1a: Comfey|90/225 par\n|move|p1a: Comfey|Calm Mind|p1a: Comfey\n|-boost|p1a: Comfey|spa|1\n|-boost|p1a: Comfey|spd|1\n|\n|-heal|p1a: Comfey|104/225 par|[from] item: Leftovers\n|upkeep\n|turn|24\n|\n|t:|1782787077\n|cant|p1a: Comfey|par\n|move|p2a: Regice|Ice Beam|p1a: Comfey\n|-damage|p1a: Comfey|68/225 par\n|\n|-heal|p1a: Comfey|82/225 par|[from] item: Leftovers\n|upkeep\n|turn|25\n|\n|t:|1782787079\n|move|p1a: Comfey|Draining Kiss|p2a: Regice\n|-damage|p2a: Regice|224/284\n|-heal|p1a: Comfey|127/225 par|[from] drain|[of] p2a: Regice\n|move|p2a: Regice|Ice Beam|p1a: Comfey\n|-damage|p1a: Comfey|90/225 par\n|\n|-heal|p1a: Comfey|104/225 par|[from] item: Leftovers\n|upkeep\n|turn|26\n|\n|t:|1782787082\n|move|p1a: Comfey|Draining Kiss|p2a: Regice\n|-damage|p2a: Regice|160/284\n|-heal|p1a: Comfey|152/225 par|[from] drain|[of] p2a: Regice\n|move|p2a: Regice|Ice Beam|p1a: Comfey\n|-damage|p1a: Comfey|116/225 par\n|\n|-heal|p1a: Comfey|130/225 par|[from] item: Leftovers\n|upkeep\n|turn|27\n|\n|t:|1782787091\n|cant|p1a: Comfey|par\n|move|p2a: Regice|Ice Beam|p1a: Comfey\n|-damage|p1a: Comfey|91/225 par\n|\n|-heal|p1a: Comfey|105/225 par|[from] item: Leftovers\n|upkeep\n|turn|28\n|\n|t:|1782787094\n|move|p1a: Comfey|Draining Kiss|p2a: Regice\n|-damage|p2a: Regice|96/284\n|-heal|p1a: Comfey|153/225 par|[from] drain|[of] p2a: Regice\n|move|p2a: Regice|Ice Beam|p1a: Comfey\n|-damage|p1a: Comfey|117/225 par\n|\n|-heal|p1a: Comfey|131/225 par|[from] item: Leftovers\n|upkeep\n|turn|29\n|\n|t:|1782787097\n|move|p1a: Comfey|Draining Kiss|p2a: Regice\n|-damage|p2a: Regice|39/284\n|-heal|p1a: Comfey|174/225 par|[from] drain|[of] p2a: Regice\n|move|p2a: Regice|Ice Beam|p1a: Comfey\n|-damage|p1a: Comfey|134/225 par\n|\n|-heal|p1a: Comfey|148/225 par|[from] item: Leftovers\n|upkeep\n|turn|30\n|\n|t:|1782787100\n|cant|p1a: Comfey|par\n|move|p2a: Regice|Ice Beam|p1a: Comfey\n|-damage|p1a: Comfey|108/225 par\n|\n|-heal|p1a: Comfey|122/225 par|[from] item: Leftovers\n|upkeep\n|turn|31\n|\n|t:|1782787102\n|move|p1a: Comfey|Draining Kiss|p2a: Regice\n|-damage|p2a: Regice|0 fnt\n|-heal|p1a: Comfey|151/225 par|[from] drain|[of] p2a: Regice\n|faint|p2a: Regice\n|\n|-heal|p1a: Comfey|165/225 par|[from] item: Leftovers\n|upkeep\n|-message|personanongrattata forfeited.\n|\n|win|williamsw21\n", "inputlog": ">version f8ac14003a5f27e1bdc8d8c59608a773c1cb96e5\n>start {\"formatid\":\"gen9randombattle\",\"seed\":\"sodium,15e75a6b74467b6575935ece28d62927\",\"rated\":\"Rated battle\"}\n>player p1 {\"name\":\"williamsw21\",\"avatar\":\"101\",\"rating\":2071,\"seed\":\"sodium,f87b9e41750fe0541c79d4a54360ff1a\"}\n>player p2 {\"name\":\"personanongrattata\",\"avatar\":\"youngster-gen4dp\",\"rating\":2263,\"seed\":\"sodium,4e9f448e7a19beb7c5c869fbb365b82f\"}\n>p1 move thunderwave\n>p2 move knockoff\n>p1 move stealthrock\n>p2 move heavyslam\n>p1 switch 2\n>p1 move irondefense\n>p2 switch 2\n>p1 switch 3\n>p2 move heatwave\n>p1 move bodyslam\n>p2 switch 6\n>p1 move earthquake\n>p2 move stealthrock\n>p1 move earthquake\n>p2 move dracometeor\n>p2 switch 5\n>p1 move bodyslam\n>p2 move sacredsword\n>p1 switch 6\n>p1 move rapidspin\n>p2 move sacredsword\n>p1 move stoneedge\n>p2 move sacredsword\n>p2 switch 3\n>p1 move rapidspin\n>p2 move darkpulse\n>p1 switch 4\n>p1 move closecombat\n>p2 move fireblast terastallize\n>p1 move knockoff\n>p2 switch 2\n>p1 move knockoff\n>p2 move heavyslam\n>p1 switch 3\n>p1 move irondefense\n>p2 move knockoff\n>p1 move irondefense\n>p2 switch 6\n>p1 move bodypress terastallize\n>p2 move heatwave\n>p2 switch 2\n>p1 move bodypress\n>p2 move fireblast\n>p1 switch 5\n>p1 move calmmind\n>p2 move fireblast\n>p1 move storedpower\n>p2 move fireblast\n>p2 switch 4\n>p1 move calmmind\n>p2 move thunderwave\n>p1 move calmmind\n>p2 move icebeam\n>p1 move calmmind\n>p2 move icebeam\n>p1 move drainingkiss\n>p2 move icebeam\n>p1 move drainingkiss\n>p2 move icebeam\n>p1 move drainingkiss\n>p2 move icebeam\n>p1 move drainingkiss\n>p2 move icebeam\n>p1 move drainingkiss\n>p2 move icebeam\n>p1 move drainingkiss\n>p2 move icebeam\n>p1 move drainingkiss\n>p2 move icebeam\n>p1 move drainingkiss\n>p2 move icebeam\n>forcelose p2", "uploadtime": 1782786806, "views": 3, "formatid": "gen9randombattle", "rating": null, "private": 0, "password": null, "player_dets": [{"name": "williamsw21", "avatar": "101", "rating": 2071, "seed": "sodium,f87b9e41750fe0541c79d4a54360ff1a"}, {"name": "personanongrattata", "avatar": "youngster-gen4dp", "rating": 2263, "seed": "sodium,4e9f448e7a19beb7c5c869fbb365b82f"}], "teams_full": [{"Blissey": {"name": "Blissey", "species": "Blissey", "speciesId": "blissey", "gender": "F", "shiny": false, "level": 85, "moves": ["seismictoss", "stealthrock", "thunderwave", "softboiled"], "ability": "Natural Cure", "evs": {"hp": 85, "atk": 0, "def": 85, "spa": 85, "spd": 85, "spe": 85}, "ivs": {"hp": 31, "atk": 0, "def": 31, "spa": 31, "spd": 31, "spe": 31}, "item": "Leftovers", "teraType": "Ghost", "role": "Bulky Support", "bvs": {"hp": 255, "atk": 10, "def": 10, "spa": 75, "spd": 135, "spe": 55}, "stats": {"hp": 572, "atk": 22, "def": 66, "spa": 176, "spd": 278, "spe": 142}, "types": ["Normal"]}, "Skarmory": {"name": "Skarmory", "species": "Skarmory", "speciesId": "skarmory", "gender": "F", "shiny": false, "level": 80, "moves": ["bravebird", "bodypress", "roost", "irondefense"], "ability": "Sturdy", "evs": {"hp": 85, "atk": 85, "def": 85, "spa": 85, "spd": 85, "spe": 85}, "ivs": {"hp": 31, "atk": 31, "def": 31, "spa": 31, "spd": 31, "spe": 31}, "item": "Leftovers", "teraType": "Fighting", "role": "Bulky Setup", "bvs": {"hp": 65, "atk": 80, "def": 140, "spa": 40, "spd": 70, "spe": 70}, "stats": {"hp": 235, "atk": 174, "def": 270, "spa": 110, "spd": 158, "spe": 158}, "types": ["Steel", "Flying"]}, "Snorlax": {"name": "Snorlax", "species": "Snorlax", "speciesId": "snorlax", "gender": "F", "shiny": false, "level": 82, "moves": ["bodyslam", "curse", "earthquake", "crunch"], "ability": "Thick Fat", "evs": {"hp": 85, "atk": 85, "def": 85, "spa": 85, "spd": 85, "spe": 85}, "ivs": {"hp": 31, "atk": 31, "def": 31, "spa": 31, "spd": 31, "spe": 31}, "item": "Leftovers", "teraType": "Ground", "role": "Bulky Setup", "bvs": {"hp": 160, "atk": 110, "def": 65, "spa": 65, "spd": 110, "spe": 30}, "stats": {"hp": 397, "atk": 228, "def": 154, "spa": 154, "spd": 228, "spe": 96}, "types": ["Normal"]}, "Hitmonlee": {"name": "Hitmonlee", "species": "Hitmonlee", "speciesId": "hitmonlee", "gender": "M", "shiny": false, "level": 85, "moves": ["closecombat", "poisonjab", "swordsdance", "knockoff"], "ability": "Unburden", "evs": {"hp": 85, "atk": 85, "def": 85, "spa": 85, "spd": 85, "spe": 85}, "ivs": {"hp": 31, "atk": 31, "def": 31, "spa": 31, "spd": 31, "spe": 31}, "item": "White Herb", "teraType": "Poison", "role": "Setup Sweeper", "bvs": {"hp": 50, "atk": 120, "def": 53, "spa": 35, "spd": 110, "spe": 87}, "stats": {"hp": 224, "atk": 253, "def": 139, "spa": 108, "spd": 236, "spe": 197}, "types": ["Fighting"]}, "Comfey": {"name": "Comfey", "species": "Comfey", "speciesId": "comfey", "gender": "M", "shiny": false, "level": 85, "moves": ["calmmind", "gigadrain", "storedpower", "drainingkiss"], "ability": "Triage", "evs": {"hp": 85, "atk": 0, "def": 85, "spa": 85, "spd": 85, "spe": 85}, "ivs": {"hp": 31, "atk": 0, "def": 31, "spa": 31, "spd": 31, "spe": 31}, "item": "Leftovers", "teraType": "Steel", "role": "Bulky Setup", "bvs": {"hp": 51, "atk": 52, "def": 90, "spa": 82, "spd": 110, "spe": 100}, "stats": {"hp": 225, "atk": 93, "def": 202, "spa": 188, "spd": 236, "spe": 219}, "types": ["Fairy"]}, "Avalugg": {"name": "Avalugg", "species": "Avalugg-Hisui", "speciesId": "avalugghisui", "gender": "F", "shiny": false, "level": 90, "moves": ["rapidspin", "recover", "stoneedge", "avalanche"], "ability": "Sturdy", "evs": {"hp": 85, "atk": 85, "def": 85, "spa": 85, "spd": 85, "spe": 85}, "ivs": {"hp": 31, "atk": 31, "def": 31, "spa": 31, "spd": 31, "spe": 31}, "item": "Heavy-Duty Boots", "teraType": "Poison", "role": "Bulky Attacker", "bvs": {"hp": 95, "atk": 127, "def": 184, "spa": 34, "spd": 36, "spe": 38}, "stats": {"hp": 317, "atk": 280, "def": 383, "spa": 113, "spd": 116, "spe": 120}, "types": ["Ice", "Rock"]}}, {"Metagross": {"name": "Metagross", "species": "Metagross", "speciesId": "metagross", "gender": "N", "shiny": false, "level": 79, "moves": ["agility", "heavyslam", "earthquake", "knockoff"], "ability": "Clear Body", "evs": {"hp": 85, "atk": 85, "def": 85, "spa": 85, "spd": 85, "spe": 85}, "ivs": {"hp": 31, "atk": 31, "def": 31, "spa": 31, "spd": 31, "spe": 31}, "item": "Weakness Policy", "teraType": "Ground", "role": "Bulky Setup", "bvs": {"hp": 80, "atk": 135, "def": 130, "spa": 95, "spd": 90, "spe": 70}, "stats": {"hp": 256, "atk": 259, "def": 251, "spa": 196, "spd": 188, "spe": 156}, "types": ["Steel", "Psychic"]}, "Honchkrow": {"name": "Honchkrow", "species": "Honchkrow", "speciesId": "honchkrow", "gender": "F", "shiny": false, "level": 86, "moves": ["heatwave", "suckerpunch", "lashout", "bravebird"], "ability": "Moxie", "evs": {"hp": 85, "atk": 85, "def": 85, "spa": 85, "spd": 85, "spe": 85}, "ivs": {"hp": 31, "atk": 31, "def": 31, "spa": 31, "spd": 31, "spe": 31}, "item": "Heavy-Duty Boots", "teraType": "Dark", "role": "Wallbreaker", "bvs": {"hp": 100, "atk": 125, "def": 52, "spa": 105, "spd": 52, "spe": 71}, "stats": {"hp": 312, "atk": 264, "def": 139, "spa": 230, "spd": 139, "spe": 171}, "types": ["Dark", "Flying"]}, "Houndoom": {"name": "Houndoom", "species": "Houndoom", "speciesId": "houndoom", "gender": "F", "shiny": false, "level": 87, "moves": ["nastyplot", "suckerpunch", "darkpulse", "fireblast"], "ability": "Flash Fire", "evs": {"hp": 85, "atk": 85, "def": 85, "spa": 85, "spd": 85, "spe": 85}, "ivs": {"hp": 31, "atk": 31, "def": 31, "spa": 31, "spd": 31, "spe": 31}, "item": "Heavy-Duty Boots", "teraType": "Fire", "role": "Fast Attacker", "bvs": {"hp": 75, "atk": 90, "def": 50, "spa": 110, "spd": 80, "spe": 95}, "stats": {"hp": 272, "atk": 206, "def": 137, "spa": 241, "spd": 189, "spe": 215}, "types": ["Dark", "Fire"]}, "Regice": {"name": "Regice", "species": "Regice", "speciesId": "regice", "gender": "N", "shiny": false, "level": 88, "moves": ["bodypress", "thunderwave", "thunderbolt", "icebeam"], "ability": "Clear Body", "evs": {"hp": 85, "atk": 0, "def": 85, "spa": 85, "spd": 85, "spe": 85}, "ivs": {"hp": 31, "atk": 0, "def": 31, "spa": 31, "spd": 31, "spe": 31}, "item": "Heavy-Duty Boots", "teraType": "Electric", "role": "Bulky Attacker", "bvs": {"hp": 80, "atk": 50, "def": 100, "spa": 100, "spd": 200, "spe": 50}, "stats": {"hp": 284, "atk": 93, "def": 226, "spa": 226, "spd": 402, "spe": 138}, "types": ["Ice"]}, "Gallade": {"name": "Gallade", "species": "Gallade", "speciesId": "gallade", "gender": "M", "shiny": false, "level": 80, "moves": ["nightslash", "psychocut", "sacredsword", "agility"], "ability": "Sharpness", "evs": {"hp": 85, "atk": 85, "def": 85, "spa": 85, "spd": 85, "spe": 85}, "ivs": {"hp": 31, "atk": 31, "def": 31, "spa": 31, "spd": 31, "spe": 31}, "item": "Life Orb", "teraType": "Fighting", "role": "Setup Sweeper", "bvs": {"hp": 68, "atk": 125, "def": 65, "spa": 65, "spd": 115, "spe": 80}, "stats": {"hp": 240, "atk": 246, "def": 150, "spa": 150, "spd": 230, "spe": 174}, "types": ["Psychic", "Fighting"]}, "Dialga": {"name": "Dialga", "species": "Dialga-Origin", "speciesId": "dialgaorigin", "gender": "N", "shiny": false, "level": 73, "moves": ["stealthrock", "thunderwave", "flashcannon", "dracometeor"], "ability": "Pressure", "evs": {"hp": 85, "atk": 0, "def": 85, "spa": 85, "spd": 85, "spe": 85}, "ivs": {"hp": 31, "atk": 0, "def": 31, "spa": 31, "spd": 31, "spe": 31}, "item": "Adamant Crystal", "teraType": "Flying", "role": "Fast Attacker", "bvs": {"hp": 100, "atk": 100, "def": 120, "spa": 150, "spd": 120, "spe": 90}, "stats": {"hp": 266, "atk": 151, "def": 218, "spa": 261, "spd": 218, "spe": 174}, "types": ["Steel", "Dragon"]}}]}