{"id": "gen9randombattle-2641396823", "format": "[Gen 9] Random Battle", "players": ["TheLocalweeb", "Jeroboam II"], "log": "|j|\u2606TheLocalweeb\n|j|\u2606Jeroboam II\n|t:|1782778556\n|gametype|singles\n|player|p1|TheLocalweeb|lance|1322\n|player|p2|Jeroboam II|169|1362\n|gen|9\n|tier|[Gen 9] Random Battle\n|rated|\n|rule|Species Clause: Limit one of each Pok\u00e9mon\n|rule|HP Percentage Mod: HP is shown in percentages\n|rule|Sleep Clause Mod: Limit one foe put to sleep\n|rule|Illusion Level Mod: Illusion disguises the Pok\u00e9mon's true level\n|\n|t:|1782778556\n|teamsize|p1|6\n|teamsize|p2|6\n|start\n|switch|p1a: Poliwrath|Poliwrath, L88, F|302/302\n|switch|p2a: Misdreavus|Misdreavus, L90, M|254/254\n|turn|1\n|inactive|Battle timer is ON: inactive players will automatically lose when time's up. (requested by Jeroboam II)\n|\n|t:|1782778563\n|move|p2a: Misdreavus|Will-O-Wisp|p1a: Poliwrath|[miss]\n|-miss|p2a: Misdreavus|p1a: Poliwrath\n|move|p1a: Poliwrath|Knock Off|p2a: Misdreavus\n|-supereffective|p2a: Misdreavus\n|-damage|p2a: Misdreavus|122/254\n|-enditem|p2a: Misdreavus|Eviolite|[from] move: Knock Off|[of] p1a: Poliwrath\n|\n|upkeep\n|turn|2\n|\n|t:|1782778575\n|switch|p1a: Espathra|Espathra, L80, M|283/283\n|move|p2a: Misdreavus|Will-O-Wisp|p1a: Espathra\n|-status|p1a: Espathra|brn\n|\n|-damage|p1a: Espathra|266/283 brn|[from] brn\n|upkeep\n|turn|3\n|\n|t:|1782778581\n|move|p1a: Espathra|Lumina Crash|p2a: Misdreavus\n|-damage|p2a: Misdreavus|14/254\n|-unboost|p2a: Misdreavus|spd|2\n|move|p2a: Misdreavus|Shadow Ball|p1a: Espathra\n|-supereffective|p1a: Espathra\n|-damage|p1a: Espathra|0 fnt\n|faint|p1a: Espathra\n|\n|upkeep\n|\n|t:|1782778592\n|switch|p1a: Scizor|Scizor, L79, M|240/240\n|turn|4\n|\n|t:|1782778597\n|move|p1a: Scizor|Bullet Punch|p2a: Misdreavus\n|-damage|p2a: Misdreavus|0 fnt\n|faint|p2a: Misdreavus\n|\n|upkeep\n|\n|t:|1782778603\n|switch|p2a: Rhydon|Rhydon, L85, F|317/317\n|turn|5\n|inactive|TheLocalweeb has 120 seconds left.\n|inactive|TheLocalweeb has 90 seconds left.\n|\n|t:|1782778671\n|move|p1a: Scizor|Bullet Punch|p2a: Rhydon\n|-supereffective|p2a: Rhydon\n|-damage|p2a: Rhydon|203/317\n|move|p2a: Rhydon|Swords Dance|p2a: Rhydon\n|-boost|p2a: Rhydon|atk|2\n|\n|upkeep\n|turn|6\n|\n|t:|1782778678\n|move|p1a: Scizor|Bullet Punch|p2a: Rhydon\n|-supereffective|p2a: Rhydon\n|-damage|p2a: Rhydon|83/317\n|move|p2a: Rhydon|Earthquake|p1a: Scizor\n|-damage|p1a: Scizor|0 fnt\n|faint|p1a: Scizor\n|\n|upkeep\n|\n|t:|1782778685\n|switch|p1a: Poliwrath|Poliwrath, L88, F|302/302\n|turn|7\n|\n|t:|1782778692\n|move|p1a: Poliwrath|Liquidation|p2a: Rhydon\n|-supereffective|p2a: Rhydon\n|-damage|p2a: Rhydon|0 fnt\n|faint|p2a: Rhydon\n|\n|upkeep\n|\n|t:|1782778703\n|switch|p2a: Latias|Latias, L79, F|256/256\n|turn|8\n|\n|t:|1782778712\n|move|p2a: Latias|Calm Mind|p2a: Latias\n|-boost|p2a: Latias|spa|1\n|-boost|p2a: Latias|spd|1\n|move|p1a: Poliwrath|Knock Off|p2a: Latias\n|-supereffective|p2a: Latias\n|-damage|p2a: Latias|112/256\n|-enditem|p2a: Latias|Soul Dew|[from] move: Knock Off|[of] p1a: Poliwrath\n|\n|upkeep\n|turn|9\n|\n|t:|1782778735\n|switch|p1a: Cacturne|Cacturne, L92, F|278/278\n|move|p2a: Latias|Psyshock|p1a: Cacturne\n|-immune|p1a: Cacturne\n|\n|upkeep\n|turn|10\n|\n|t:|1782778748\n|move|p1a: Cacturne|Sucker Punch|p2a: Latias\n|-supereffective|p2a: Latias\n|-crit|p2a: Latias\n|-damage|p2a: Latias|0 fnt\n|faint|p2a: Latias\n|-damage|p1a: Cacturne|251/278|[from] item: Life Orb\n|\n|upkeep\n|\n|t:|1782778756\n|switch|p2a: Wigglytuff|Wigglytuff, L96, F|424/424\n|turn|11\n|\n|t:|1782778764\n|move|p1a: Cacturne|Toxic Spikes|p2a: Wigglytuff\n|-sidestart|p2: Jeroboam II|move: Toxic Spikes\n|move|p2a: Wigglytuff|Alluring Voice|p1a: Cacturne\n|-supereffective|p1a: Cacturne\n|-damage|p1a: Cacturne|5/278\n|\n|upkeep\n|turn|12\n|\n|t:|1782778770\n|move|p1a: Cacturne|Toxic Spikes|p2a: Wigglytuff\n|-sidestart|p2: Jeroboam II|move: Toxic Spikes\n|move|p2a: Wigglytuff|Knock Off|p1a: Cacturne\n|-resisted|p1a: Cacturne\n|-damage|p1a: Cacturne|0 fnt\n|-enditem|p1a: Cacturne|Life Orb|[from] move: Knock Off|[of] p2a: Wigglytuff\n|faint|p1a: Cacturne\n|\n|upkeep\n|\n|t:|1782778773\n|switch|p1a: Magnezone|Magnezone, L85|258/258\n|turn|13\n|\n|t:|1782778777\n|-terastallize|p1a: Magnezone|Flying\n|move|p1a: Magnezone|Flash Cannon|p2a: Wigglytuff\n|-supereffective|p2a: Wigglytuff\n|-damage|p2a: Wigglytuff|134/424\n|move|p2a: Wigglytuff|Fire Blast|p1a: Magnezone\n|-damage|p1a: Magnezone|203/258\n|\n|-heal|p2a: Wigglytuff|160/424|[from] item: Leftovers\n|upkeep\n|turn|14\n|\n|t:|1782778785\n|move|p1a: Magnezone|Flash Cannon|p2a: Wigglytuff\n|-supereffective|p2a: Wigglytuff\n|-damage|p2a: Wigglytuff|0 fnt\n|faint|p2a: Wigglytuff\n|\n|upkeep\n|\n|t:|1782778789\n|switch|p2a: Morpeko|Morpeko, L88, F|245/245\n|turn|15\n|\n|t:|1782778798\n|move|p2a: Morpeko|Aura Wheel|p1a: Magnezone\n|-supereffective|p1a: Magnezone\n|-damage|p1a: Magnezone|0 fnt\n|-boost|p2a: Morpeko|spe|1\n|faint|p1a: Magnezone\n|\n|-formechange|p2a: Morpeko|Morpeko-Hangry||[from] ability: Hunger Switch\n|upkeep\n|\n|t:|1782778808\n|switch|p1a: Hitmonlee|Hitmonlee, L85, M|223/223\n|turn|16\n|\n|t:|1782778813\n|move|p2a: Morpeko|Protect|p2a: Morpeko\n|-singleturn|p2a: Morpeko|Protect\n|move|p1a: Hitmonlee|High Jump Kick|p2a: Morpeko\n|-activate|p2a: Morpeko|move: Protect\n|-damage|p1a: Hitmonlee|112/223|[from] highjumpkick\n|\n|-formechange|p2a: Morpeko|Morpeko||[from] ability: Hunger Switch\n|upkeep\n|turn|17\n|\n|t:|1782778824\n|move|p2a: Morpeko|Aura Wheel|p1a: Hitmonlee\n|-damage|p1a: Hitmonlee|0 fnt\n|-boost|p2a: Morpeko|spe|1\n|faint|p1a: Hitmonlee\n|\n|-formechange|p2a: Morpeko|Morpeko-Hangry||[from] ability: Hunger Switch\n|upkeep\n|\n|t:|1782778827\n|switch|p1a: Poliwrath|Poliwrath, L88, F|302/302\n|turn|18\n|\n|t:|1782778829\n|move|p2a: Morpeko|Protect|p2a: Morpeko\n|-singleturn|p2a: Morpeko|Protect\n|move|p1a: Poliwrath|Drain Punch|p2a: Morpeko\n|-activate|p2a: Morpeko|move: Protect\n|\n|-formechange|p2a: Morpeko|Morpeko||[from] ability: Hunger Switch\n|upkeep\n|turn|19\n|\n|t:|1782778832\n|move|p2a: Morpeko|Aura Wheel|p1a: Poliwrath\n|-supereffective|p1a: Poliwrath\n|-damage|p1a: Poliwrath|86/302\n|-boost|p2a: Morpeko|spe|1\n|move|p1a: Poliwrath|Drain Punch|p2a: Morpeko\n|-supereffective|p2a: Morpeko\n|-damage|p2a: Morpeko|35/245\n|-heal|p1a: Poliwrath|191/302|[from] drain|[of] p2a: Morpeko\n|\n|-heal|p1a: Poliwrath|209/302|[from] item: Leftovers\n|-formechange|p2a: Morpeko|Morpeko-Hangry||[from] ability: Hunger Switch\n|upkeep\n|turn|20\n|\n|t:|1782778837\n|move|p2a: Morpeko|Protect|p2a: Morpeko\n|-singleturn|p2a: Morpeko|Protect\n|move|p1a: Poliwrath|Bulk Up|p1a: Poliwrath\n|-boost|p1a: Poliwrath|atk|1\n|-boost|p1a: Poliwrath|def|1\n|\n|-heal|p1a: Poliwrath|227/302|[from] item: Leftovers\n|-formechange|p2a: Morpeko|Morpeko||[from] ability: Hunger Switch\n|upkeep\n|turn|21\n|\n|t:|1782778841\n|move|p2a: Morpeko|Aura Wheel|p1a: Poliwrath\n|-supereffective|p1a: Poliwrath\n|-damage|p1a: Poliwrath|81/302\n|-boost|p2a: Morpeko|spe|1\n|move|p1a: Poliwrath|Drain Punch|p2a: Morpeko\n|-supereffective|p2a: Morpeko\n|-damage|p2a: Morpeko|0 fnt\n|-heal|p1a: Poliwrath|99/302|[from] drain|[of] p2a: Morpeko\n|faint|p2a: Morpeko\n|\n|-heal|p1a: Poliwrath|117/302|[from] item: Leftovers\n|upkeep\n|\n|t:|1782778847\n|switch|p2a: Garchomp|Garchomp, L74, F|282/282\n|-status|p2a: Garchomp|tox\n|turn|22\n|\n|t:|1782778859\n|move|p2a: Garchomp|Scale Shot|p1a: Poliwrath\n|-damage|p1a: Poliwrath|99/302\n|-damage|p1a: Poliwrath|81/302\n|-damage|p1a: Poliwrath|63/302\n|-damage|p1a: Poliwrath|47/302\n|-hitcount|p1a: Poliwrath|4\n|-unboost|p2a: Garchomp|def|1\n|-boost|p2a: Garchomp|spe|1\n|move|p1a: Poliwrath|Drain Punch|p2a: Garchomp\n|-damage|p2a: Garchomp|90/282 tox\n|-heal|p1a: Poliwrath|143/302|[from] drain|[of] p2a: Garchomp\n|-damage|p1a: Poliwrath|106/302|[from] ability: Rough Skin|[of] p2a: Garchomp\n|\n|-heal|p1a: Poliwrath|124/302|[from] item: Leftovers\n|-damage|p2a: Garchomp|73/282 tox|[from] psn\n|upkeep\n|turn|23\n|\n|t:|1782778868\n|move|p2a: Garchomp|Scale Shot|p1a: Poliwrath|[miss]\n|-miss|p2a: Garchomp|p1a: Poliwrath\n|move|p1a: Poliwrath|Drain Punch|p2a: Garchomp\n|-damage|p2a: Garchomp|0 fnt\n|-heal|p1a: Poliwrath|161/302|[from] drain|[of] p2a: Garchomp\n|-damage|p1a: Poliwrath|124/302|[from] ability: Rough Skin|[of] p2a: Garchomp\n|faint|p2a: Garchomp\n|\n|win|TheLocalweeb\n|raw|TheLocalweeb's rating: 1322 &rarr; <strong>1344</strong><br />(+22 for winning)\n|raw|Jeroboam II's rating: 1362 &rarr; <strong>1340</strong><br />(-22 for losing)\n|l|\u2606Jeroboam II\n|player|p2|\n", "inputlog": ">version f8ac14003a5f27e1bdc8d8c59608a773c1cb96e5\n>start {\"formatid\":\"gen9randombattle\",\"seed\":\"sodium,2185deda32b25f3f698b06c1eee119ad\",\"rated\":\"Rated battle\"}\n>player p1 {\"name\":\"TheLocalweeb\",\"avatar\":\"lance\",\"rating\":1322,\"seed\":\"sodium,eaba15d1fb99346767de025a32271a38\"}\n>player p2 {\"name\":\"Jeroboam II\",\"avatar\":\"169\",\"rating\":1362,\"seed\":\"sodium,c02f30cb1f3864350a2e994c58fac590\"}\n>p1 move knockoff\n>p2 move willowisp\n>p1 switch 5\n>p2 move willowisp\n>p1 move luminacrash\n>p2 move shadowball\n>p1 switch 4\n>p1 move bulletpunch\n>p2 move willowisp\n>p2 switch 6\n>p1 move bulletpunch\n>p2 move swordsdance\n>p1 move bulletpunch\n>p2 move earthquake\n>p1 switch 5\n>p1 move liquidation\n>p2 move earthquake\n>p2 switch 3\n>p1 move knockoff\n>p2 move calmmind\n>p1 switch 2\n>p2 move psyshock\n>p1 move suckerpunch\n>p2 move dracometeor\n>p2 switch 2\n>p1 move toxicspikes\n>p2 move alluringvoice\n>p1 move toxicspikes\n>p2 move knockoff\n>p1 switch 6\n>p1 move flashcannon terastallize\n>p2 move fireblast\n>p1 move flashcannon\n>p2 move alluringvoice\n>p2 switch 5\n>p1 move bodypress\n>p2 move aurawheel\n>p1 switch 3\n>p1 move highjumpkick\n>p2 move protect\n>p1 move highjumpkick\n>p2 move aurawheel\n>p1 switch 2\n>p1 move drainpunch\n>p2 move protect\n>p1 move drainpunch\n>p2 move aurawheel\n>p1 move bulkup\n>p2 move protect\n>p1 move drainpunch\n>p2 move aurawheel\n>p2 switch 4\n>p1 move drainpunch\n>p2 move scaleshot\n>p1 move drainpunch\n>p2 move scaleshot", "uploadtime": 1782778870, "views": 4, "formatid": "gen9randombattle", "rating": 1340, "private": 0, "password": null, "player_dets": [{"name": "TheLocalweeb", "avatar": "lance", "rating": 1322, "seed": "sodium,eaba15d1fb99346767de025a32271a38"}, {"name": "Jeroboam II", "avatar": "169", "rating": 1362, "seed": "sodium,c02f30cb1f3864350a2e994c58fac590"}], "teams_full": [{"Poliwrath": {"name": "Poliwrath", "species": "Poliwrath", "speciesId": "poliwrath", "gender": "F", "shiny": false, "level": 88, "moves": ["knockoff", "drainpunch", "bulkup", "liquidation"], "ability": "Water Absorb", "evs": {"hp": 85, "atk": 85, "def": 85, "spa": 85, "spd": 85, "spe": 85}, "ivs": {"hp": 31, "atk": 31, "def": 31, "spa": 31, "spd": 31, "spe": 31}, "item": "Leftovers", "teraType": "Steel", "role": "Bulky Setup", "bvs": {"hp": 90, "atk": 95, "def": 95, "spa": 70, "spd": 90, "spe": 70}, "stats": {"hp": 302, "atk": 217, "def": 217, "spa": 173, "spd": 209, "spe": 173}, "types": ["Water", "Fighting"]}, "Cacturne": {"name": "Cacturne", "species": "Cacturne", "speciesId": "cacturne", "gender": "F", "shiny": false, "level": 92, "moves": ["knockoff", "leafstorm", "toxicspikes", "suckerpunch"], "ability": "Water Absorb", "evs": {"hp": 85, "atk": 85, "def": 85, "spa": 85, "spd": 85, "spe": 85}, "ivs": {"hp": 31, "atk": 31, "def": 31, "spa": 31, "spd": 31, "spe": 31}, "item": "Life Orb", "teraType": "Poison", "role": "Wallbreaker", "bvs": {"hp": 70, "atk": 115, "def": 60, "spa": 115, "spd": 60, "spe": 55}, "stats": {"hp": 278, "atk": 264, "def": 163, "spa": 264, "spd": 163, "spe": 154}, "types": ["Grass", "Dark"]}, "Hitmonlee": {"name": "Hitmonlee", "species": "Hitmonlee", "speciesId": "hitmonlee", "gender": "M", "shiny": false, "level": 85, "moves": ["stoneedge", "highjumpkick", "knockoff", "machpunch"], "ability": "Reckless", "evs": {"hp": 81, "atk": 85, "def": 85, "spa": 85, "spd": 85, "spe": 85}, "ivs": {"hp": 31, "atk": 31, "def": 31, "spa": 31, "spd": 31, "spe": 31}, "item": "Choice Band", "teraType": "Fighting", "role": "Fast Attacker", "bvs": {"hp": 50, "atk": 120, "def": 53, "spa": 35, "spd": 110, "spe": 87}, "stats": {"hp": 223, "atk": 253, "def": 139, "spa": 108, "spd": 236, "spe": 197}, "types": ["Fighting"]}, "Scizor": {"name": "Scizor", "species": "Scizor", "speciesId": "scizor", "gender": "M", "shiny": false, "level": 79, "moves": ["knockoff", "closecombat", "uturn", "bulletpunch"], "ability": "Technician", "evs": {"hp": 85, "atk": 85, "def": 85, "spa": 85, "spd": 85, "spe": 85}, "ivs": {"hp": 31, "atk": 31, "def": 31, "spa": 31, "spd": 31, "spe": 31}, "item": "Choice Band", "teraType": "Steel", "role": "Wallbreaker", "bvs": {"hp": 70, "atk": 130, "def": 100, "spa": 55, "spd": 80, "spe": 65}, "stats": {"hp": 240, "atk": 251, "def": 204, "spa": 132, "spd": 172, "spe": 148}, "types": ["Bug", "Steel"]}, "Espathra": {"name": "Espathra", "species": "Espathra", "speciesId": "espathra", "gender": "M", "shiny": false, "level": 80, "moves": ["dazzlinggleam", "uturn", "luminacrash", "shadowball"], "ability": "Speed Boost", "evs": {"hp": 85, "atk": 85, "def": 85, "spa": 85, "spd": 85, "spe": 85}, "ivs": {"hp": 31, "atk": 31, "def": 31, "spa": 31, "spd": 31, "spe": 31}, "item": "Choice Specs", "teraType": "Fairy", "role": "Wallbreaker", "bvs": {"hp": 95, "atk": 60, "def": 60, "spa": 101, "spd": 60, "spe": 105}, "stats": {"hp": 283, "atk": 142, "def": 142, "spa": 208, "spd": 142, "spe": 214}, "types": ["Psychic"]}, "Magnezone": {"name": "Magnezone", "species": "Magnezone", "speciesId": "magnezone", "gender": "N", "shiny": false, "level": 85, "moves": ["bodypress", "flashcannon", "voltswitch", "discharge"], "ability": "Magnet Pull", "evs": {"hp": 85, "atk": 0, "def": 85, "spa": 85, "spd": 85, "spe": 85}, "ivs": {"hp": 31, "atk": 0, "def": 31, "spa": 31, "spd": 31, "spe": 31}, "item": "Assault Vest", "teraType": "Flying", "role": "AV Pivot", "bvs": {"hp": 70, "atk": 70, "def": 115, "spa": 130, "spd": 90, "spe": 60}, "stats": {"hp": 258, "atk": 124, "def": 244, "spa": 270, "spd": 202, "spe": 151}, "types": ["Electric", "Steel"]}}, {"Misdreavus": {"name": "Misdreavus", "species": "Misdreavus", "speciesId": "misdreavus", "gender": "M", "shiny": false, "level": 90, "moves": ["willowisp", "shadowball", "calmmind", "drainingkiss"], "ability": "Levitate", "evs": {"hp": 85, "atk": 0, "def": 85, "spa": 85, "spd": 85, "spe": 85}, "ivs": {"hp": 31, "atk": 0, "def": 31, "spa": 31, "spd": 31, "spe": 31}, "item": "Eviolite", "teraType": "Fairy", "role": "Bulky Setup", "bvs": {"hp": 60, "atk": 60, "def": 60, "spa": 85, "spd": 85, "spe": 85}, "stats": {"hp": 254, "atk": 113, "def": 159, "spa": 204, "spd": 204, "spe": 204}, "types": ["Ghost"]}, "Wigglytuff": {"name": "Wigglytuff", "species": "Wigglytuff", "speciesId": "wigglytuff", "gender": "F", "shiny": false, "level": 96, "moves": ["fireblast", "thunderwave", "alluringvoice", "knockoff"], "ability": "Competitive", "evs": {"hp": 85, "atk": 85, "def": 85, "spa": 85, "spd": 85, "spe": 85}, "ivs": {"hp": 31, "atk": 31, "def": 31, "spa": 31, "spd": 31, "spe": 31}, "item": "Leftovers", "teraType": "Poison", "role": "Bulky Support", "bvs": {"hp": 140, "atk": 70, "def": 45, "spa": 85, "spd": 50, "spe": 45}, "stats": {"hp": 424, "atk": 189, "def": 141, "spa": 218, "spd": 150, "spe": 141}, "types": ["Normal", "Fairy"]}, "Latias": {"name": "Latias", "species": "Latias", "speciesId": "latias", "gender": "F", "shiny": false, "level": 79, "moves": ["recover", "calmmind", "dracometeor", "psyshock"], "ability": "Levitate", "evs": {"hp": 85, "atk": 0, "def": 85, "spa": 85, "spd": 85, "spe": 85}, "ivs": {"hp": 31, "atk": 0, "def": 31, "spa": 31, "spd": 31, "spe": 31}, "item": "Soul Dew", "teraType": "Steel", "role": "Fast Bulky Setup", "bvs": {"hp": 80, "atk": 80, "def": 90, "spa": 110, "spd": 130, "spe": 110}, "stats": {"hp": 256, "atk": 131, "def": 188, "spa": 219, "spd": 251, "spe": 219}, "types": ["Dragon", "Psychic"]}, "Garchomp": {"name": "Garchomp", "species": "Garchomp", "speciesId": "garchomp", "gender": "F", "shiny": false, "level": 74, "moves": ["firefang", "earthquake", "swordsdance", "scaleshot"], "ability": "Rough Skin", "evs": {"hp": 85, "atk": 85, "def": 85, "spa": 85, "spd": 85, "spe": 85}, "ivs": {"hp": 31, "atk": 31, "def": 31, "spa": 31, "spd": 31, "spe": 31}, "item": "Loaded Dice", "teraType": "Fire", "role": "Setup Sweeper", "bvs": {"hp": 108, "atk": 130, "def": 95, "spa": 80, "spd": 85, "spe": 102}, "stats": {"hp": 282, "atk": 235, "def": 184, "spa": 161, "spd": 169, "spe": 194}, "types": ["Dragon", "Ground"]}, "Morpeko": {"name": "Morpeko", "species": "Morpeko", "speciesId": "morpeko", "gender": "F", "shiny": false, "level": 88, "moves": ["aurawheel", "protect", "rapidspin", "partingshot"], "ability": "Hunger Switch", "evs": {"hp": 85, "atk": 85, "def": 85, "spa": 85, "spd": 85, "spe": 85}, "ivs": {"hp": 31, "atk": 31, "def": 31, "spa": 31, "spd": 31, "spe": 31}, "item": "Heavy-Duty Boots", "teraType": "Electric", "role": "Fast Support", "bvs": {"hp": 58, "atk": 95, "def": 58, "spa": 70, "spd": 58, "spe": 97}, "stats": {"hp": 245, "atk": 217, "def": 152, "spa": 173, "spd": 152, "spe": 221}, "types": ["Electric", "Dark"]}, "Rhydon": {"name": "Rhydon", "species": "Rhydon", "speciesId": "rhydon", "gender": "F", "shiny": false, "level": 85, "moves": ["megahorn", "earthquake", "swordsdance", "stoneedge"], "ability": "Lightning Rod", "evs": {"hp": 85, "atk": 85, "def": 85, "spa": 85, "spd": 85, "spe": 85}, "ivs": {"hp": 31, "atk": 31, "def": 31, "spa": 31, "spd": 31, "spe": 31}, "item": "Eviolite", "teraType": "Grass", "role": "Bulky Attacker", "bvs": {"hp": 105, "atk": 130, "def": 120, "spa": 45, "spd": 45, "spe": 40}, "stats": {"hp": 317, "atk": 270, "def": 253, "spa": 125, "spd": 125, "spe": 117}, "types": ["Ground", "Rock"]}}]}