{"id": "gen9randombattle-2641237599", "format": "[Gen 9] Random Battle", "players": ["kanonkugle", "bub5g"], "log": "|j|\u2606kanonkugle\n|j|\u2606bub5g\n|t:|1782757489\n|gametype|singles\n|player|p1|kanonkugle|unknown|\n|player|p2|bub5g|169|\n|gen|9\n|tier|[Gen 9] Random Battle\n|rule|Species Clause: Limit one of each Pok\u00e9mon\n|rule|HP Percentage Mod: HP is shown in percentages\n|rule|Sleep Clause Mod: Limit one foe put to sleep\n|rule|Illusion Level Mod: Illusion disguises the Pok\u00e9mon's true level\n|\n|t:|1782757489\n|teamsize|p1|6\n|teamsize|p2|6\n|start\n|switch|p1a: Squawkabilly|Squawkabilly-Yellow, L89, F|291/291\n|switch|p2a: Quaquaval|Quaquaval, L79, F|264/264\n|turn|1\n|c|\u2606kanonkugle|wallahi\n|inactive|Battle timer is ON: inactive players will automatically lose when time's up. (requested by bub5g)\n|\n|t:|1782757530\n|move|p1a: Squawkabilly|Brave Bird|p2a: Quaquaval|[miss]\n|-miss|p1a: Squawkabilly|p2a: Quaquaval\n|move|p2a: Quaquaval|Aqua Step|p1a: Squawkabilly\n|-damage|p1a: Squawkabilly|120/291\n|-boost|p2a: Quaquaval|spe|1\n|\n|upkeep\n|turn|2\n|c|\u2606kanonkugle|DJUISJDOS|\n|c|\u2606kanonkugle|uhsd\n|c|\u2606kanonkugle|ej\n|c|\u2606bub5g|Wow\n|c|\u2606bub5g|I was worrirdd\n|c|\u2606kanonkugle|i love hustle\n|\n|t:|1782757547\n|move|p2a: Quaquaval|Aqua Step|p1a: Squawkabilly\n|-damage|p1a: Squawkabilly|0 fnt\n|-boost|p2a: Quaquaval|spe|1\n|faint|p1a: Squawkabilly\n|-ability|p2a: Quaquaval|Moxie|boost\n|-boost|p2a: Quaquaval|atk|1\n|\n|upkeep\n|\n|t:|1782757555\n|switch|p1a: Comfey|Comfey, L85, M|225/225\n|turn|3\n|\n|t:|1782757559\n|move|p2a: Quaquaval|Aqua Step|p1a: Comfey\n|-damage|p1a: Comfey|23/225\n|-boost|p2a: Quaquaval|spe|1\n|move|p1a: Comfey|Calm Mind|p1a: Comfey\n|-boost|p1a: Comfey|spa|1\n|-boost|p1a: Comfey|spd|1\n|\n|-heal|p1a: Comfey|37/225|[from] item: Leftovers\n|upkeep\n|turn|4\n|c|\u2606kanonkugle|OW\n|c|\u2606bub5g|Wait spam?\n|c|\u2606kanonkugle|maybe dont do that\n|\n|t:|1782757576\n|move|p1a: Comfey|Giga Drain|p2a: Quaquaval\n|-supereffective|p2a: Quaquaval\n|-damage|p2a: Quaquaval|92/264\n|-heal|p1a: Comfey|123/225|[from] drain|[of] p2a: Quaquaval\n|move|p2a: Quaquaval|Aqua Step|p1a: Comfey\n|-damage|p1a: Comfey|0 fnt\n|-boost|p2a: Quaquaval|spe|1\n|faint|p1a: Comfey\n|-ability|p2a: Quaquaval|Moxie|boost\n|-boost|p2a: Quaquaval|atk|1\n|\n|upkeep\n|c|\u2606bub5g|I have choice band i literally cant\n|\n|t:|1782757592\n|switch|p1a: Kilowattrel|Kilowattrel, L83, F|252/252\n|turn|5\n|c|\u2606bub5g|Well im cooked\n|\n|t:|1782757601\n|move|p2a: Quaquaval|Aqua Step|p1a: Kilowattrel\n|-damage|p1a: Kilowattrel|0 fnt\n|-boost|p2a: Quaquaval|spe|1\n|faint|p1a: Kilowattrel\n|-ability|p2a: Quaquaval|Moxie|boost\n|-boost|p2a: Quaquaval|atk|1\n|\n|upkeep\n|c|\u2606kanonkugle|SIR\n|c|\u2606bub5g|Maybe not\n|c|\u2606kanonkugle|FYM\n|c|\u2606kanonkugle|FYM\n|\n|t:|1782757610\n|switch|p1a: Dudunsparce|Dudunsparce, L83, F|343/343\n|turn|6\n|\n|t:|1782757617\n|move|p2a: Quaquaval|Aqua Step|p1a: Dudunsparce\n|-damage|p1a: Dudunsparce|4/343\n|-boost|p2a: Quaquaval|spe|1\n|move|p1a: Dudunsparce|Headbutt|p2a: Quaquaval\n|-crit|p2a: Quaquaval\n|-damage|p2a: Quaquaval|0 fnt\n|faint|p2a: Quaquaval\n|\n|-heal|p1a: Dudunsparce|25/343|[from] item: Leftovers\n|upkeep\n|c|\u2606bub5g|Noooo\n|c|\u2606bub5g|My quaquaval\n|c|\u2606kanonkugle|that fucking\n|\n|t:|1782757630\n|switch|p2a: Charizard|Charizard, L85, F|271/271\n|turn|7\n|c|\u2606kanonkugle|that fucking quav\n|c|\u2606kanonkugle|oh my days\n|c|\u2606kanonkugle|ITS JUST TURN 7\n|\n|t:|1782757654\n|move|p2a: Charizard|Swords Dance|p2a: Charizard\n|-boost|p2a: Charizard|atk|2\n|move|p1a: Dudunsparce|Glare|p2a: Charizard\n|-status|p2a: Charizard|par\n|\n|-heal|p1a: Dudunsparce|46/343|[from] item: Leftovers\n|upkeep\n|turn|8\n|c|\u2606bub5g|Ow\n|\n|t:|1782757664\n|move|p1a: Dudunsparce|Roost|p1a: Dudunsparce\n|-heal|p1a: Dudunsparce|218/343\n|-singleturn|p1a: Dudunsparce|move: Roost\n|move|p2a: Charizard|Earthquake|p1a: Dudunsparce\n|-damage|p1a: Dudunsparce|81/343\n|\n|-heal|p1a: Dudunsparce|102/343|[from] item: Leftovers\n|upkeep\n|turn|9\n|\n|t:|1782757682\n|move|p1a: Dudunsparce|Roost|p1a: Dudunsparce\n|-heal|p1a: Dudunsparce|274/343\n|-singleturn|p1a: Dudunsparce|move: Roost\n|move|p2a: Charizard|Swords Dance|p2a: Charizard\n|-boost|p2a: Charizard|atk|2\n|\n|-heal|p1a: Dudunsparce|295/343|[from] item: Leftovers\n|upkeep\n|turn|10\n|\n|t:|1782757689\n|move|p1a: Dudunsparce|Headbutt|p2a: Charizard\n|-damage|p2a: Charizard|190/271 par\n|move|p2a: Charizard|Swords Dance|p2a: Charizard\n|-boost|p2a: Charizard|atk|2\n|\n|-heal|p1a: Dudunsparce|316/343|[from] item: Leftovers\n|upkeep\n|turn|11\n|\n|t:|1782757698\n|move|p1a: Dudunsparce|Headbutt|p2a: Charizard\n|-damage|p2a: Charizard|114/271 par\n|move|p2a: Charizard|Earthquake|p1a: Dudunsparce\n|-damage|p1a: Dudunsparce|17/343\n|\n|-heal|p1a: Dudunsparce|38/343|[from] item: Leftovers\n|upkeep\n|turn|12\n|\n|t:|1782757704\n|move|p1a: Dudunsparce|Headbutt|p2a: Charizard\n|-damage|p2a: Charizard|35/271 par\n|cant|p2a: Charizard|flinch\n|\n|-heal|p1a: Dudunsparce|59/343|[from] item: Leftovers\n|upkeep\n|turn|13\n|\n|t:|1782757708\n|move|p1a: Dudunsparce|Headbutt|p2a: Charizard\n|-damage|p2a: Charizard|0 fnt\n|faint|p2a: Charizard\n|\n|-heal|p1a: Dudunsparce|80/343|[from] item: Leftovers\n|upkeep\n|\n|t:|1782757711\n|switch|p2a: Slither Wing|Slither Wing, L81|270/270\n|-enditem|p2a: Slither Wing|Booster Energy\n|-activate|p2a: Slither Wing|ability: Protosynthesis|[fromitem]\n|-start|p2a: Slither Wing|protosynthesisatk\n|turn|14\n|\n|t:|1782757719\n|move|p2a: Slither Wing|Bulk Up|p2a: Slither Wing\n|-boost|p2a: Slither Wing|atk|1\n|-boost|p2a: Slither Wing|def|1\n|move|p1a: Dudunsparce|Roost|p1a: Dudunsparce\n|-heal|p1a: Dudunsparce|252/343\n|-singleturn|p1a: Dudunsparce|move: Roost\n|\n|-heal|p1a: Dudunsparce|273/343|[from] item: Leftovers\n|upkeep\n|turn|15\n|\n|t:|1782757723\n|move|p2a: Slither Wing|Close Combat|p1a: Dudunsparce\n|-supereffective|p1a: Dudunsparce\n|-damage|p1a: Dudunsparce|0 fnt\n|-unboost|p2a: Slither Wing|def|1\n|-unboost|p2a: Slither Wing|spd|1\n|faint|p1a: Dudunsparce\n|\n|upkeep\n|\n|t:|1782757738\n|switch|p1a: Whiscash|Whiscash, L88, F|337/337\n|turn|16\n|\n|t:|1782757749\n|move|p2a: Slither Wing|Bulk Up|p2a: Slither Wing\n|-boost|p2a: Slither Wing|atk|1\n|-boost|p2a: Slither Wing|def|1\n|move|p1a: Whiscash|Dragon Dance|p1a: Whiscash\n|-boost|p1a: Whiscash|atk|1\n|-boost|p1a: Whiscash|spe|1\n|\n|upkeep\n|turn|17\n|\n|t:|1782757756\n|move|p1a: Whiscash|Stone Edge|p2a: Slither Wing|[miss]\n|-miss|p1a: Whiscash|p2a: Slither Wing\n|move|p2a: Slither Wing|Close Combat|p1a: Whiscash\n|-damage|p1a: Whiscash|0 fnt\n|-unboost|p2a: Slither Wing|def|1\n|-unboost|p2a: Slither Wing|spd|1\n|faint|p1a: Whiscash\n|\n|upkeep\n|c|\u2606kanonkugle|bro\n|c|\u2606bub5g|Ooh thats unlucky\n|c|\u2606kanonkugle|dlssfd\n|\n|t:|1782757769\n|switch|p1a: Iron Boulder|Iron Boulder, L77|265/265\n|-enditem|p1a: Iron Boulder|Booster Energy\n|-activate|p1a: Iron Boulder|ability: Quark Drive|[fromitem]\n|-start|p1a: Iron Boulder|quarkdrivespe\n|turn|18\n|\n|t:|1782757780\n|move|p1a: Iron Boulder|Mighty Cleave|p2a: Slither Wing\n|-damage|p2a: Slither Wing|159/270\n|move|p2a: Slither Wing|Leech Life|p1a: Iron Boulder\n|-supereffective|p1a: Iron Boulder\n|-damage|p1a: Iron Boulder|0 fnt\n|-heal|p2a: Slither Wing|270/270|[from] drain|[of] p1a: Iron Boulder\n|faint|p1a: Iron Boulder\n|-end|p1a: Iron Boulder|Quark Drive|[silent]\n|\n|win|bub5g\n", "inputlog": ">version f8ac14003a5f27e1bdc8d8c59608a773c1cb96e5\n>start {\"formatid\":\"gen9randombattle\",\"seed\":\"sodium,af7202cdc7dfe02a53365b161e1a2da7\"}\n>player p1 {\"name\":\"kanonkugle\",\"avatar\":\"unknown\",\"rating\":0,\"seed\":\"sodium,8a150d3d6a1d4ecbb3af047457c47a12\"}\n>player p2 {\"name\":\"bub5g\",\"avatar\":\"169\",\"rating\":0,\"seed\":\"sodium,f89ef54953bb89c600e21768383c09ba\"}\n>chat \u2606kanonkugle|wallahi\n>p1 move bravebird\n>p2 move aquastep\n>chat \u2606kanonkugle|DJUISJDOS|\n>chat \u2606kanonkugle|uhsd\n>chat \u2606kanonkugle|ej\n>chat \u2606bub5g|Wow\n>chat \u2606bub5g|I was worrirdd\n>chat \u2606kanonkugle|i love hustle\n>p1 move bravebird\n>p2 move aquastep\n>p1 switch 2\n>p1 move calmmind\n>p2 move aquastep\n>chat \u2606kanonkugle|OW\n>chat \u2606bub5g|Wait spam?\n>chat \u2606kanonkugle|maybe dont do that\n>p1 move gigadrain\n>p2 move aquastep\n>chat \u2606bub5g|I have choice band i literally cant\n>p1 switch 5\n>chat \u2606bub5g|Well im cooked\n>p1 move thunderbolt\n>p2 move aquastep\n>chat \u2606kanonkugle|SIR\n>chat \u2606bub5g|Maybe not\n>chat \u2606kanonkugle|FYM\n>chat \u2606kanonkugle|FYM\n>p1 switch 6\n>p1 move headbutt\n>p2 move aquastep\n>chat \u2606bub5g|Noooo\n>chat \u2606bub5g|My quaquaval\n>chat \u2606kanonkugle|that fucking\n>p2 switch 2\n>chat \u2606kanonkugle|that fucking quav\n>chat \u2606kanonkugle|oh my days\n>chat \u2606kanonkugle|ITS JUST TURN 7\n>p1 move glare\n>p2 move swordsdance\n>chat \u2606bub5g|Ow\n>p1 move roost\n>p2 move earthquake\n>p1 move roost\n>p2 move swordsdance\n>p1 move headbutt\n>p2 move swordsdance\n>p1 move headbutt\n>p2 move earthquake\n>p1 move headbutt\n>p2 move earthquake\n>p1 move headbutt\n>p2 move earthquake\n>p2 switch 5\n>p1 move roost\n>p2 move bulkup\n>p1 move glare\n>p2 move closecombat\n>p1 switch 4\n>p1 move dragondance\n>p2 move bulkup\n>p1 move stoneedge\n>p2 move closecombat\n>chat \u2606kanonkugle|bro\n>chat \u2606bub5g|Ooh thats unlucky\n>chat \u2606kanonkugle|dlssfd\n>p1 switch 3\n>p1 move mightycleave\n>p2 move leechlife", "uploadtime": 1782757783, "views": 6, "formatid": "gen9randombattle", "rating": null, "private": 0, "password": null, "player_dets": [{"name": "kanonkugle", "avatar": "unknown", "rating": 0, "seed": "sodium,8a150d3d6a1d4ecbb3af047457c47a12"}, {"name": "bub5g", "avatar": "169", "rating": 0, "seed": "sodium,f89ef54953bb89c600e21768383c09ba"}], "teams_full": [{"Squawkabilly": {"name": "Squawkabilly", "species": "Squawkabilly-Yellow", "speciesId": "squawkabillyyellow", "gender": "F", "shiny": false, "level": 89, "moves": ["partingshot", "foulplay", "quickattack", "bravebird"], "ability": "Hustle", "evs": {"hp": 85, "atk": 85, "def": 85, "spa": 85, "spd": 85, "spe": 85}, "ivs": {"hp": 31, "atk": 31, "def": 31, "spa": 31, "spd": 31, "spe": 31}, "item": "Heavy-Duty Boots", "teraType": "Flying", "role": "Wallbreaker", "bvs": {"hp": 82, "atk": 96, "def": 51, "spa": 45, "spd": 51, "spe": 92}, "stats": {"hp": 291, "atk": 222, "def": 142, "spa": 131, "spd": 142, "spe": 215}, "types": ["Normal", "Flying"]}, "Comfey": {"name": "Comfey", "species": "Comfey", "speciesId": "comfey", "gender": "M", "shiny": false, "level": 85, "moves": ["calmmind", "drainingkiss", "gigadrain", "storedpower"], "ability": "Triage", "evs": {"hp": 85, "atk": 0, "def": 85, "spa": 85, "spd": 85, "spe": 85}, "ivs": {"hp": 31, "atk": 0, "def": 31, "spa": 31, "spd": 31, "spe": 31}, "item": "Leftovers", "teraType": "Poison", "role": "Bulky Setup", "bvs": {"hp": 51, "atk": 52, "def": 90, "spa": 82, "spd": 110, "spe": 100}, "stats": {"hp": 225, "atk": 93, "def": 202, "spa": 188, "spd": 236, "spe": 219}, "types": ["Fairy"]}, "Iron Boulder": {"name": "Iron Boulder", "species": "Iron Boulder", "speciesId": "ironboulder", "gender": "N", "shiny": false, "level": 77, "moves": ["swordsdance", "mightycleave", "closecombat", "zenheadbutt"], "ability": "Quark Drive", "evs": {"hp": 85, "atk": 85, "def": 85, "spa": 85, "spd": 85, "spe": 85}, "ivs": {"hp": 31, "atk": 31, "def": 31, "spa": 31, "spd": 31, "spe": 31}, "item": "Booster Energy", "teraType": "Fighting", "role": "Fast Bulky Setup", "bvs": {"hp": 90, "atk": 120, "def": 80, "spa": 68, "spd": 108, "spe": 124}, "stats": {"hp": 265, "atk": 229, "def": 168, "spa": 149, "spd": 211, "spe": 236}, "types": ["Rock", "Psychic"]}, "Whiscash": {"name": "Whiscash", "species": "Whiscash", "speciesId": "whiscash", "gender": "F", "shiny": false, "level": 88, "moves": ["stoneedge", "dragondance", "liquidation", "earthquake"], "ability": "Oblivious", "evs": {"hp": 85, "atk": 85, "def": 85, "spa": 85, "spd": 85, "spe": 85}, "ivs": {"hp": 31, "atk": 31, "def": 31, "spa": 31, "spd": 31, "spe": 31}, "item": "Life Orb", "teraType": "Steel", "role": "Setup Sweeper", "bvs": {"hp": 110, "atk": 78, "def": 73, "spa": 76, "spd": 71, "spe": 60}, "stats": {"hp": 337, "atk": 188, "def": 179, "spa": 184, "spd": 175, "spe": 156}, "types": ["Water", "Ground"]}, "Kilowattrel": {"name": "Kilowattrel", "species": "Kilowattrel", "speciesId": "kilowattrel", "gender": "F", "shiny": false, "level": 83, "moves": ["roost", "uturn", "hurricane", "thunderbolt"], "ability": "Volt Absorb", "evs": {"hp": 85, "atk": 85, "def": 85, "spa": 85, "spd": 85, "spe": 85}, "ivs": {"hp": 31, "atk": 31, "def": 31, "spa": 31, "spd": 31, "spe": 31}, "item": "Heavy-Duty Boots", "teraType": "Water", "role": "Bulky Attacker", "bvs": {"hp": 70, "atk": 70, "def": 60, "spa": 105, "spd": 60, "spe": 125}, "stats": {"hp": 252, "atk": 164, "def": 147, "spa": 222, "spd": 147, "spe": 255}, "types": ["Electric", "Flying"]}, "Dudunsparce": {"name": "Dudunsparce", "species": "Dudunsparce", "speciesId": "dudunsparce", "gender": "F", "shiny": false, "level": 83, "moves": ["roost", "glare", "earthquake", "headbutt"], "ability": "Serene Grace", "evs": {"hp": 85, "atk": 85, "def": 85, "spa": 85, "spd": 85, "spe": 85}, "ivs": {"hp": 31, "atk": 31, "def": 31, "spa": 31, "spd": 31, "spe": 31}, "item": "Leftovers", "teraType": "Ground", "role": "Bulky Support", "bvs": {"hp": 125, "atk": 100, "def": 80, "spa": 85, "spd": 75, "spe": 55}, "stats": {"hp": 343, "atk": 214, "def": 180, "spa": 189, "spd": 172, "spe": 139}, "types": ["Normal"]}}, {"Quaquaval": {"name": "Quaquaval", "species": "Quaquaval", "speciesId": "quaquaval", "gender": "F", "shiny": false, "level": 79, "moves": ["knockoff", "uturn", "closecombat", "aquastep"], "ability": "Moxie", "evs": {"hp": 85, "atk": 85, "def": 85, "spa": 85, "spd": 85, "spe": 85}, "ivs": {"hp": 31, "atk": 31, "def": 31, "spa": 31, "spd": 31, "spe": 31}, "item": "Choice Band", "teraType": "Water", "role": "Wallbreaker", "bvs": {"hp": 85, "atk": 120, "def": 80, "spa": 85, "spd": 75, "spe": 85}, "stats": {"hp": 264, "atk": 235, "def": 172, "spa": 180, "spd": 164, "spe": 180}, "types": ["Water", "Fighting"]}, "Charizard": {"name": "Charizard", "species": "Charizard", "speciesId": "charizard", "gender": "F", "shiny": false, "level": 85, "moves": ["flareblitz", "outrage", "earthquake", "swordsdance"], "ability": "Blaze", "evs": {"hp": 85, "atk": 85, "def": 85, "spa": 85, "spd": 85, "spe": 85}, "ivs": {"hp": 31, "atk": 31, "def": 31, "spa": 31, "spd": 31, "spe": 31}, "item": "Heavy-Duty Boots", "teraType": "Ground", "role": "Setup Sweeper", "bvs": {"hp": 78, "atk": 84, "def": 78, "spa": 109, "spd": 85, "spe": 100}, "stats": {"hp": 271, "atk": 192, "def": 181, "spa": 234, "spd": 193, "spe": 219}, "types": ["Fire", "Flying"]}, "Raging Bolt": {"name": "Raging Bolt", "species": "Raging Bolt", "speciesId": "ragingbolt", "gender": "N", "shiny": false, "level": 78, "moves": ["thunderclap", "voltswitch", "discharge", "dracometeor"], "ability": "Protosynthesis", "evs": {"hp": 85, "atk": 0, "def": 85, "spa": 85, "spd": 85, "spe": 85}, "ivs": {"hp": 31, "atk": 0, "def": 31, "spa": 31, "spd": 31, "spe": 31}, "item": "Assault Vest", "teraType": "Electric", "role": "AV Pivot", "bvs": {"hp": 125, "atk": 73, "def": 91, "spa": 137, "spd": 89, "spe": 75}, "stats": {"hp": 323, "atk": 118, "def": 187, "spa": 259, "spd": 184, "spe": 162}, "types": ["Electric", "Dragon"]}, "Noctowl": {"name": "Noctowl", "species": "Noctowl", "speciesId": "noctowl", "gender": "F", "shiny": false, "level": 95, "moves": ["nastyplot", "roost", "hurricane", "hypervoice"], "ability": "Tinted Lens", "evs": {"hp": 85, "atk": 0, "def": 85, "spa": 85, "spd": 85, "spe": 85}, "ivs": {"hp": 31, "atk": 0, "def": 31, "spa": 31, "spd": 31, "spe": 31}, "item": "Heavy-Duty Boots", "teraType": "Steel", "role": "Bulky Attacker", "bvs": {"hp": 100, "atk": 50, "def": 50, "spa": 86, "spd": 96, "spe": 70}, "stats": {"hp": 344, "atk": 100, "def": 149, "spa": 217, "spd": 236, "spe": 187}, "types": ["Normal", "Flying"]}, "Slither Wing": {"name": "Slither Wing", "species": "Slither Wing", "speciesId": "slitherwing", "gender": "N", "shiny": false, "level": 81, "moves": ["bulkup", "leechlife", "acrobatics", "closecombat"], "ability": "Protosynthesis", "evs": {"hp": 85, "atk": 85, "def": 85, "spa": 85, "spd": 85, "spe": 85}, "ivs": {"hp": 31, "atk": 31, "def": 31, "spa": 31, "spd": 31, "spe": 31}, "item": "Booster Energy", "teraType": "Flying", "role": "Fast Bulky Setup", "bvs": {"hp": 85, "atk": 135, "def": 79, "spa": 85, "spd": 105, "spe": 81}, "stats": {"hp": 270, "atk": 265, "def": 175, "spa": 184, "spd": 217, "spe": 178}, "types": ["Bug", "Fighting"]}, "Chandelure": {"name": "Chandelure", "species": "Chandelure", "speciesId": "chandelure", "gender": "M", "shiny": false, "level": 83, "moves": ["fireblast", "willowisp", "shadowball", "calmmind"], "ability": "Flash Fire", "evs": {"hp": 85, "atk": 0, "def": 85, "spa": 85, "spd": 85, "spe": 85}, "ivs": {"hp": 31, "atk": 0, "def": 31, "spa": 31, "spd": 31, "spe": 31}, "item": "Heavy-Duty Boots", "teraType": "Ghost", "role": "Fast Bulky Setup", "bvs": {"hp": 60, "atk": 55, "def": 90, "spa": 145, "spd": 90, "spe": 80}, "stats": {"hp": 235, "atk": 96, "def": 197, "spa": 288, "spd": 197, "spe": 180}, "types": ["Ghost", "Fire"]}}]}