{"id": "gen9randombattle-2641484819", "format": "[Gen 9] Random Battle", "players": ["Chakraisgae", "mahomesthegoat"], "log": "|j|\u2606Chakraisgae\n|j|\u2606mahomesthegoat\n|t:|1782792387\n|gametype|singles\n|player|p1|Chakraisgae|102|2246\n|player|p2|mahomesthegoat|102|2119\n|gen|9\n|tier|[Gen 9] Random Battle\n|rated|\n|rule|Species Clause: Limit one of each Pok\u00e9mon\n|rule|HP Percentage Mod: HP is shown in percentages\n|rule|Sleep Clause Mod: Limit one foe put to sleep\n|rule|Illusion Level Mod: Illusion disguises the Pok\u00e9mon's true level\n|\n|t:|1782792387\n|teamsize|p1|6\n|teamsize|p2|6\n|start\n|switch|p1a: Ambipom|Ambipom, L84, M|263/263\n|switch|p2a: Azumarill|Azumarill, L82, F|298/298\n|turn|1\n|inactive|Battle timer is ON: inactive players will automatically lose when time's up. (requested by Chakraisgae)\n|\n|t:|1782792413\n|move|p1a: Ambipom|Fake Out|p2a: Azumarill\n|-damage|p2a: Azumarill|217/298\n|cant|p2a: Azumarill|flinch\n|\n|upkeep\n|turn|2\n|\n|t:|1782792425\n|move|p1a: Ambipom|U-turn|p2a: Azumarill\n|-resisted|p2a: Azumarill\n|-damage|p2a: Azumarill|190/298\n|\n|t:|1782792431\n|switch|p1a: Milotic|Milotic, L83, M|293/293|[from] U-turn\n|move|p2a: Azumarill|Superpower|p1a: Milotic\n|-damage|p1a: Milotic|117/293\n|-unboost|p2a: Azumarill|atk|1\n|-unboost|p2a: Azumarill|def|1\n|\n|-heal|p1a: Milotic|135/293|[from] item: Leftovers\n|upkeep\n|turn|3\n|\n|t:|1782792440\n|switch|p2a: Breloom|Breloom, L83, M|235/235\n|move|p1a: Milotic|Recover|p1a: Milotic\n|-heal|p1a: Milotic|282/293\n|\n|-heal|p1a: Milotic|293/293|[from] item: Leftovers\n|upkeep\n|turn|4\n|\n|t:|1782792448\n|switch|p1a: Sunflora|Sunflora, F|312/312\n|move|p2a: Breloom|Bullet Seed|p1a: Sunflora\n|-resisted|p1a: Sunflora\n|-crit|p1a: Sunflora\n|-damage|p1a: Sunflora|254/312\n|-resisted|p1a: Sunflora\n|-damage|p1a: Sunflora|219/312\n|-resisted|p1a: Sunflora\n|-damage|p1a: Sunflora|180/312\n|-resisted|p1a: Sunflora\n|-damage|p1a: Sunflora|145/312\n|-resisted|p1a: Sunflora\n|-damage|p1a: Sunflora|110/312\n|-hitcount|p1a: Sunflora|5\n|-damage|p2a: Breloom|212/235|[from] item: Life Orb\n|\n|upkeep\n|turn|5\n|\n|t:|1782792469\n|move|p2a: Breloom|Mach Punch|p1a: Sunflora\n|-damage|p1a: Sunflora|0 fnt\n|faint|p1a: Sunflora\n|-damage|p2a: Breloom|189/235|[from] item: Life Orb\n|\n|upkeep\n|\n|t:|1782792479\n|switch|p1a: Miraidon|Miraidon, L65|238/238\n|-fieldstart|move: Electric Terrain|[from] ability: Hadron Engine|[of] p1a: Miraidon\n|turn|6\n|\n|t:|1782792496\n|move|p1a: Miraidon|Volt Switch|p2a: Breloom\n|-resisted|p2a: Breloom\n|-damage|p2a: Breloom|83/235\n|\n|t:|1782792500\n|switch|p1a: Virizion|Virizion, L82|283/283|[from] Volt Switch\n|move|p2a: Breloom|Rock Tomb|p1a: Virizion\n|-resisted|p1a: Virizion\n|-damage|p1a: Virizion|221/283\n|-unboost|p1a: Virizion|spe|1\n|-damage|p2a: Breloom|60/235|[from] item: Life Orb\n|\n|upkeep\n|turn|7\n|inactive|mahomesthegoat has 120 seconds left.\n|\n|t:|1782792534\n|switch|p2a: Scream Tail|Scream Tail, L84|330/330\n|switch|p1a: Chimecho|Chimecho, L93, M|290/290\n|\n|upkeep\n|turn|8\n|inactive|mahomesthegoat has 120 seconds left.\n|\n|t:|1782792563\n|move|p2a: Scream Tail|Thunder Wave|p1a: Chimecho\n|-status|p1a: Chimecho|par\n|cant|p1a: Chimecho|par\n|\n|upkeep\n|turn|9\n|\n|t:|1782792576\n|-end|p2a: Scream Tail|Protosynthesis|[silent]\n|switch|p2a: Azumarill|Azumarill, L82, F|190/298\n|cant|p1a: Chimecho|par\n|\n|upkeep\n|turn|10\n|\n|t:|1782792588\n|move|p2a: Azumarill|Play Rough|p1a: Chimecho\n|-damage|p1a: Chimecho|136/290 par\n|cant|p1a: Chimecho|par\n|\n|-heal|p1a: Chimecho|154/290 par|[from] item: Leftovers\n|-fieldend|move: Electric Terrain\n|upkeep\n|turn|11\n|\n|t:|1782792600\n|switch|p1a: Milotic|Milotic, L83, M|293/293\n|move|p2a: Azumarill|Play Rough|p1a: Milotic\n|-damage|p1a: Milotic|124/293\n|\n|-heal|p1a: Milotic|142/293|[from] item: Leftovers\n|upkeep\n|turn|12\n|\n|t:|1782792609\n|-terastallize|p1a: Milotic|Steel\n|move|p1a: Milotic|Recover|p1a: Milotic\n|-heal|p1a: Milotic|289/293\n|move|p2a: Azumarill|Play Rough|p1a: Milotic\n|-resisted|p1a: Milotic\n|-damage|p1a: Milotic|189/293\n|-unboost|p1a: Milotic|atk|1\n|-ability|p1a: Milotic|Competitive|boost\n|-boost|p1a: Milotic|spa|2\n|\n|-heal|p1a: Milotic|207/293|[from] item: Leftovers\n|upkeep\n|turn|13\n|inactive|mahomesthegoat has 120 seconds left.\n|\n|t:|1782792623\n|switch|p2a: Scream Tail|Scream Tail, L84|330/330\n|move|p1a: Milotic|Scald|p2a: Scream Tail\n|-damage|p2a: Scream Tail|185/330\n|\n|-heal|p2a: Scream Tail|205/330|[from] item: Leftovers\n|-heal|p1a: Milotic|225/293|[from] item: Leftovers\n|upkeep\n|turn|14\n|inactive|mahomesthegoat has 120 seconds left.\n|\n|t:|1782792635\n|switch|p1a: Miraidon|Miraidon, L65|238/238\n|-fieldstart|move: Electric Terrain|[from] ability: Hadron Engine|[of] p1a: Miraidon\n|move|p2a: Scream Tail|Wish|p2a: Scream Tail\n|\n|-heal|p2a: Scream Tail|225/330|[from] item: Leftovers\n|upkeep\n|turn|15\n|\n|t:|1782792645\n|move|p2a: Scream Tail|Protect|p2a: Scream Tail\n|-singleturn|p2a: Scream Tail|Protect\n|move|p1a: Miraidon|Electro Drift|p2a: Scream Tail\n|-activate|p2a: Scream Tail|move: Protect\n|\n|-heal|p2a: Scream Tail|330/330|[from] move: Wish|[wisher] Scream Tail\n|upkeep\n|turn|16\n|\n|t:|1782792655\n|-end|p2a: Scream Tail|Protosynthesis|[silent]\n|switch|p2a: Clodsire|Clodsire, L81, F|343/343\n|move|p1a: Miraidon|Electro Drift|p2a: Clodsire\n|-immune|p2a: Clodsire\n|\n|upkeep\n|turn|17\n|\n|t:|1782792670\n|switch|p1a: Chimecho|Chimecho, L93, M|154/290 par\n|move|p2a: Clodsire|Gunk Shot|p1a: Chimecho\n|-damage|p1a: Chimecho|61/290 par\n|\n|-heal|p1a: Chimecho|79/290 par|[from] item: Leftovers\n|upkeep\n|turn|18\n|\n|t:|1782792680\n|switch|p2a: Azumarill|Azumarill, L82, F|190/298\n|move|p1a: Chimecho|Recover|p1a: Chimecho\n|-heal|p1a: Chimecho|224/290 par\n|\n|-heal|p1a: Chimecho|242/290 par|[from] item: Leftovers\n|-fieldend|move: Electric Terrain\n|upkeep\n|turn|19\n|\n|t:|1782792694\n|switch|p1a: Miraidon|Miraidon, L65|238/238\n|-fieldstart|move: Electric Terrain|[from] ability: Hadron Engine|[of] p1a: Miraidon\n|move|p2a: Azumarill|Liquidation|p1a: Miraidon\n|-resisted|p1a: Miraidon\n|-damage|p1a: Miraidon|150/238\n|-unboost|p1a: Miraidon|def|1\n|\n|upkeep\n|turn|20\n|\n|t:|1782792718\n|switch|p2a: Scream Tail|Scream Tail, L84|330/330\n|move|p1a: Miraidon|Draco Meteor|p2a: Scream Tail\n|-immune|p2a: Scream Tail\n|\n|upkeep\n|turn|21\n|\n|t:|1782792729\n|switch|p1a: Chimecho|Chimecho, L93, M|242/290 par\n|move|p2a: Scream Tail|Wish|p2a: Scream Tail\n|\n|-heal|p1a: Chimecho|260/290 par|[from] item: Leftovers\n|upkeep\n|turn|22\n|\n|t:|1782792736\n|-end|p2a: Scream Tail|Protosynthesis|[silent]\n|switch|p2a: Azumarill|Azumarill, L82, F|190/298\n|move|p1a: Chimecho|Knock Off|p2a: Azumarill\n|-resisted|p2a: Azumarill\n|-damage|p2a: Azumarill|159/298\n|-enditem|p2a: Azumarill|Choice Band|[from] move: Knock Off|[of] p1a: Chimecho\n|\n|-heal|p2a: Azumarill|298/298|[from] move: Wish|[wisher] Scream Tail\n|-heal|p1a: Chimecho|278/290 par|[from] item: Leftovers\n|upkeep\n|turn|23\n|\n|t:|1782792753\n|move|p2a: Azumarill|Liquidation|p1a: Chimecho\n|-damage|p1a: Chimecho|175/290 par\n|-unboost|p1a: Chimecho|def|1\n|move|p1a: Chimecho|Psychic Noise|p2a: Azumarill\n|-damage|p2a: Azumarill|186/298\n|-start|p2a: Azumarill|move: Heal Block\n|\n|-heal|p1a: Chimecho|193/290 par|[from] item: Leftovers\n|-fieldend|move: Electric Terrain\n|upkeep\n|turn|24\n|\n|t:|1782792762\n|switch|p1a: Milotic|Milotic, L83, M, tera:Steel|225/293\n|move|p2a: Azumarill|Play Rough|p1a: Milotic\n|-resisted|p1a: Milotic\n|-damage|p1a: Milotic|166/293\n|\n|-heal|p1a: Milotic|184/293|[from] item: Leftovers\n|-end|p2a: Azumarill|move: Heal Block\n|upkeep\n|turn|25\n|\n|t:|1782792770\n|move|p1a: Milotic|Scald|p2a: Azumarill\n|-resisted|p2a: Azumarill\n|-damage|p2a: Azumarill|135/298\n|move|p2a: Azumarill|Superpower|p1a: Milotic\n|-supereffective|p1a: Milotic\n|-damage|p1a: Milotic|0 fnt\n|-unboost|p2a: Azumarill|atk|1\n|-unboost|p2a: Azumarill|def|1\n|faint|p1a: Milotic\n|\n|upkeep\n|\n|t:|1782792777\n|switch|p1a: Ambipom|Ambipom, L84, M|263/263\n|turn|26\n|\n|t:|1782792792\n|move|p2a: Azumarill|Aqua Jet|p1a: Ambipom\n|-damage|p1a: Ambipom|217/263\n|move|p1a: Ambipom|Double-Edge|p2a: Azumarill\n|-damage|p2a: Azumarill|0 fnt\n|faint|p2a: Azumarill\n|-damage|p1a: Ambipom|172/263|[from] Recoil\n|\n|upkeep\n|inactive|mahomesthegoat has 120 seconds left.\n|\n|t:|1782792822\n|switch|p2a: Breloom|Breloom, L83, M|60/235\n|turn|27\n|\n|t:|1782792841\n|switch|p1a: Virizion|Virizion, L82|221/283\n|move|p2a: Breloom|Bullet Seed|p1a: Virizion\n|-resisted|p1a: Virizion\n|-damage|p1a: Virizion|183/283\n|-resisted|p1a: Virizion\n|-damage|p1a: Virizion|145/283\n|-resisted|p1a: Virizion\n|-damage|p1a: Virizion|109/283\n|-resisted|p1a: Virizion\n|-damage|p1a: Virizion|73/283\n|-resisted|p1a: Virizion\n|-damage|p1a: Virizion|33/283\n|-hitcount|p1a: Virizion|5\n|-damage|p2a: Breloom|37/235|[from] item: Life Orb\n|\n|upkeep\n|turn|28\n|\n|t:|1782792849\n|move|p2a: Breloom|Mach Punch|p1a: Virizion\n|-damage|p1a: Virizion|0 fnt\n|faint|p1a: Virizion\n|-damage|p2a: Breloom|14/235|[from] item: Life Orb\n|\n|upkeep\n|\n|t:|1782792851\n|switch|p1a: Ambipom|Ambipom, L84, M|172/263\n|turn|29\n|\n|t:|1782792858\n|switch|p2a: Scream Tail|Scream Tail, L84|330/330\n|move|p1a: Ambipom|Double-Edge|p2a: Scream Tail\n|-damage|p2a: Scream Tail|200/330\n|-damage|p1a: Ambipom|129/263|[from] Recoil\n|\n|-heal|p2a: Scream Tail|220/330|[from] item: Leftovers\n|upkeep\n|turn|30\n|\n|t:|1782792865\n|move|p1a: Ambipom|U-turn|p2a: Scream Tail\n|-damage|p2a: Scream Tail|173/330\n|\n|t:|1782792869\n|switch|p1a: Chimecho|Chimecho, L93, M|193/290 par|[from] U-turn\n|move|p2a: Scream Tail|Wish|p2a: Scream Tail\n|\n|-heal|p2a: Scream Tail|193/330|[from] item: Leftovers\n|-heal|p1a: Chimecho|211/290 par|[from] item: Leftovers\n|upkeep\n|turn|31\n|\n|t:|1782792880\n|move|p2a: Scream Tail|Protect|p2a: Scream Tail\n|-singleturn|p2a: Scream Tail|Protect\n|move|p1a: Chimecho|Knock Off|p2a: Scream Tail\n|-activate|p2a: Scream Tail|move: Protect\n|\n|-heal|p2a: Scream Tail|330/330|[from] move: Wish|[wisher] Scream Tail\n|-heal|p1a: Chimecho|229/290 par|[from] item: Leftovers\n|upkeep\n|turn|32\n|inactive|mahomesthegoat has 120 seconds left.\n|inactive|mahomesthegoat has 90 seconds left.\n|\n|t:|1782792944\n|move|p2a: Scream Tail|Wish|p2a: Scream Tail\n|cant|p1a: Chimecho|par\n|\n|-heal|p1a: Chimecho|247/290 par|[from] item: Leftovers\n|upkeep\n|turn|33\n|\n|t:|1782792954\n|-end|p2a: Scream Tail|Protosynthesis|[silent]\n|switch|p2a: Breloom|Breloom, L83, M|14/235\n|move|p1a: Chimecho|Knock Off|p2a: Breloom\n|-resisted|p2a: Breloom\n|-damage|p2a: Breloom|0 fnt\n|-enditem|p2a: Breloom|Life Orb|[from] move: Knock Off|[of] p1a: Chimecho\n|faint|p2a: Breloom\n|\n|-heal|p1a: Chimecho|265/290 par|[from] item: Leftovers\n|upkeep\n|\n|t:|1782792963\n|switch|p2a: Squawkabilly|Squawkabilly-Blue, L85, M|278/278\n|turn|34\n|\n|t:|1782792993\n|switch|p1a: Miraidon|Miraidon, L65|150/238\n|-fieldstart|move: Electric Terrain|[from] ability: Hadron Engine|[of] p1a: Miraidon\n|move|p2a: Squawkabilly|Protect||[still]\n|-fail|p2a: Squawkabilly\n|\n|-status|p2a: Squawkabilly|brn|[from] item: Flame Orb\n|upkeep\n|turn|35\n|inactive|Chakraisgae has 120 seconds left.\n|\n|t:|1782793011\n|switch|p2a: Clodsire|Clodsire, L81, F|343/343\n|move|p1a: Miraidon|Draco Meteor|p2a: Clodsire\n|-damage|p2a: Clodsire|120/343\n|-unboost|p1a: Miraidon|spa|2\n|\n|-heal|p2a: Clodsire|141/343|[from] item: Leftovers\n|upkeep\n|turn|36\n|inactive|Chakraisgae has 120 seconds left.\n|\n|t:|1782793026\n|switch|p1a: Chimecho|Chimecho, L93, M|265/290 par\n|move|p2a: Clodsire|Recover|p2a: Clodsire\n|-heal|p2a: Clodsire|313/343\n|\n|-heal|p1a: Chimecho|283/290 par|[from] item: Leftovers\n|-heal|p2a: Clodsire|334/343|[from] item: Leftovers\n|upkeep\n|turn|37\n|\n|t:|1782793046\n|switch|p2a: Scream Tail|Scream Tail, L84|330/330\n|move|p1a: Chimecho|Psychic Noise|p2a: Scream Tail\n|-resisted|p2a: Scream Tail\n|-damage|p2a: Scream Tail|290/330\n|-start|p2a: Scream Tail|move: Heal Block\n|\n|-heal|p1a: Chimecho|290/290 par|[from] item: Leftovers\n|upkeep\n|turn|38\n|\n|t:|1782793053\n|-end|p2a: Scream Tail|Protosynthesis|[silent]\n|switch|p2a: Squawkabilly|Squawkabilly-Blue, L85, M|278/278 brn\n|move|p1a: Chimecho|Knock Off|p2a: Squawkabilly\n|-damage|p2a: Squawkabilly|197/278 brn\n|-enditem|p2a: Squawkabilly|Flame Orb|[from] move: Knock Off|[of] p1a: Chimecho\n|\n|-damage|p2a: Squawkabilly|180/278 brn|[from] brn\n|-fieldend|move: Electric Terrain\n|upkeep\n|turn|39\n|inactive|Chakraisgae has 120 seconds left.\n|\n|t:|1782793083\n|-terastallize|p2a: Squawkabilly|Normal\n|move|p2a: Squawkabilly|Facade|p1a: Chimecho\n|-damage|p1a: Chimecho|0 fnt\n|faint|p1a: Chimecho\n|\n|-damage|p2a: Squawkabilly|163/278 brn|[from] brn\n|upkeep\n|-message|Chakraisgae forfeited.\n|\n|win|mahomesthegoat\n", "inputlog": ">version f8ac14003a5f27e1bdc8d8c59608a773c1cb96e5\n>start {\"formatid\":\"gen9randombattle\",\"seed\":\"sodium,0aa44da78323586639ae71860dbfa3ca\",\"rated\":\"Rated battle\"}\n>player p1 {\"name\":\"Chakraisgae\",\"avatar\":\"102\",\"rating\":2246,\"seed\":\"sodium,bb97d5cdcf357e67c8da6eeda53ea8d5\"}\n>player p2 {\"name\":\"mahomesthegoat\",\"avatar\":\"102\",\"rating\":2119,\"seed\":\"sodium,7128673b73b64df91acae0b9d2a547a2\"}\n>p1 move fakeout\n>p2 move superpower\n>p1 move uturn\n>p2 move superpower\n>p1 switch 6\n>p1 move recover\n>p2 switch 2\n>p1 switch 5\n>p2 move bulletseed\n>p1 move sludgebomb\n>p2 move machpunch\n>p1 switch 4\n>p1 move voltswitch\n>p2 move rocktomb\n>p1 switch 3\n>p1 switch 2\n>p2 switch 4\n>p1 move knockoff\n>p2 move thunderwave\n>p1 move knockoff\n>p2 switch 2\n>p1 move knockoff\n>p2 move playrough\n>p1 switch 5\n>p2 move playrough\n>p1 move recover terastallize\n>p2 move playrough\n>p1 move scald\n>p2 switch 2\n>p1 switch 3\n>p2 move wish\n>p1 move electrodrift\n>p2 move protect\n>p1 move electrodrift\n>p2 switch 3\n>p1 switch 5\n>p2 move gunkshot\n>p1 move recover\n>p2 switch 2\n>p1 switch 5\n>p2 move liquidation\n>p1 move dracometeor\n>p2 switch 3\n>p1 switch 5\n>p2 move wish\n>p1 move knockoff\n>p2 switch 3\n>p1 move psychicnoise\n>p2 move liquidation\n>p1 switch 3\n>p2 move playrough\n>p1 move scald\n>p2 move superpower\n>p1 switch 6\n>p1 move doubleedge\n>p2 move aquajet\n>p2 switch 4\n>p1 switch 2\n>p2 move bulletseed\n>p1 move leafblade\n>p2 move machpunch\n>p1 switch 2\n>p1 move doubleedge\n>p2 switch 3\n>p1 move uturn\n>p2 move wish\n>p1 switch 3\n>p1 move knockoff\n>p2 move protect\n>p1 move knockoff\n>p2 move wish\n>p1 move knockoff\n>p2 switch 3\n>p2 switch 6\n>p1 switch 5\n>p2 move protect\n>p1 move dracometeor\n>p2 switch 2\n>p1 switch 5\n>p2 move recover\n>p1 move psychicnoise\n>p2 switch 3\n>p1 move knockoff\n>p2 switch 2\n>p1 move psychicnoise\n>p2 move facade terastallize\n>forcelose p1", "uploadtime": 1782792389, "views": 3, "formatid": "gen9randombattle", "rating": null, "private": 0, "password": null, "player_dets": [{"name": "Chakraisgae", "avatar": "102", "rating": 2246, "seed": "sodium,bb97d5cdcf357e67c8da6eeda53ea8d5"}, {"name": "mahomesthegoat", "avatar": "102", "rating": 2119, "seed": "sodium,7128673b73b64df91acae0b9d2a547a2"}], "teams_full": [{"Ambipom": {"name": "Ambipom", "species": "Ambipom", "speciesId": "ambipom", "gender": "M", "shiny": false, "level": 84, "moves": ["fakeout", "uturn", "doubleedge", "knockoff"], "ability": "Technician", "evs": {"hp": 85, "atk": 85, "def": 85, "spa": 85, "spd": 85, "spe": 85}, "ivs": {"hp": 31, "atk": 31, "def": 31, "spa": 31, "spd": 31, "spe": 31}, "item": "Silk Scarf", "teraType": "Normal", "role": "Wallbreaker", "bvs": {"hp": 75, "atk": 100, "def": 66, "spa": 60, "spd": 66, "spe": 115}, "stats": {"hp": 263, "atk": 216, "def": 159, "spa": 149, "spd": 159, "spe": 241}, "types": ["Normal"]}, "Chimecho": {"name": "Chimecho", "species": "Chimecho", "speciesId": "chimecho", "gender": "M", "shiny": false, "level": 93, "moves": ["encore", "psychicnoise", "knockoff", "recover"], "ability": "Levitate", "evs": {"hp": 85, "atk": 85, "def": 85, "spa": 85, "spd": 85, "spe": 85}, "ivs": {"hp": 31, "atk": 31, "def": 31, "spa": 31, "spd": 31, "spe": 31}, "item": "Leftovers", "teraType": "Electric", "role": "Bulky Support", "bvs": {"hp": 75, "atk": 50, "def": 80, "spa": 95, "spd": 90, "spe": 65}, "stats": {"hp": 290, "atk": 146, "def": 202, "spa": 230, "spd": 220, "spe": 174}, "types": ["Psychic"]}, "Virizion": {"name": "Virizion", "species": "Virizion", "speciesId": "virizion", "gender": "N", "shiny": false, "level": 82, "moves": ["closecombat", "swordsdance", "leafblade", "stoneedge"], "ability": "Justified", "evs": {"hp": 85, "atk": 85, "def": 85, "spa": 85, "spd": 85, "spe": 85}, "ivs": {"hp": 31, "atk": 31, "def": 31, "spa": 31, "spd": 31, "spe": 31}, "item": "Life Orb", "teraType": "Rock", "role": "Setup Sweeper", "bvs": {"hp": 91, "atk": 90, "def": 72, "spa": 90, "spd": 129, "spe": 108}, "stats": {"hp": 283, "atk": 195, "def": 165, "spa": 195, "spd": 259, "spe": 224}, "types": ["Grass", "Fighting"]}, "Miraidon": {"name": "Miraidon", "species": "Miraidon", "speciesId": "miraidon", "gender": "N", "shiny": false, "level": 65, "moves": ["dracometeor", "electrodrift", "overheat", "voltswitch"], "ability": "Hadron Engine", "evs": {"hp": 85, "atk": 0, "def": 85, "spa": 85, "spd": 85, "spe": 85}, "ivs": {"hp": 31, "atk": 0, "def": 31, "spa": 31, "spd": 31, "spe": 31}, "item": "Choice Specs", "teraType": "Electric", "role": "Fast Attacker", "bvs": {"hp": 100, "atk": 85, "def": 100, "spa": 135, "spd": 115, "spe": 135}, "stats": {"hp": 238, "atk": 115, "def": 168, "spa": 214, "spd": 188, "spe": 214}, "types": ["Electric", "Dragon"]}, "Sunflora": {"name": "Sunflora", "species": "Sunflora", "speciesId": "sunflora", "gender": "F", "shiny": false, "level": 100, "moves": ["earthpower", "dazzlinggleam", "sludgebomb", "leafstorm"], "ability": "Chlorophyll", "evs": {"hp": 85, "atk": 0, "def": 85, "spa": 85, "spd": 85, "spe": 85}, "ivs": {"hp": 31, "atk": 0, "def": 31, "spa": 31, "spd": 31, "spe": 31}, "item": "Choice Specs", "teraType": "Poison", "role": "Wallbreaker", "bvs": {"hp": 75, "atk": 75, "def": 55, "spa": 105, "spd": 85, "spe": 30}, "stats": {"hp": 312, "atk": 155, "def": 167, "spa": 267, "spd": 227, "spe": 117}, "types": ["Grass"]}, "Milotic": {"name": "Milotic", "species": "Milotic", "speciesId": "milotic", "gender": "M", "shiny": false, "level": 83, "moves": ["dragontail", "icebeam", "scald", "recover"], "ability": "Competitive", "evs": {"hp": 85, "atk": 85, "def": 85, "spa": 85, "spd": 85, "spe": 85}, "ivs": {"hp": 31, "atk": 31, "def": 31, "spa": 31, "spd": 31, "spe": 31}, "item": "Leftovers", "teraType": "Steel", "role": "Bulky Attacker", "bvs": {"hp": 95, "atk": 60, "def": 79, "spa": 100, "spd": 125, "spe": 81}, "stats": {"hp": 293, "atk": 147, "def": 179, "spa": 214, "spd": 255, "spe": 182}, "types": ["Water"]}}, {"Azumarill": {"name": "Azumarill", "species": "Azumarill", "speciesId": "azumarill", "gender": "F", "shiny": false, "level": 82, "moves": ["playrough", "liquidation", "aquajet", "superpower"], "ability": "Huge Power", "evs": {"hp": 85, "atk": 85, "def": 85, "spa": 85, "spd": 85, "spe": 85}, "ivs": {"hp": 31, "atk": 31, "def": 31, "spa": 31, "spd": 31, "spe": 31}, "item": "Choice Band", "teraType": "Water", "role": "Bulky Attacker", "bvs": {"hp": 100, "atk": 50, "def": 80, "spa": 60, "spd": 80, "spe": 50}, "stats": {"hp": 298, "atk": 129, "def": 178, "spa": 146, "spd": 178, "spe": 129}, "types": ["Water", "Fairy"]}, "Breloom": {"name": "Breloom", "species": "Breloom", "speciesId": "breloom", "gender": "M", "shiny": false, "level": 83, "moves": ["bulletseed", "rocktomb", "spore", "machpunch"], "ability": "Technician", "evs": {"hp": 85, "atk": 85, "def": 85, "spa": 85, "spd": 85, "spe": 85}, "ivs": {"hp": 31, "atk": 31, "def": 31, "spa": 31, "spd": 31, "spe": 31}, "item": "Life Orb", "teraType": "Rock", "role": "Fast Attacker", "bvs": {"hp": 60, "atk": 130, "def": 80, "spa": 60, "spd": 60, "spe": 70}, "stats": {"hp": 235, "atk": 263, "def": 180, "spa": 147, "spd": 147, "spe": 164}, "types": ["Grass", "Fighting"]}, "Clodsire": {"name": "Clodsire", "species": "Clodsire", "speciesId": "clodsire", "gender": "F", "shiny": false, "level": 81, "moves": ["earthquake", "gunkshot", "recover", "curse"], "ability": "Water Absorb", "evs": {"hp": 85, "atk": 85, "def": 85, "spa": 85, "spd": 85, "spe": 85}, "ivs": {"hp": 31, "atk": 31, "def": 31, "spa": 31, "spd": 31, "spe": 31}, "item": "Leftovers", "teraType": "Steel", "role": "Bulky Attacker", "bvs": {"hp": 130, "atk": 75, "def": 60, "spa": 45, "spd": 100, "spe": 20}, "stats": {"hp": 343, "atk": 168, "def": 144, "spa": 120, "spd": 209, "spe": 79}, "types": ["Poison", "Ground"]}, "Scream Tail": {"name": "Scream Tail", "species": "Scream Tail", "speciesId": "screamtail", "gender": "N", "shiny": false, "level": 84, "moves": ["thunderwave", "protect", "wish", "dazzlinggleam"], "ability": "Protosynthesis", "evs": {"hp": 85, "atk": 0, "def": 85, "spa": 85, "spd": 85, "spe": 85}, "ivs": {"hp": 31, "atk": 0, "def": 31, "spa": 31, "spd": 31, "spe": 31}, "item": "Leftovers", "teraType": "Poison", "role": "Bulky Attacker", "bvs": {"hp": 115, "atk": 65, "def": 99, "spa": 65, "spd": 115, "spe": 111}, "stats": {"hp": 330, "atk": 114, "def": 215, "spa": 157, "spd": 241, "spe": 235}, "types": ["Fairy", "Psychic"]}, "Ho-Oh": {"name": "Ho-Oh", "species": "Ho-Oh", "speciesId": "hooh", "gender": "N", "shiny": false, "level": 71, "moves": ["earthquake", "sacredfire", "bravebird", "recover"], "ability": "Regenerator", "evs": {"hp": 85, "atk": 85, "def": 85, "spa": 85, "spd": 85, "spe": 85}, "ivs": {"hp": 31, "atk": 31, "def": 31, "spa": 31, "spd": 31, "spe": 31}, "item": "Heavy-Duty Boots", "teraType": "Steel", "role": "Bulky Attacker", "bvs": {"hp": 106, "atk": 130, "def": 90, "spa": 110, "spd": 154, "spe": 90}, "stats": {"hp": 268, "atk": 226, "def": 169, "spa": 198, "spd": 260, "spe": 169}, "types": ["Fire", "Flying"]}, "Squawkabilly": {"name": "Squawkabilly", "species": "Squawkabilly-Blue", "speciesId": "squawkabillyblue", "gender": "M", "shiny": false, "level": 85, "moves": ["facade", "bravebird", "protect", "quickattack"], "ability": "Guts", "evs": {"hp": 85, "atk": 85, "def": 85, "spa": 85, "spd": 85, "spe": 85}, "ivs": {"hp": 31, "atk": 31, "def": 31, "spa": 31, "spd": 31, "spe": 31}, "item": "Flame Orb", "teraType": "Normal", "role": "Wallbreaker", "bvs": {"hp": 82, "atk": 96, "def": 51, "spa": 45, "spd": 51, "spe": 92}, "stats": {"hp": 278, "atk": 212, "def": 135, "spa": 125, "spd": 135, "spe": 205}, "types": ["Normal", "Flying"]}}]}