{"id": "gen9randombattle-2641614056", "format": "[Gen 9] Random Battle", "players": ["kiba12", "DinkleBerg>D"], "log": "|j|\u203dkiba12\n|j|\u2606DinkleBerg>D\n|t:|1782818984\n|gametype|singles\n|player|p1|kiba12|101|1913\n|player|p2|DinkleBerg>D|102|1918\n|gen|9\n|tier|[Gen 9] Random Battle\n|rated|\n|rule|Species Clause: Limit one of each Pok\u00e9mon\n|rule|HP Percentage Mod: HP is shown in percentages\n|rule|Sleep Clause Mod: Limit one foe put to sleep\n|rule|Illusion Level Mod: Illusion disguises the Pok\u00e9mon's true level\n|\n|t:|1782818984\n|teamsize|p1|6\n|teamsize|p2|6\n|start\n|switch|p1a: Houndoom|Houndoom, L87, M|272/272\n|switch|p2a: Palossand|Palossand, L89, M|296/296\n|turn|1\n|inactive|Battle timer is ON: inactive players will automatically lose when time's up. (requested by kiba12)\n|\n|t:|1782818993\n|switch|p2a: Dedenne|Dedenne, L88, M|261/261\n|move|p1a: Houndoom|Dark Pulse|p2a: Dedenne\n|-resisted|p2a: Dedenne\n|-damage|p2a: Dedenne|207/261\n|\n|upkeep\n|turn|2\n|\n|t:|1782819002\n|move|p2a: Dedenne|Nuzzle|p1a: Houndoom\n|-damage|p1a: Houndoom|247/272\n|-status|p1a: Houndoom|par\n|move|p1a: Houndoom|Sludge Bomb|p2a: Dedenne\n|-supereffective|p2a: Dedenne\n|-damage|p2a: Dedenne|23/261\n|-enditem|p2a: Dedenne|Sitrus Berry|[eat]\n|-heal|p2a: Dedenne|88/261|[from] item: Sitrus Berry\n|-heal|p2a: Dedenne|175/261|[from] ability: Cheek Pouch\n|\n|upkeep\n|turn|3\n|\n|t:|1782819032\n|switch|p2a: Palossand|Palossand, L89, M|296/296\n|cant|p1a: Houndoom|par\n|\n|upkeep\n|turn|4\n|\n|t:|1782819036\n|move|p2a: Palossand|Earth Power|p1a: Houndoom\n|-supereffective|p1a: Houndoom\n|-damage|p1a: Houndoom|31/272 par\n|-unboost|p1a: Houndoom|spd|1\n|move|p1a: Houndoom|Dark Pulse|p2a: Palossand\n|-supereffective|p2a: Palossand\n|-damage|p2a: Palossand|96/296\n|\n|-heal|p2a: Palossand|114/296|[from] item: Leftovers\n|upkeep\n|turn|5\n|\n|t:|1782819046\n|move|p2a: Palossand|Stealth Rock|p1a: Houndoom\n|-sidestart|p1: kiba12|move: Stealth Rock\n|move|p1a: Houndoom|Dark Pulse|p2a: Palossand\n|-supereffective|p2a: Palossand\n|-damage|p2a: Palossand|0 fnt\n|faint|p2a: Palossand\n|\n|upkeep\n|\n|t:|1782819048\n|switch|p2a: Dedenne|Dedenne, L88, M|175/261\n|turn|6\n|\n|t:|1782819051\n|move|p2a: Dedenne|Thunderbolt|p1a: Houndoom\n|-damage|p1a: Houndoom|0 fnt\n|faint|p1a: Houndoom\n|\n|upkeep\n|\n|t:|1782819062\n|switch|p1a: Sylveon|Sylveon, L85, M|300/300\n|-damage|p1a: Sylveon|263/300|[from] Stealth Rock\n|turn|7\n|\n|t:|1782819066\n|move|p2a: Dedenne|Nuzzle|p1a: Sylveon\n|-damage|p1a: Sylveon|242/300\n|-status|p1a: Sylveon|par\n|cant|p1a: Sylveon|par\n|\n|-heal|p1a: Sylveon|260/300 par|[from] item: Leftovers\n|upkeep\n|turn|8\n|\n|t:|1782819076\n|switch|p2a: Skeledirge|Skeledirge, L79, M|294/294\n|move|p1a: Sylveon|Hyper Voice|p2a: Skeledirge\n|-resisted|p2a: Skeledirge\n|-crit|p2a: Skeledirge\n|-damage|p2a: Skeledirge|180/294\n|\n|-heal|p1a: Sylveon|278/300 par|[from] item: Leftovers\n|upkeep\n|turn|9\n|\n|t:|1782819082\n|move|p2a: Skeledirge|Flame Charge|p1a: Sylveon\n|-damage|p1a: Sylveon|233/300 par\n|-boost|p2a: Skeledirge|spe|1\n|cant|p1a: Sylveon|par\n|\n|-heal|p1a: Sylveon|251/300 par|[from] item: Leftovers\n|upkeep\n|turn|10\n|\n|t:|1782819088\n|move|p2a: Skeledirge|Slack Off|p2a: Skeledirge\n|-heal|p2a: Skeledirge|294/294\n|move|p1a: Sylveon|Wish|p1a: Sylveon\n|\n|-heal|p1a: Sylveon|269/300 par|[from] item: Leftovers\n|upkeep\n|turn|11\n|\n|t:|1782819091\n|switch|p1a: Spiritomb|Spiritomb, L89, F|234/234\n|-damage|p1a: Spiritomb|205/234|[from] Stealth Rock\n|move|p2a: Skeledirge|Flame Charge|p1a: Spiritomb\n|-damage|p1a: Spiritomb|172/234\n|-boost|p2a: Skeledirge|spe|1\n|\n|-heal|p1a: Spiritomb|234/234|[from] move: Wish|[wisher] Sylveon\n|upkeep\n|turn|12\n|\n|t:|1782819098\n|switch|p2a: Forretress|Forretress, L84, F|263/263\n|move|p1a: Spiritomb|Poltergeist|p2a: Forretress\n|-activate|p2a: Forretress|move: Poltergeist|Leftovers\n|-damage|p2a: Forretress|172/263\n|\n|-heal|p2a: Forretress|188/263|[from] item: Leftovers\n|upkeep\n|turn|13\n|\n|t:|1782819105\n|switch|p1a: Sylveon|Sylveon, L85, M|269/300 par\n|-damage|p1a: Sylveon|232/300 par|[from] Stealth Rock\n|move|p2a: Forretress|Spikes|p1a: Sylveon\n|-sidestart|p1: kiba12|Spikes\n|\n|-heal|p2a: Forretress|204/263|[from] item: Leftovers\n|-heal|p1a: Sylveon|250/300 par|[from] item: Leftovers\n|upkeep\n|turn|14\n|\n|t:|1782819110\n|move|p2a: Forretress|Spikes|p1a: Sylveon\n|-sidestart|p1: kiba12|Spikes\n|move|p1a: Sylveon|Hyper Voice|p2a: Forretress\n|-resisted|p2a: Forretress\n|-damage|p2a: Forretress|112/263\n|\n|-heal|p2a: Forretress|128/263|[from] item: Leftovers\n|-heal|p1a: Sylveon|268/300 par|[from] item: Leftovers\n|upkeep\n|turn|15\n|\n|t:|1782819113\n|move|p2a: Forretress|Spikes|p1a: Sylveon\n|-sidestart|p1: kiba12|Spikes\n|move|p1a: Sylveon|Hyper Voice|p2a: Forretress\n|-resisted|p2a: Forretress\n|-damage|p2a: Forretress|35/263\n|\n|-heal|p2a: Forretress|51/263|[from] item: Leftovers\n|-heal|p1a: Sylveon|286/300 par|[from] item: Leftovers\n|upkeep\n|turn|16\n|\n|t:|1782819116\n|move|p2a: Forretress|Iron Head|p1a: Sylveon\n|-supereffective|p1a: Sylveon\n|-damage|p1a: Sylveon|98/300 par\n|move|p1a: Sylveon|Hyper Voice|p2a: Forretress\n|-resisted|p2a: Forretress\n|-damage|p2a: Forretress|0 fnt\n|faint|p2a: Forretress\n|\n|-heal|p1a: Sylveon|116/300 par|[from] item: Leftovers\n|upkeep\n|\n|t:|1782819121\n|switch|p2a: Meowscarada|Meowscarada, L78, M|247/247\n|turn|17\n|\n|t:|1782819131\n|move|p2a: Meowscarada|Flower Trick|p1a: Sylveon\n|-start|p2a: Meowscarada|typechange|Grass|[from] ability: Protean\n|-crit|p1a: Sylveon\n|-damage|p1a: Sylveon|0 fnt\n|faint|p1a: Sylveon\n|\n|upkeep\n|\n|t:|1782819142\n|switch|p1a: Solgaleo|Solgaleo, L74|325/325\n|-damage|p1a: Solgaleo|305/325|[from] Stealth Rock\n|-damage|p1a: Solgaleo|224/325|[from] Spikes\n|turn|18\n|\n|t:|1782819171\n|switch|p2a: Skeledirge|Skeledirge, L79, M|294/294\n|move|p1a: Solgaleo|Flame Charge|p2a: Skeledirge\n|-resisted|p2a: Skeledirge\n|-damage|p2a: Skeledirge|278/294\n|-boost|p1a: Solgaleo|spe|1\n|\n|upkeep\n|turn|19\n|\n|t:|1782819183\n|switch|p1a: Spiritomb|Spiritomb, L89, F|234/234\n|-damage|p1a: Spiritomb|205/234|[from] Stealth Rock\n|-damage|p1a: Spiritomb|147/234|[from] Spikes\n|move|p2a: Skeledirge|Flame Charge|p1a: Spiritomb\n|-damage|p1a: Spiritomb|114/234\n|-boost|p2a: Skeledirge|spe|1\n|\n|-heal|p1a: Spiritomb|128/234|[from] item: Leftovers\n|upkeep\n|turn|20\n|\n|t:|1782819188\n|switch|p2a: Dedenne|Dedenne, L88, M|175/261\n|move|p1a: Spiritomb|Pain Split|p2a: Dedenne\n|-sethp|p2a: Dedenne|151/261|[from] move: Pain Split|[silent]\n|-sethp|p1a: Spiritomb|151/234|[from] move: Pain Split\n|\n|-heal|p1a: Spiritomb|165/234|[from] item: Leftovers\n|upkeep\n|turn|21\n|\n|t:|1782819195\n|switch|p1a: Duraludon|Duraludon, L82, F|249/249\n|-damage|p1a: Duraludon|234/249|[from] Stealth Rock\n|-damage|p1a: Duraludon|172/249|[from] Spikes\n|move|p2a: Dedenne|Dazzling Gleam|p1a: Duraludon\n|-crit|p1a: Duraludon\n|-damage|p1a: Duraludon|37/249\n|\n|upkeep\n|turn|22\n|\n|t:|1782819200\n|move|p2a: Dedenne|Dazzling Gleam|p1a: Duraludon\n|-damage|p1a: Duraludon|0 fnt\n|faint|p1a: Duraludon\n|\n|upkeep\n|\n|t:|1782819209\n|switch|p1a: Flapple|Flapple, L88, M|266/266\n|-damage|p1a: Flapple|233/266|[from] Stealth Rock\n|-damage|p1a: Flapple|167/266|[from] Spikes\n|turn|23\n|\n|t:|1782819217\n|move|p2a: Dedenne|Dazzling Gleam|p1a: Flapple\n|-supereffective|p1a: Flapple\n|-damage|p1a: Flapple|0 fnt\n|faint|p1a: Flapple\n|\n|upkeep\n|\n|t:|1782819222\n|switch|p1a: Spiritomb|Spiritomb, L89, F|165/234\n|-damage|p1a: Spiritomb|136/234|[from] Stealth Rock\n|-damage|p1a: Spiritomb|78/234|[from] Spikes\n|turn|24\n|\n|t:|1782819227\n|-terastallize|p1a: Spiritomb|Steel\n|move|p2a: Dedenne|Dazzling Gleam|p1a: Spiritomb\n|-resisted|p1a: Spiritomb\n|-damage|p1a: Spiritomb|46/234\n|move|p1a: Spiritomb|Pain Split|p2a: Dedenne\n|-sethp|p2a: Dedenne|98/261|[from] move: Pain Split|[silent]\n|-sethp|p1a: Spiritomb|98/234|[from] move: Pain Split\n|\n|-heal|p1a: Spiritomb|112/234|[from] item: Leftovers\n|upkeep\n|turn|25\n|\n|t:|1782819234\n|move|p2a: Dedenne|Thunderbolt|p1a: Spiritomb\n|-damage|p1a: Spiritomb|34/234\n|move|p1a: Spiritomb|Pain Split|p2a: Dedenne\n|-sethp|p2a: Dedenne|66/261|[from] move: Pain Split|[silent]\n|-sethp|p1a: Spiritomb|66/234|[from] move: Pain Split\n|\n|-heal|p1a: Spiritomb|80/234|[from] item: Leftovers\n|upkeep\n|turn|26\n|\n|t:|1782819241\n|switch|p2a: Meowscarada|Meowscarada, L78, M|247/247\n|move|p1a: Spiritomb|Foul Play|p2a: Meowscarada\n|-resisted|p2a: Meowscarada\n|-damage|p2a: Meowscarada|181/247\n|\n|-heal|p1a: Spiritomb|94/234|[from] item: Leftovers\n|upkeep\n|turn|27\n|\n|t:|1782819245\n|move|p2a: Meowscarada|Knock Off|p1a: Spiritomb\n|-start|p2a: Meowscarada|typechange|Dark|[from] ability: Protean\n|-damage|p1a: Spiritomb|0 fnt\n|-enditem|p1a: Spiritomb|Leftovers|[from] move: Knock Off|[of] p2a: Meowscarada\n|faint|p1a: Spiritomb\n|\n|upkeep\n|\n|t:|1782819247\n|switch|p1a: Solgaleo|Solgaleo, L74|224/325\n|-damage|p1a: Solgaleo|204/325|[from] Stealth Rock\n|-damage|p1a: Solgaleo|123/325|[from] Spikes\n|turn|28\n|\n|t:|1782819252\n|switch|p2a: Dedenne|Dedenne, L88, M|66/261\n|move|p1a: Solgaleo|Flame Charge|p2a: Dedenne\n|-damage|p2a: Dedenne|15/261\n|-boost|p1a: Solgaleo|spe|1\n|\n|upkeep\n|turn|29\n|\n|t:|1782819256\n|move|p1a: Solgaleo|Flame Charge|p2a: Dedenne\n|-damage|p2a: Dedenne|0 fnt\n|-boost|p1a: Solgaleo|spe|1\n|faint|p2a: Dedenne\n|\n|upkeep\n|\n|t:|1782819259\n|switch|p2a: Skeledirge|Skeledirge, L79, M|278/294\n|turn|30\n|\n|t:|1782819265\n|move|p1a: Solgaleo|Psychic|p2a: Skeledirge\n|-damage|p2a: Skeledirge|178/294\n|move|p2a: Skeledirge|Flame Charge|p1a: Solgaleo\n|-supereffective|p1a: Solgaleo\n|-damage|p1a: Solgaleo|43/325\n|-boost|p2a: Skeledirge|spe|1\n|-enditem|p1a: Solgaleo|Weakness Policy\n|-boost|p1a: Solgaleo|atk|2|[from] item: Weakness Policy\n|-boost|p1a: Solgaleo|spa|2|[from] item: Weakness Policy\n|\n|upkeep\n|turn|31\n|\n|t:|1782819268\n|move|p1a: Solgaleo|Psychic|p2a: Skeledirge\n|-damage|p2a: Skeledirge|78/294\n|move|p2a: Skeledirge|Slack Off|p2a: Skeledirge\n|-heal|p2a: Skeledirge|225/294\n|\n|upkeep\n|turn|32\n|\n|t:|1782819271\n|move|p1a: Solgaleo|Psychic|p2a: Skeledirge\n|-crit|p2a: Skeledirge\n|-damage|p2a: Skeledirge|66/294\n|move|p2a: Skeledirge|Flame Charge|p1a: Solgaleo\n|-supereffective|p1a: Solgaleo\n|-damage|p1a: Solgaleo|0 fnt\n|-boost|p2a: Skeledirge|spe|1\n|faint|p1a: Solgaleo\n|\n|win|DinkleBerg>D\n", "inputlog": ">version f8ac14003a5f27e1bdc8d8c59608a773c1cb96e5\n>start {\"formatid\":\"gen9randombattle\",\"seed\":\"sodium,aeecb847c5cdeb817432afc6298e3439\",\"rated\":\"Rated battle\"}\n>player p1 {\"name\":\"kiba12\",\"avatar\":\"101\",\"rating\":1913,\"seed\":\"sodium,8f45cc6684cb9109f29054c4093c1f1f\"}\n>player p2 {\"name\":\"DinkleBerg>D\",\"avatar\":\"102\",\"rating\":1918,\"seed\":\"sodium,de7d61c31fe811288c2fc98920fa6f12\"}\n>p1 move darkpulse\n>p2 switch 2\n>p1 move sludgebomb\n>p2 move nuzzle\n>p1 move fireblast\n>p2 switch 2\n>p1 move darkpulse\n>p2 move earthpower\n>p1 move darkpulse\n>p2 move stealthrock\n>p2 switch 2\n>p1 move sludgebomb\n>p2 move thunderbolt\n>p1 switch 4\n>p1 move hypervoice\n>p2 move nuzzle\n>p1 move hypervoice\n>p2 switch 3\n>p1 move wish\n>p2 move flamecharge\n>p1 move wish\n>p2 move slackoff\n>p1 switch 2\n>p2 move flamecharge\n>p1 move poltergeist\n>p2 switch 5\n>p1 switch 2\n>p2 move spikes\n>p1 move hypervoice\n>p2 move spikes\n>p1 move hypervoice\n>p2 move spikes\n>p1 move hypervoice\n>p2 move ironhead\n>p2 switch 6\n>p1 move hypervoice\n>p2 move flowertrick\n>p1 switch 3\n>p1 move flamecharge\n>p2 switch 5\n>p1 switch 2\n>p2 move flamecharge\n>p1 move painsplit\n>p2 switch 3\n>p1 switch 5\n>p2 move dazzlinggleam\n>p1 move flashcannon\n>p2 move dazzlinggleam\n>p1 switch 6\n>p1 move gravapple\n>p2 move dazzlinggleam\n>p1 switch 5\n>p1 move painsplit terastallize\n>p2 move dazzlinggleam\n>p1 move painsplit\n>p2 move thunderbolt\n>p1 move foulplay\n>p2 switch 5\n>p1 move painsplit\n>p2 move knockoff\n>p1 switch 2\n>p1 move flamecharge\n>p2 switch 5\n>p1 move flamecharge\n>p2 move nuzzle\n>p2 switch 3\n>p1 move psychic\n>p2 move flamecharge\n>p1 move psychic\n>p2 move slackoff\n>p1 move psychic\n>p2 move flamecharge", "uploadtime": 1782818986, "views": 3, "formatid": "gen9randombattle", "rating": null, "private": 0, "password": null, "player_dets": [{"name": "kiba12", "avatar": "101", "rating": 1913, "seed": "sodium,8f45cc6684cb9109f29054c4093c1f1f"}, {"name": "DinkleBerg>D", "avatar": "102", "rating": 1918, "seed": "sodium,de7d61c31fe811288c2fc98920fa6f12"}], "teams_full": [{"Houndoom": {"name": "Houndoom", "species": "Houndoom", "speciesId": "houndoom", "gender": "M", "shiny": false, "level": 87, "moves": ["sludgebomb", "fireblast", "nastyplot", "darkpulse"], "ability": "Flash Fire", "evs": {"hp": 85, "atk": 0, "def": 85, "spa": 85, "spd": 85, "spe": 85}, "ivs": {"hp": 31, "atk": 0, "def": 31, "spa": 31, "spd": 31, "spe": 31}, "item": "Heavy-Duty Boots", "teraType": "Dark", "role": "Fast Attacker", "bvs": {"hp": 75, "atk": 90, "def": 50, "spa": 110, "spd": 80, "spe": 95}, "stats": {"hp": 272, "atk": 161, "def": 137, "spa": 241, "spd": 189, "spe": 215}, "types": ["Dark", "Fire"]}, "Spiritomb": {"name": "Spiritomb", "species": "Spiritomb", "speciesId": "spiritomb", "gender": "F", "shiny": false, "level": 89, "moves": ["suckerpunch", "foulplay", "poltergeist", "painsplit"], "ability": "Infiltrator", "evs": {"hp": 85, "atk": 85, "def": 85, "spa": 85, "spd": 85, "spe": 85}, "ivs": {"hp": 31, "atk": 31, "def": 31, "spa": 31, "spd": 31, "spe": 31}, "item": "Leftovers", "teraType": "Steel", "role": "Bulky Support", "bvs": {"hp": 50, "atk": 92, "def": 108, "spa": 92, "spd": 108, "spe": 35}, "stats": {"hp": 234, "atk": 215, "def": 243, "spa": 215, "spd": 243, "spe": 113}, "types": ["Ghost", "Dark"]}, "Solgaleo": {"name": "Solgaleo", "species": "Solgaleo", "speciesId": "solgaleo", "gender": "N", "shiny": false, "level": 74, "moves": ["sunsteelstrike", "closecombat", "psychic", "flamecharge"], "ability": "Full Metal Body", "evs": {"hp": 85, "atk": 85, "def": 85, "spa": 85, "spd": 85, "spe": 85}, "ivs": {"hp": 31, "atk": 31, "def": 31, "spa": 31, "spd": 31, "spe": 31}, "item": "Weakness Policy", "teraType": "Fighting", "role": "Bulky Setup", "bvs": {"hp": 137, "atk": 137, "def": 107, "spa": 113, "spd": 89, "spe": 97}, "stats": {"hp": 325, "atk": 246, "def": 201, "spa": 210, "spd": 175, "spe": 187}, "types": ["Psychic", "Steel"]}, "Sylveon": {"name": "Sylveon", "species": "Sylveon", "speciesId": "sylveon", "gender": "M", "shiny": false, "level": 85, "moves": ["wish", "protect", "hypervoice", "calmmind"], "ability": "Pixilate", "evs": {"hp": 85, "atk": 0, "def": 85, "spa": 85, "spd": 85, "spe": 85}, "ivs": {"hp": 31, "atk": 0, "def": 31, "spa": 31, "spd": 31, "spe": 31}, "item": "Leftovers", "teraType": "Steel", "role": "Bulky Setup", "bvs": {"hp": 95, "atk": 65, "def": 65, "spa": 110, "spd": 130, "spe": 60}, "stats": {"hp": 300, "atk": 115, "def": 159, "spa": 236, "spd": 270, "spe": 151}, "types": ["Fairy"]}, "Duraludon": {"name": "Duraludon", "species": "Duraludon", "speciesId": "duraludon", "gender": "F", "shiny": false, "level": 82, "moves": ["flashcannon", "dracometeor", "dragontail", "bodypress"], "ability": "Light Metal", "evs": {"hp": 85, "atk": 85, "def": 85, "spa": 85, "spd": 85, "spe": 85}, "ivs": {"hp": 31, "atk": 31, "def": 31, "spa": 31, "spd": 31, "spe": 31}, "item": "Eviolite", "teraType": "Fighting", "role": "Bulky Attacker", "bvs": {"hp": 70, "atk": 95, "def": 115, "spa": 120, "spd": 50, "spe": 85}, "stats": {"hp": 249, "atk": 203, "def": 236, "spa": 244, "spd": 129, "spe": 187}, "types": ["Steel", "Dragon"]}, "Flapple": {"name": "Flapple", "species": "Flapple", "speciesId": "flapple", "gender": "M", "shiny": false, "level": 88, "moves": ["terablast", "outrage", "dragondance", "gravapple"], "ability": "Hustle", "evs": {"hp": 85, "atk": 85, "def": 85, "spa": 85, "spd": 85, "spe": 85}, "ivs": {"hp": 31, "atk": 31, "def": 31, "spa": 31, "spd": 31, "spe": 31}, "item": "Wide Lens", "teraType": "Fire", "role": "Tera Blast user", "bvs": {"hp": 70, "atk": 110, "def": 80, "spa": 95, "spd": 60, "spe": 70}, "stats": {"hp": 266, "atk": 244, "def": 191, "spa": 217, "spd": 156, "spe": 173}, "types": ["Grass", "Dragon"]}}, {"Palossand": {"name": "Palossand", "species": "Palossand", "speciesId": "palossand", "gender": "M", "shiny": false, "level": 89, "moves": ["earthpower", "shadowball", "shoreup", "stealthrock"], "ability": "Water Compaction", "evs": {"hp": 85, "atk": 0, "def": 85, "spa": 85, "spd": 85, "spe": 85}, "ivs": {"hp": 31, "atk": 0, "def": 31, "spa": 31, "spd": 31, "spe": 31}, "item": "Leftovers", "teraType": "Poison", "role": "Bulky Support", "bvs": {"hp": 85, "atk": 75, "def": 110, "spa": 100, "spd": 75, "spe": 35}, "stats": {"hp": 296, "atk": 138, "def": 247, "spa": 229, "spd": 184, "spe": 113}, "types": ["Ghost", "Ground"]}, "Dedenne": {"name": "Dedenne", "species": "Dedenne", "speciesId": "dedenne", "gender": "M", "shiny": false, "level": 88, "moves": ["thunderbolt", "nuzzle", "dazzlinggleam", "superfang"], "ability": "Cheek Pouch", "evs": {"hp": 85, "atk": 85, "def": 85, "spa": 85, "spd": 85, "spe": 85}, "ivs": {"hp": 31, "atk": 31, "def": 31, "spa": 31, "spd": 31, "spe": 31}, "item": "Sitrus Berry", "teraType": "Flying", "role": "Fast Support", "bvs": {"hp": 67, "atk": 58, "def": 57, "spa": 81, "spd": 67, "spe": 101}, "stats": {"hp": 261, "atk": 152, "def": 151, "spa": 193, "spd": 168, "spe": 228}, "types": ["Electric", "Fairy"]}, "Skeledirge": {"name": "Skeledirge", "species": "Skeledirge", "speciesId": "skeledirge", "gender": "M", "shiny": false, "level": 79, "moves": ["shadowball", "torchsong", "flamecharge", "slackoff"], "ability": "Unaware", "evs": {"hp": 85, "atk": 85, "def": 85, "spa": 85, "spd": 85, "spe": 85}, "ivs": {"hp": 31, "atk": 31, "def": 31, "spa": 31, "spd": 31, "spe": 31}, "item": "Heavy-Duty Boots", "teraType": "Water", "role": "Bulky Attacker", "bvs": {"hp": 104, "atk": 75, "def": 100, "spa": 110, "spd": 75, "spe": 66}, "stats": {"hp": 294, "atk": 164, "def": 204, "spa": 219, "spd": 164, "spe": 150}, "types": ["Fire", "Ghost"]}, "Deoxys": {"name": "Deoxys", "species": "Deoxys-Attack", "speciesId": "deoxysattack", "gender": "N", "shiny": false, "level": 72, "moves": ["psychoboost", "knockoff", "superpower", "icebeam"], "ability": "Pressure", "evs": {"hp": 85, "atk": 85, "def": 85, "spa": 85, "spd": 85, "spe": 85}, "ivs": {"hp": 31, "atk": 31, "def": 31, "spa": 31, "spd": 31, "spe": 31}, "item": "Life Orb", "teraType": "Fighting", "role": "Wallbreaker", "bvs": {"hp": 50, "atk": 180, "def": 20, "spa": 180, "spd": 20, "spe": 150}, "stats": {"hp": 191, "atk": 301, "def": 71, "spa": 301, "spd": 71, "spe": 258}, "types": ["Psychic"]}, "Forretress": {"name": "Forretress", "species": "Forretress", "speciesId": "forretress", "gender": "F", "shiny": false, "level": 84, "moves": ["ironhead", "bodypress", "spikes", "rapidspin"], "ability": "Sturdy", "evs": {"hp": 85, "atk": 85, "def": 85, "spa": 85, "spd": 85, "spe": 85}, "ivs": {"hp": 31, "atk": 31, "def": 31, "spa": 31, "spd": 31, "spe": 31}, "item": "Leftovers", "teraType": "Water", "role": "Bulky Attacker", "bvs": {"hp": 75, "atk": 90, "def": 140, "spa": 60, "spd": 60, "spe": 40}, "stats": {"hp": 263, "atk": 199, "def": 283, "spa": 149, "spd": 149, "spe": 115}, "types": ["Bug", "Steel"]}, "Meowscarada": {"name": "Meowscarada", "species": "Meowscarada", "speciesId": "meowscarada", "gender": "M", "shiny": false, "level": 78, "moves": ["knockoff", "flowertrick", "uturn", "tripleaxel"], "ability": "Protean", "evs": {"hp": 85, "atk": 85, "def": 85, "spa": 85, "spd": 85, "spe": 85}, "ivs": {"hp": 31, "atk": 31, "def": 31, "spa": 31, "spd": 31, "spe": 31}, "item": "Choice Band", "teraType": "Dark", "role": "Fast Support", "bvs": {"hp": 76, "atk": 110, "def": 70, "spa": 81, "spd": 70, "spe": 123}, "stats": {"hp": 247, "atk": 217, "def": 154, "spa": 171, "spd": 154, "spe": 237}, "types": ["Grass", "Dark"]}}]}