{"id": "gen9randombattle-2641747273", "format": "[Gen 9] Random Battle", "players": ["Karnisbroken", "Apple_Airpod5"], "log": "|j|\u2606Karnisbroken\n|j|\u2606Apple_Airpod5\n|t:|1782837121\n|gametype|singles\n|player|p1|Karnisbroken|101|1985\n|player|p2|Apple_Airpod5|ingo|1984\n|gen|9\n|tier|[Gen 9] Random Battle\n|rated|\n|rule|Species Clause: Limit one of each Pok\u00e9mon\n|rule|HP Percentage Mod: HP is shown in percentages\n|rule|Sleep Clause Mod: Limit one foe put to sleep\n|rule|Illusion Level Mod: Illusion disguises the Pok\u00e9mon's true level\n|\n|t:|1782837121\n|teamsize|p1|6\n|teamsize|p2|6\n|start\n|switch|p1a: Porygon-Z|Porygon-Z, L83|277/277\n|switch|p2a: Cinccino|Cinccino, L83, F|260/260\n|turn|1\n|inactive|Battle timer is ON: inactive players will automatically lose when time's up. (requested by Apple_Airpod5)\n|\n|t:|1782837129\n|switch|p1a: Hippowdon|Hippowdon, L82, M|311/311\n|-weather|Sandstorm|[from] ability: Sand Stream|[of] p1a: Hippowdon\n|move|p2a: Cinccino|U-turn|p1a: Hippowdon\n|-damage|p1a: Hippowdon|273/311\n|-damage|p2a: Cinccino|217/260|[from] item: Rocky Helmet|[of] p1a: Hippowdon\n|\n|t:|1782837142\n|switch|p2a: Virizion|Virizion, L82|283/283|[from] U-turn\n|\n|-weather|Sandstorm|[upkeep]\n|-damage|p2a: Virizion|266/283|[from] Sandstorm\n|upkeep\n|turn|2\n|\n|t:|1782837159\n|move|p2a: Virizion|Swords Dance|p2a: Virizion\n|-boost|p2a: Virizion|atk|2\n|move|p1a: Hippowdon|Whirlwind|p2a: Virizion\n|drag|p2a: Scovillain|Scovillain, L91, M|266/266\n|\n|-weather|Sandstorm|[upkeep]\n|-damage|p2a: Scovillain|250/266|[from] Sandstorm\n|upkeep\n|turn|3\n|\n|t:|1782837170\n|move|p2a: Scovillain|Sunny Day|p2a: Scovillain\n|-weather|SunnyDay\n|move|p1a: Hippowdon|Stone Edge|p2a: Scovillain|[miss]\n|-miss|p1a: Hippowdon|p2a: Scovillain\n|\n|-weather|SunnyDay|[upkeep]\n|upkeep\n|turn|4\n|\n|t:|1782837175\n|switch|p1a: Heatran|Heatran, L79, F|273/273\n|-item|p1a: Heatran|Air Balloon\n|move|p2a: Scovillain|Energy Ball|p1a: Heatran\n|-resisted|p1a: Heatran\n|-damage|p1a: Heatran|246/273\n|-enditem|p1a: Heatran|Air Balloon\n|\n|-weather|SunnyDay|[upkeep]\n|upkeep\n|turn|5\n|\n|t:|1782837182\n|switch|p1a: Hippowdon|Hippowdon, L82, M|273/311\n|-weather|Sandstorm|[from] ability: Sand Stream|[of] p1a: Hippowdon\n|move|p2a: Scovillain|Stomping Tantrum|p1a: Hippowdon\n|-damage|p1a: Hippowdon|215/311\n|-damage|p2a: Scovillain|206/266|[from] item: Rocky Helmet|[of] p1a: Hippowdon\n|\n|-weather|Sandstorm|[upkeep]\n|-damage|p2a: Scovillain|190/266|[from] Sandstorm\n|upkeep\n|turn|6\n|\n|t:|1782837190\n|switch|p2a: Virizion|Virizion, L82|266/283\n|move|p1a: Hippowdon|Stone Edge|p2a: Virizion\n|-resisted|p2a: Virizion\n|-damage|p2a: Virizion|223/283\n|\n|-weather|Sandstorm|[upkeep]\n|-damage|p2a: Virizion|206/283|[from] Sandstorm\n|upkeep\n|turn|7\n|\n|t:|1782837198\n|switch|p1a: Enamorus|Enamorus-Therian, L83, F|259/259\n|move|p2a: Virizion|Leaf Blade|p1a: Enamorus\n|-resisted|p1a: Enamorus\n|-damage|p1a: Enamorus|210/259\n|-damage|p2a: Virizion|178/283|[from] item: Life Orb\n|\n|-weather|Sandstorm|[upkeep]\n|-damage|p2a: Virizion|161/283|[from] Sandstorm\n|upkeep\n|turn|8\n|\n|t:|1782837209\n|move|p2a: Virizion|Stone Edge|p1a: Enamorus\n|-supereffective|p1a: Enamorus\n|-damage|p1a: Enamorus|77/259\n|-enditem|p1a: Enamorus|Weakness Policy\n|-boost|p1a: Enamorus|atk|2|[from] item: Weakness Policy\n|-boost|p1a: Enamorus|spa|2|[from] item: Weakness Policy\n|-damage|p2a: Virizion|133/283|[from] item: Life Orb\n|move|p1a: Enamorus|Agility|p1a: Enamorus\n|-boost|p1a: Enamorus|spe|2\n|\n|-weather|Sandstorm|[upkeep]\n|-damage|p2a: Virizion|116/283|[from] Sandstorm\n|upkeep\n|turn|9\n|\n|t:|1782837216\n|move|p1a: Enamorus|Moonblast|p2a: Virizion\n|-supereffective|p2a: Virizion\n|-damage|p2a: Virizion|0 fnt\n|faint|p2a: Virizion\n|\n|-weather|none\n|upkeep\n|\n|t:|1782837220\n|switch|p2a: Noctowl|Noctowl, L95, M|344/344\n|turn|10\n|\n|t:|1782837225\n|move|p1a: Enamorus|Moonblast|p2a: Noctowl\n|-damage|p2a: Noctowl|112/344\n|move|p2a: Noctowl|Hyper Voice|p1a: Enamorus\n|-damage|p1a: Enamorus|0 fnt\n|faint|p1a: Enamorus\n|\n|upkeep\n|\n|t:|1782837230\n|switch|p1a: Galvantula|Galvantula, L82, F|249/249\n|turn|11\n|\n|t:|1782837257\n|move|p1a: Galvantula|Sticky Web|p2a: Noctowl\n|-sidestart|p2: Apple_Airpod5|move: Sticky Web\n|move|p2a: Noctowl|Roost|p2a: Noctowl\n|-heal|p2a: Noctowl|284/344\n|-singleturn|p2a: Noctowl|move: Roost\n|\n|upkeep\n|turn|12\n|\n|t:|1782837268\n|-terastallize|p2a: Noctowl|Ground\n|move|p1a: Galvantula|Thunder|p2a: Noctowl\n|-immune|p2a: Noctowl\n|move|p2a: Noctowl|Calm Mind|p2a: Noctowl\n|-boost|p2a: Noctowl|spa|1\n|-boost|p2a: Noctowl|spd|1\n|\n|upkeep\n|turn|13\n|\n|t:|1782837277\n|move|p1a: Galvantula|Energy Ball|p2a: Noctowl\n|-supereffective|p2a: Noctowl\n|-damage|p2a: Noctowl|216/344\n|-unboost|p2a: Noctowl|spd|1\n|move|p2a: Noctowl|Calm Mind|p2a: Noctowl\n|-boost|p2a: Noctowl|spa|1\n|-boost|p2a: Noctowl|spd|1\n|\n|upkeep\n|turn|14\n|\n|t:|1782837284\n|move|p1a: Galvantula|Energy Ball|p2a: Noctowl\n|-supereffective|p2a: Noctowl\n|-damage|p2a: Noctowl|154/344\n|move|p2a: Noctowl|Calm Mind|p2a: Noctowl\n|-boost|p2a: Noctowl|spa|1\n|-boost|p2a: Noctowl|spd|1\n|\n|upkeep\n|turn|15\n|\n|t:|1782837291\n|move|p1a: Galvantula|Energy Ball|p2a: Noctowl\n|-supereffective|p2a: Noctowl\n|-damage|p2a: Noctowl|102/344\n|move|p2a: Noctowl|Roost|p2a: Noctowl\n|-heal|p2a: Noctowl|274/344\n|\n|upkeep\n|turn|16\n|\n|t:|1782837298\n|move|p1a: Galvantula|Energy Ball|p2a: Noctowl\n|-supereffective|p2a: Noctowl\n|-damage|p2a: Noctowl|224/344\n|move|p2a: Noctowl|Calm Mind|p2a: Noctowl\n|-boost|p2a: Noctowl|spa|1\n|-boost|p2a: Noctowl|spd|1\n|\n|upkeep\n|turn|17\n|\n|t:|1782837301\n|move|p1a: Galvantula|Energy Ball|p2a: Noctowl\n|-supereffective|p2a: Noctowl\n|-damage|p2a: Noctowl|178/344\n|move|p2a: Noctowl|Calm Mind|p2a: Noctowl\n|-boost|p2a: Noctowl|spa|1\n|-boost|p2a: Noctowl|spd|1\n|\n|upkeep\n|turn|18\n|\n|t:|1782837306\n|move|p1a: Galvantula|Energy Ball|p2a: Noctowl\n|-supereffective|p2a: Noctowl\n|-damage|p2a: Noctowl|142/344\n|move|p2a: Noctowl|Roost|p2a: Noctowl\n|-heal|p2a: Noctowl|314/344\n|\n|upkeep\n|turn|19\n|\n|t:|1782837309\n|move|p1a: Galvantula|Energy Ball|p2a: Noctowl\n|-supereffective|p2a: Noctowl\n|-damage|p2a: Noctowl|278/344\n|move|p2a: Noctowl|Calm Mind|p2a: Noctowl\n|-boost|p2a: Noctowl|spa|1\n|-boost|p2a: Noctowl|spd|1\n|\n|upkeep\n|turn|20\n|\n|t:|1782837312\n|move|p1a: Galvantula|Energy Ball|p2a: Noctowl\n|-supereffective|p2a: Noctowl\n|-damage|p2a: Noctowl|246/344\n|move|p2a: Noctowl|Calm Mind|p2a: Noctowl\n|-boost|p2a: Noctowl|spa|0\n|-boost|p2a: Noctowl|spd|1\n|\n|upkeep\n|turn|21\n|\n|t:|1782837315\n|move|p1a: Galvantula|Energy Ball|p2a: Noctowl\n|-supereffective|p2a: Noctowl\n|-damage|p2a: Noctowl|220/344\n|move|p2a: Noctowl|Roost|p2a: Noctowl\n|-heal|p2a: Noctowl|344/344\n|\n|upkeep\n|turn|22\n|\n|t:|1782837320\n|move|p1a: Galvantula|Energy Ball|p2a: Noctowl\n|-supereffective|p2a: Noctowl\n|-damage|p2a: Noctowl|316/344\n|move|p2a: Noctowl|Hyper Voice|p1a: Galvantula\n|-damage|p1a: Galvantula|0 fnt\n|faint|p1a: Galvantula\n|\n|upkeep\n|\n|t:|1782837323\n|switch|p1a: Roaring Moon|Roaring Moon, L72|270/270\n|turn|23\n|\n|t:|1782837333\n|move|p1a: Roaring Moon|Outrage|p2a: Noctowl\n|-damage|p2a: Noctowl|157/344\n|move|p2a: Noctowl|Hyper Voice|p1a: Roaring Moon\n|-damage|p1a: Roaring Moon|0 fnt\n|faint|p1a: Roaring Moon\n|-end|p1a: Roaring Moon|Protosynthesis|[silent]\n|\n|upkeep\n|\n|t:|1782837336\n|switch|p1a: Hippowdon|Hippowdon, L82, M|215/311\n|-weather|Sandstorm|[from] ability: Sand Stream|[of] p1a: Hippowdon\n|turn|24\n|\n|t:|1782837339\n|move|p2a: Noctowl|Hyper Voice|p1a: Hippowdon\n|-damage|p1a: Hippowdon|0 fnt\n|faint|p1a: Hippowdon\n|\n|-weather|Sandstorm|[upkeep]\n|upkeep\n|-message|Karnisbroken forfeited.\n|\n|win|Apple_Airpod5\n|raw|Karnisbroken's rating: 1985 &rarr; <strong>1965</strong><br />(-20 for losing)\n|raw|Apple_Airpod5's rating: 1984 &rarr; <strong>2004</strong><br />(+20 for winning)\n", "inputlog": ">version f8ac14003a5f27e1bdc8d8c59608a773c1cb96e5\n>start {\"formatid\":\"gen9randombattle\",\"seed\":\"sodium,1d3b286c43fae10eaba13ada550eb005\",\"rated\":\"Rated battle\"}\n>player p1 {\"name\":\"Karnisbroken\",\"avatar\":\"101\",\"rating\":1985,\"seed\":\"sodium,9265472dd84771c65deb43be82fcce49\"}\n>player p2 {\"name\":\"Apple_Airpod5\",\"avatar\":\"ingo\",\"rating\":1984,\"seed\":\"sodium,545d61fb91411029b6f9ef079ba6a0fe\"}\n>p1 switch 4\n>p2 move uturn\n>p2 switch 6\n>p1 move whirlwind\n>p2 move swordsdance\n>p1 move stoneedge\n>p2 move sunnyday\n>p1 switch 6\n>p2 move energyball\n>p1 switch 6\n>p2 move stompingtantrum\n>p1 move stoneedge\n>p2 switch 5\n>p1 switch 5\n>p2 move leafblade\n>p1 move agility\n>p2 move stoneedge\n>p1 move moonblast\n>p2 move stoneedge\n>p2 switch 2\n>p1 move moonblast\n>p2 move hypervoice\n>p1 switch 3\n>p1 move stickyweb\n>p2 move roost\n>p1 move thunder\n>p2 move calmmind terastallize\n>p1 move energyball\n>p2 move calmmind\n>p1 move energyball\n>p2 move calmmind\n>p1 move energyball\n>p2 move roost\n>p1 move energyball\n>p2 move calmmind\n>p1 move energyball\n>p2 move calmmind\n>p1 move energyball\n>p2 move roost\n>p1 move energyball\n>p2 move calmmind\n>p1 move energyball\n>p2 move calmmind\n>p1 move energyball\n>p2 move roost\n>p1 move energyball\n>p2 move hypervoice\n>p1 switch 2\n>p1 move outrage\n>p2 move hypervoice\n>p1 switch 5\n>p1 move whirlwind\n>p2 move hypervoice\n>forcelose p1", "uploadtime": 1782837124, "views": 5, "formatid": "gen9randombattle", "rating": 1965, "private": 0, "password": null, "player_dets": [{"name": "Karnisbroken", "avatar": "101", "rating": 1985, "seed": "sodium,9265472dd84771c65deb43be82fcce49"}, {"name": "Apple_Airpod5", "avatar": "ingo", "rating": 1984, "seed": "sodium,545d61fb91411029b6f9ef079ba6a0fe"}], "teams_full": [{"Porygon-Z": {"name": "Porygon-Z", "species": "Porygon-Z", "speciesId": "porygonz", "gender": "N", "shiny": false, "level": 83, "moves": ["shadowball", "agility", "terablast", "nastyplot"], "ability": "Adaptability", "evs": {"hp": 85, "atk": 0, "def": 85, "spa": 85, "spd": 85, "spe": 85}, "ivs": {"hp": 31, "atk": 0, "def": 31, "spa": 31, "spd": 31, "spe": 31}, "item": "Life Orb", "teraType": "Fighting", "role": "Tera Blast user", "bvs": {"hp": 85, "atk": 80, "def": 70, "spa": 135, "spd": 75, "spe": 90}, "stats": {"hp": 277, "atk": 137, "def": 164, "spa": 272, "spd": 172, "spe": 197}, "types": ["Normal"]}, "Roaring Moon": {"name": "Roaring Moon", "species": "Roaring Moon", "speciesId": "roaringmoon", "gender": "N", "shiny": false, "level": 72, "moves": ["ironhead", "knockoff", "outrage", "dragondance"], "ability": "Protosynthesis", "evs": {"hp": 85, "atk": 85, "def": 85, "spa": 85, "spd": 85, "spe": 85}, "ivs": {"hp": 31, "atk": 31, "def": 31, "spa": 31, "spd": 31, "spe": 31}, "item": "Lum Berry", "teraType": "Steel", "role": "Setup Sweeper", "bvs": {"hp": 105, "atk": 139, "def": 71, "spa": 55, "spd": 101, "spe": 119}, "stats": {"hp": 270, "atk": 242, "def": 144, "spa": 121, "spd": 187, "spe": 213}, "types": ["Dragon", "Dark"]}, "Galvantula": {"name": "Galvantula", "species": "Galvantula", "speciesId": "galvantula", "gender": "F", "shiny": false, "level": 82, "moves": ["energyball", "thunder", "stickyweb", "bugbuzz"], "ability": "Compound Eyes", "evs": {"hp": 85, "atk": 0, "def": 85, "spa": 85, "spd": 85, "spe": 85}, "ivs": {"hp": 31, "atk": 0, "def": 31, "spa": 31, "spd": 31, "spe": 31}, "item": "Heavy-Duty Boots", "teraType": "Electric", "role": "Fast Support", "bvs": {"hp": 70, "atk": 77, "def": 60, "spa": 97, "spd": 60, "spe": 108}, "stats": {"hp": 249, "atk": 131, "def": 146, "spa": 206, "spd": 146, "spe": 224}, "types": ["Bug", "Electric"]}, "Hippowdon": {"name": "Hippowdon", "species": "Hippowdon", "speciesId": "hippowdon", "gender": "M", "shiny": false, "level": 82, "moves": ["whirlwind", "earthquake", "slackoff", "stoneedge"], "ability": "Sand Stream", "evs": {"hp": 85, "atk": 85, "def": 85, "spa": 85, "spd": 85, "spe": 85}, "ivs": {"hp": 31, "atk": 31, "def": 31, "spa": 31, "spd": 31, "spe": 31}, "item": "Rocky Helmet", "teraType": "Rock", "role": "Bulky Support", "bvs": {"hp": 108, "atk": 112, "def": 118, "spa": 68, "spd": 72, "spe": 47}, "stats": {"hp": 311, "atk": 231, "def": 241, "spa": 159, "spd": 165, "spe": 124}, "types": ["Ground"]}, "Enamorus": {"name": "Enamorus", "species": "Enamorus-Therian", "speciesId": "enamorustherian", "gender": "F", "shiny": false, "level": 83, "moves": ["agility", "earthpower", "mysticalfire", "moonblast"], "ability": "Overcoat", "evs": {"hp": 85, "atk": 0, "def": 85, "spa": 85, "spd": 85, "spe": 85}, "ivs": {"hp": 31, "atk": 0, "def": 31, "spa": 31, "spd": 31, "spe": 31}, "item": "Weakness Policy", "teraType": "Ground", "role": "Bulky Setup", "bvs": {"hp": 74, "atk": 115, "def": 110, "spa": 135, "spd": 100, "spe": 46}, "stats": {"hp": 259, "atk": 195, "def": 230, "spa": 272, "spd": 214, "spe": 124}, "types": ["Fairy", "Flying"]}, "Heatran": {"name": "Heatran", "species": "Heatran", "speciesId": "heatran", "gender": "F", "shiny": false, "level": 79, "moves": ["heavyslam", "stealthrock", "earthpower", "magmastorm"], "ability": "Flash Fire", "evs": {"hp": 85, "atk": 85, "def": 85, "spa": 85, "spd": 85, "spe": 85}, "ivs": {"hp": 31, "atk": 31, "def": 31, "spa": 31, "spd": 31, "spe": 31}, "item": "Air Balloon", "teraType": "Grass", "role": "Bulky Support", "bvs": {"hp": 91, "atk": 90, "def": 106, "spa": 130, "spd": 106, "spe": 77}, "stats": {"hp": 273, "atk": 188, "def": 213, "spa": 251, "spd": 213, "spe": 167}, "types": ["Fire", "Steel"]}}, {"Cinccino": {"name": "Cinccino", "species": "Cinccino", "speciesId": "cinccino", "gender": "F", "shiny": false, "level": 83, "moves": ["bulletseed", "uturn", "tailslap", "tripleaxel"], "ability": "Technician", "evs": {"hp": 85, "atk": 85, "def": 85, "spa": 85, "spd": 85, "spe": 85}, "ivs": {"hp": 31, "atk": 31, "def": 31, "spa": 31, "spd": 31, "spe": 31}, "item": "Loaded Dice", "teraType": "Grass", "role": "Fast Attacker", "bvs": {"hp": 75, "atk": 95, "def": 60, "spa": 65, "spd": 60, "spe": 115}, "stats": {"hp": 260, "atk": 205, "def": 147, "spa": 156, "spd": 147, "spe": 239}, "types": ["Normal"]}, "Noctowl": {"name": "Noctowl", "species": "Noctowl", "speciesId": "noctowl", "gender": "M", "shiny": false, "level": 95, "moves": ["hypervoice", "hurricane", "calmmind", "roost"], "ability": "Tinted Lens", "evs": {"hp": 85, "atk": 0, "def": 85, "spa": 85, "spd": 85, "spe": 85}, "ivs": {"hp": 31, "atk": 0, "def": 31, "spa": 31, "spd": 31, "spe": 31}, "item": "Heavy-Duty Boots", "teraType": "Ground", "role": "Bulky Attacker", "bvs": {"hp": 100, "atk": 50, "def": 50, "spa": 86, "spd": 96, "spe": 70}, "stats": {"hp": 344, "atk": 100, "def": 149, "spa": 217, "spd": 236, "spe": 187}, "types": ["Normal", "Flying"]}, "Ampharos": {"name": "Ampharos", "species": "Ampharos", "speciesId": "ampharos", "gender": "F", "shiny": false, "level": 88, "moves": ["focusblast", "dazzlinggleam", "thunderbolt", "voltswitch"], "ability": "Static", "evs": {"hp": 85, "atk": 0, "def": 85, "spa": 85, "spd": 85, "spe": 85}, "ivs": {"hp": 31, "atk": 0, "def": 31, "spa": 31, "spd": 31, "spe": 31}, "item": "Choice Specs", "teraType": "Electric", "role": "Wallbreaker", "bvs": {"hp": 90, "atk": 75, "def": 85, "spa": 115, "spd": 90, "spe": 55}, "stats": {"hp": 302, "atk": 137, "def": 200, "spa": 253, "spd": 209, "spe": 147}, "types": ["Electric"]}, "Palkia": {"name": "Palkia", "species": "Palkia", "speciesId": "palkia", "gender": "N", "shiny": false, "level": 75, "moves": ["fireblast", "dracometeor", "spacialrend", "hydropump"], "ability": "Pressure", "evs": {"hp": 85, "atk": 0, "def": 85, "spa": 85, "spd": 85, "spe": 85}, "ivs": {"hp": 31, "atk": 0, "def": 31, "spa": 31, "spd": 31, "spe": 31}, "item": "Choice Scarf", "teraType": "Dragon", "role": "Fast Attacker", "bvs": {"hp": 90, "atk": 120, "def": 100, "spa": 150, "spd": 120, "spe": 100}, "stats": {"hp": 259, "atk": 185, "def": 194, "spa": 269, "spd": 224, "spe": 194}, "types": ["Water", "Dragon"]}, "Scovillain": {"name": "Scovillain", "species": "Scovillain", "speciesId": "scovillain", "gender": "M", "shiny": false, "level": 91, "moves": ["fireblast", "sunnyday", "stompingtantrum", "energyball"], "ability": "Chlorophyll", "evs": {"hp": 85, "atk": 85, "def": 85, "spa": 85, "spd": 85, "spe": 85}, "ivs": {"hp": 31, "atk": 31, "def": 31, "spa": 31, "spd": 31, "spe": 31}, "item": "Heavy-Duty Boots", "teraType": "Fire", "role": "Wallbreaker", "bvs": {"hp": 65, "atk": 108, "def": 65, "spa": 108, "spd": 65, "spe": 75}, "stats": {"hp": 266, "atk": 248, "def": 170, "spa": 248, "spd": 170, "spe": 188}, "types": ["Grass", "Fire"]}, "Virizion": {"name": "Virizion", "species": "Virizion", "speciesId": "virizion", "gender": "N", "shiny": false, "level": 82, "moves": ["swordsdance", "leafblade", "closecombat", "stoneedge"], "ability": "Justified", "evs": {"hp": 85, "atk": 85, "def": 85, "spa": 85, "spd": 85, "spe": 85}, "ivs": {"hp": 31, "atk": 31, "def": 31, "spa": 31, "spd": 31, "spe": 31}, "item": "Life Orb", "teraType": "Rock", "role": "Setup Sweeper", "bvs": {"hp": 91, "atk": 90, "def": 72, "spa": 90, "spd": 129, "spe": 108}, "stats": {"hp": 283, "atk": 195, "def": 165, "spa": 195, "spd": 259, "spe": 224}, "types": ["Grass", "Fighting"]}}]}