{"id": "gen9randombattle-2641574541", "format": "[Gen 9] Random Battle", "players": ["bakavelique", "daddyntheboy"], "log": "|j|\u2606bakavelique\n|j|\u2606daddyntheboy\n|t:|1782811144\n|gametype|singles\n|player|p1|bakavelique|2|2039\n|player|p2|daddyntheboy|pokefan-gen4|2011\n|gen|9\n|tier|[Gen 9] Random Battle\n|rated|\n|rule|Species Clause: Limit one of each Pok\u00e9mon\n|rule|HP Percentage Mod: HP is shown in percentages\n|rule|Sleep Clause Mod: Limit one foe put to sleep\n|rule|Illusion Level Mod: Illusion disguises the Pok\u00e9mon's true level\n|\n|t:|1782811144\n|teamsize|p1|6\n|teamsize|p2|6\n|start\n|switch|p1a: Emboar|Emboar, L84, M|322/322\n|switch|p2a: Meowstic|Meowstic, L89, M|277/277\n|turn|1\n|inactive|Battle timer is ON: inactive players will automatically lose when time's up. (requested by daddyntheboy)\n|\n|t:|1782811156\n|switch|p1a: Qwilfish|Qwilfish-Hisui, L83, M|244/244\n|-ability|p1a: Qwilfish|Intimidate|boost\n|-unboost|p2a: Meowstic|atk|1\n|move|p2a: Meowstic|Thunder Wave|p1a: Qwilfish\n|-hint|Since gen 7, Dark is immune to Prankster moves.\n|-immune|p1a: Qwilfish\n|\n|upkeep\n|turn|2\n|\n|t:|1782811172\n|switch|p2a: Blastoise|Blastoise, L80, F|258/258\n|move|p1a: Qwilfish|Toxic Spikes|p2a: Blastoise\n|-sidestart|p2: daddyntheboy|move: Toxic Spikes\n|\n|upkeep\n|turn|3\n|\n|t:|1782811177\n|move|p1a: Qwilfish|Taunt|p2a: Blastoise\n|-start|p2a: Blastoise|move: Taunt\n|cant|p2a: Blastoise|move: Taunt|Shell Smash\n|\n|upkeep\n|turn|4\n|\n|t:|1782811180\n|move|p1a: Qwilfish|Gunk Shot|p2a: Blastoise|[miss]\n|-miss|p1a: Qwilfish|p2a: Blastoise\n|move|p2a: Blastoise|Hydro Pump|p1a: Qwilfish\n|-damage|p1a: Qwilfish|148/244\n|\n|upkeep\n|turn|5\n|\n|t:|1782811189\n|switch|p1a: Brambleghast|Brambleghast, L88, F|240/240\n|move|p2a: Blastoise|Earthquake|p1a: Brambleghast\n|-resisted|p1a: Brambleghast\n|-damage|p1a: Brambleghast|206/240\n|\n|-heal|p1a: Brambleghast|221/240|[from] item: Leftovers\n|-end|p2a: Blastoise|move: Taunt\n|upkeep\n|turn|6\n|\n|t:|1782811201\n|move|p1a: Brambleghast|Substitute|p1a: Brambleghast\n|-start|p1a: Brambleghast|Substitute\n|-damage|p1a: Brambleghast|161/240\n|move|p2a: Blastoise|Shell Smash|p2a: Blastoise\n|-unboost|p2a: Blastoise|def|1\n|-unboost|p2a: Blastoise|spd|1\n|-boost|p2a: Blastoise|atk|2\n|-boost|p2a: Blastoise|spa|2\n|-boost|p2a: Blastoise|spe|2\n|-enditem|p2a: Blastoise|White Herb\n|-clearnegativeboost|p2a: Blastoise|[silent]\n|\n|-heal|p1a: Brambleghast|176/240|[from] item: Leftovers\n|upkeep\n|turn|7\n|\n|t:|1782811204\n|move|p2a: Blastoise|Ice Beam|p1a: Brambleghast\n|-supereffective|p1a: Brambleghast\n|-end|p1a: Brambleghast|Substitute\n|move|p1a: Brambleghast|Power Whip|p2a: Blastoise\n|-supereffective|p2a: Blastoise\n|-damage|p2a: Blastoise|0 fnt\n|faint|p2a: Blastoise\n|\n|-heal|p1a: Brambleghast|191/240|[from] item: Leftovers\n|upkeep\n|\n|t:|1782811213\n|switch|p2a: Mismagius|Mismagius, L86, M|243/243\n|turn|8\n|\n|t:|1782811216\n|switch|p1a: Persian|Persian-Alola, L86, M|252/252\n|move|p2a: Mismagius|Shadow Ball|p1a: Persian\n|-resisted|p1a: Persian\n|-damage|p1a: Persian|173/252\n|-damage|p2a: Mismagius|219/243|[from] item: Life Orb\n|\n|upkeep\n|turn|9\n|-message|daddyntheboy forfeited.\n|\n|win|bakavelique\n", "inputlog": ">version f8ac14003a5f27e1bdc8d8c59608a773c1cb96e5\n>start {\"formatid\":\"gen9randombattle\",\"seed\":\"sodium,401a7d893c79474f764ee05f3a64f266\",\"rated\":\"Rated battle\"}\n>player p1 {\"name\":\"bakavelique\",\"avatar\":\"2\",\"rating\":2039,\"seed\":\"sodium,812c73ef23181cbabce1b62c9cb9b6c0\"}\n>player p2 {\"name\":\"daddyntheboy\",\"avatar\":\"pokefan-gen4\",\"rating\":2011,\"seed\":\"sodium,0753ad05e2203ec8903111e5757010e9\"}\n>p1 switch 2\n>p2 move thunderwave\n>p1 move toxicspikes\n>p2 switch 3\n>p1 move taunt\n>p2 move shellsmash\n>p1 move gunkshot\n>p2 move hydropump\n>p1 switch 6\n>p2 move earthquake\n>p1 move substitute\n>p2 move shellsmash\n>p1 move powerwhip\n>p2 move icebeam\n>p2 switch 4\n>p1 switch 5\n>p2 move shadowball\n>forcelose p2", "uploadtime": 1782811145, "views": 3, "formatid": "gen9randombattle", "rating": null, "private": 0, "password": null, "player_dets": [{"name": "bakavelique", "avatar": "2", "rating": 2039, "seed": "sodium,812c73ef23181cbabce1b62c9cb9b6c0"}, {"name": "daddyntheboy", "avatar": "pokefan-gen4", "rating": 2011, "seed": "sodium,0753ad05e2203ec8903111e5757010e9"}], "teams_full": [{"Emboar": {"name": "Emboar", "species": "Emboar", "speciesId": "emboar", "gender": "M", "shiny": false, "level": 84, "moves": ["headsmash", "flareblitz", "knockoff", "closecombat"], "ability": "Reckless", "evs": {"hp": 85, "atk": 85, "def": 85, "spa": 85, "spd": 85, "spe": 85}, "ivs": {"hp": 31, "atk": 31, "def": 31, "spa": 31, "spd": 31, "spe": 31}, "item": "Choice Band", "teraType": "Fire", "role": "Fast Attacker", "bvs": {"hp": 110, "atk": 123, "def": 65, "spa": 100, "spd": 65, "spe": 65}, "stats": {"hp": 322, "atk": 255, "def": 157, "spa": 216, "spd": 157, "spe": 157}, "types": ["Fire", "Fighting"]}, "Qwilfish": {"name": "Qwilfish", "species": "Qwilfish-Hisui", "speciesId": "qwilfishhisui", "gender": "M", "shiny": false, "level": 83, "moves": ["taunt", "toxicspikes", "crunch", "gunkshot"], "ability": "Intimidate", "evs": {"hp": 85, "atk": 85, "def": 85, "spa": 85, "spd": 85, "spe": 85}, "ivs": {"hp": 31, "atk": 31, "def": 31, "spa": 31, "spd": 31, "spe": 31}, "item": "Eviolite", "teraType": "Flying", "role": "Bulky Support", "bvs": {"hp": 65, "atk": 95, "def": 85, "spa": 55, "spd": 55, "spe": 85}, "stats": {"hp": 244, "atk": 205, "def": 189, "spa": 139, "spd": 139, "spe": 189}, "types": ["Dark", "Poison"]}, "Scizor": {"name": "Scizor", "species": "Scizor", "speciesId": "scizor", "gender": "F", "shiny": false, "level": 79, "moves": ["knockoff", "bulletpunch", "uturn", "closecombat"], "ability": "Technician", "evs": {"hp": 85, "atk": 85, "def": 85, "spa": 85, "spd": 85, "spe": 85}, "ivs": {"hp": 31, "atk": 31, "def": 31, "spa": 31, "spd": 31, "spe": 31}, "item": "Choice Band", "teraType": "Steel", "role": "Wallbreaker", "bvs": {"hp": 70, "atk": 130, "def": 100, "spa": 55, "spd": 80, "spe": 65}, "stats": {"hp": 240, "atk": 251, "def": 204, "spa": 132, "spd": 172, "spe": 148}, "types": ["Bug", "Steel"]}, "Regirock": {"name": "Regirock", "species": "Regirock", "speciesId": "regirock", "gender": "N", "shiny": false, "level": 83, "moves": ["bodypress", "rest", "irondefense", "stoneedge"], "ability": "Clear Body", "evs": {"hp": 85, "atk": 85, "def": 85, "spa": 85, "spd": 85, "spe": 85}, "ivs": {"hp": 31, "atk": 31, "def": 31, "spa": 31, "spd": 31, "spe": 31}, "item": "Chesto Berry", "teraType": "Fighting", "role": "Bulky Setup", "bvs": {"hp": 80, "atk": 100, "def": 200, "spa": 50, "spd": 100, "spe": 50}, "stats": {"hp": 268, "atk": 214, "def": 380, "spa": 131, "spd": 214, "spe": 131}, "types": ["Rock"]}, "Persian": {"name": "Persian", "species": "Persian-Alola", "speciesId": "persianalola", "gender": "M", "shiny": false, "level": 86, "moves": ["partingshot", "thunderwave", "knockoff", "taunt"], "ability": "Fur Coat", "evs": {"hp": 85, "atk": 85, "def": 85, "spa": 85, "spd": 85, "spe": 85}, "ivs": {"hp": 31, "atk": 31, "def": 31, "spa": 31, "spd": 31, "spe": 31}, "item": "Heavy-Duty Boots", "teraType": "Poison", "role": "Fast Support", "bvs": {"hp": 65, "atk": 60, "def": 60, "spa": 75, "spd": 65, "spe": 115}, "stats": {"hp": 252, "atk": 152, "def": 152, "spa": 178, "spd": 161, "spe": 247}, "types": ["Dark"]}, "Brambleghast": {"name": "Brambleghast", "species": "Brambleghast", "speciesId": "brambleghast", "gender": "F", "shiny": false, "level": 88, "moves": ["poltergeist", "leechseed", "powerwhip", "substitute"], "ability": "Wind Rider", "evs": {"hp": 85, "atk": 85, "def": 85, "spa": 85, "spd": 85, "spe": 85}, "ivs": {"hp": 31, "atk": 31, "def": 31, "spa": 31, "spd": 31, "spe": 31}, "item": "Leftovers", "teraType": "Fairy", "role": "Fast Support", "bvs": {"hp": 55, "atk": 115, "def": 70, "spa": 80, "spd": 70, "spe": 90}, "stats": {"hp": 240, "atk": 253, "def": 173, "spa": 191, "spd": 173, "spe": 209}, "types": ["Grass", "Ghost"]}}, {"Meowstic": {"name": "Meowstic", "species": "Meowstic", "speciesId": "meowstic", "gender": "M", "shiny": false, "level": 89, "moves": ["thunderwave", "reflect", "psychicnoise", "lightscreen"], "ability": "Prankster", "evs": {"hp": 85, "atk": 0, "def": 85, "spa": 85, "spd": 85, "spe": 85}, "ivs": {"hp": 31, "atk": 0, "def": 31, "spa": 31, "spd": 31, "spe": 31}, "item": "Light Clay", "teraType": "Fairy", "role": "Bulky Support", "bvs": {"hp": 74, "atk": 48, "def": 76, "spa": 83, "spd": 81, "spe": 104}, "stats": {"hp": 277, "atk": 90, "def": 186, "spa": 199, "spd": 195, "spe": 236}, "types": ["Psychic"]}, "Arceus": {"name": "Arceus", "species": "Arceus-Psychic", "speciesId": "arceuspsychic", "gender": "N", "shiny": false, "level": 69, "moves": ["storedpower", "recover", "cosmicpower", "bodypress"], "ability": "Multitype", "evs": {"hp": 85, "atk": 0, "def": 85, "spa": 85, "spd": 85, "spe": 85}, "ivs": {"hp": 31, "atk": 0, "def": 31, "spa": 31, "spd": 31, "spe": 31}, "item": "Mind Plate", "teraType": "Steel", "role": "Bulky Setup", "bvs": {"hp": 120, "atk": 120, "def": 120, "spa": 120, "spd": 120, "spe": 120}, "stats": {"hp": 280, "atk": 170, "def": 206, "spa": 206, "spd": 206, "spe": 206}, "types": ["Psychic"]}, "Blastoise": {"name": "Blastoise", "species": "Blastoise", "speciesId": "blastoise", "gender": "F", "shiny": false, "level": 80, "moves": ["hydropump", "icebeam", "earthquake", "shellsmash"], "ability": "Torrent", "evs": {"hp": 85, "atk": 85, "def": 85, "spa": 85, "spd": 85, "spe": 85}, "ivs": {"hp": 31, "atk": 31, "def": 31, "spa": 31, "spd": 31, "spe": 31}, "item": "White Herb", "teraType": "Ground", "role": "Setup Sweeper", "bvs": {"hp": 79, "atk": 83, "def": 100, "spa": 85, "spd": 105, "spe": 78}, "stats": {"hp": 258, "atk": 179, "def": 206, "spa": 182, "spd": 214, "spe": 171}, "types": ["Water"]}, "Mismagius": {"name": "Mismagius", "species": "Mismagius", "speciesId": "mismagius", "gender": "M", "shiny": false, "level": 86, "moves": ["nastyplot", "mysticalfire", "thunderbolt", "shadowball"], "ability": "Levitate", "evs": {"hp": 85, "atk": 0, "def": 85, "spa": 85, "spd": 85, "spe": 85}, "ivs": {"hp": 31, "atk": 0, "def": 31, "spa": 31, "spd": 31, "spe": 31}, "item": "Life Orb", "teraType": "Electric", "role": "Setup Sweeper", "bvs": {"hp": 60, "atk": 60, "def": 60, "spa": 105, "spd": 105, "spe": 105}, "stats": {"hp": 243, "atk": 108, "def": 152, "spa": 230, "spd": 230, "spe": 230}, "types": ["Ghost"]}, "Carbink": {"name": "Carbink", "species": "Carbink", "speciesId": "carbink", "gender": "N", "shiny": false, "level": 90, "moves": ["irondefense", "moonblast", "bodypress", "rockpolish"], "ability": "Sturdy", "evs": {"hp": 85, "atk": 0, "def": 85, "spa": 85, "spd": 85, "spe": 85}, "ivs": {"hp": 31, "atk": 0, "def": 31, "spa": 31, "spd": 31, "spe": 31}, "item": "Leftovers", "teraType": "Fighting", "role": "Fast Bulky Setup", "bvs": {"hp": 50, "atk": 50, "def": 150, "spa": 50, "spd": 150, "spe": 50}, "stats": {"hp": 236, "atk": 95, "def": 321, "spa": 141, "spd": 321, "spe": 141}, "types": ["Rock", "Fairy"]}, "Spiritomb": {"name": "Spiritomb", "species": "Spiritomb", "speciesId": "spiritomb", "gender": "F", "shiny": false, "level": 89, "moves": ["foulplay", "shadowsneak", "suckerpunch", "poltergeist"], "ability": "Infiltrator", "evs": {"hp": 85, "atk": 85, "def": 85, "spa": 85, "spd": 85, "spe": 85}, "ivs": {"hp": 31, "atk": 31, "def": 31, "spa": 31, "spd": 31, "spe": 31}, "item": "Choice Band", "teraType": "Steel", "role": "Bulky Support", "bvs": {"hp": 50, "atk": 92, "def": 108, "spa": 92, "spd": 108, "spe": 35}, "stats": {"hp": 234, "atk": 215, "def": 243, "spa": 215, "spd": 243, "spe": 113}, "types": ["Ghost", "Dark"]}}]}