{"id": "gen9randombattle-2641441835", "format": "[Gen 9] Random Battle", "players": ["skymat_00", "678jk"], "log": "|j|\u2606skymat_00\n|j|\u2606678jk\n|t:|1782785334\n|gametype|singles\n|player|p1|skymat_00|lance|1997\n|player|p2|678jk|169|1950\n|gen|9\n|tier|[Gen 9] Random Battle\n|rated|\n|rule|Species Clause: Limit one of each Pok\u00e9mon\n|rule|HP Percentage Mod: HP is shown in percentages\n|rule|Sleep Clause Mod: Limit one foe put to sleep\n|rule|Illusion Level Mod: Illusion disguises the Pok\u00e9mon's true level\n|\n|t:|1782785334\n|teamsize|p1|6\n|teamsize|p2|6\n|start\n|switch|p1a: Furret|Furret, L94, F|312/312\n|switch|p2a: Munkidori|Munkidori, L79, M|269/269\n|-item|p2a: Munkidori|Life Orb|[from] ability: Frisk|[of] p1a: Furret\n|turn|1\n|inactive|Battle timer is ON: inactive players will automatically lose when time's up. (requested by skymat_00)\n|\n|t:|1782785357\n|switch|p2a: Regigigas|Regigigas, L84|322/322\n|-start|p2a: Regigigas|ability: Slow Start\n|move|p1a: Furret|U-turn|p2a: Regigigas\n|-damage|p2a: Regigigas|255/322\n|\n|t:|1782785375\n|switch|p1a: Mamoswine|Mamoswine, L81, F|311/311|[from] U-turn\n|\n|-heal|p2a: Regigigas|275/322|[from] item: Leftovers\n|upkeep\n|turn|2\n|\n|t:|1782785401\n|move|p1a: Mamoswine|Earthquake|p2a: Regigigas\n|-damage|p2a: Regigigas|110/322\n|move|p2a: Regigigas|Knock Off|p1a: Mamoswine\n|-damage|p1a: Mamoswine|257/311\n|-enditem|p1a: Mamoswine|Choice Band|[from] move: Knock Off|[of] p2a: Regigigas\n|\n|-heal|p2a: Regigigas|130/322|[from] item: Leftovers\n|upkeep\n|turn|3\n|\n|t:|1782785411\n|move|p1a: Mamoswine|Earthquake|p2a: Regigigas\n|-damage|p2a: Regigigas|25/322\n|move|p2a: Regigigas|Body Slam|p1a: Mamoswine\n|-damage|p1a: Mamoswine|187/311\n|-status|p1a: Mamoswine|par\n|\n|-heal|p2a: Regigigas|45/322|[from] item: Leftovers\n|upkeep\n|turn|4\n|\n|t:|1782785421\n|move|p2a: Regigigas|Rest|p2a: Regigigas\n|-status|p2a: Regigigas|slp|[from] move: Rest\n|-heal|p2a: Regigigas|322/322 slp|[silent]\n|move|p1a: Mamoswine|Earthquake|p2a: Regigigas\n|-damage|p2a: Regigigas|211/322 slp\n|\n|-heal|p2a: Regigigas|231/322 slp|[from] item: Leftovers\n|upkeep\n|turn|5\n|\n|t:|1782785431\n|cant|p2a: Regigigas|slp\n|move|p2a: Regigigas|Sleep Talk|p2a: Regigigas\n|move|p2a: Regigigas|Knock Off|p1a: Mamoswine|[from] move: Sleep Talk\n|-damage|p1a: Mamoswine|145/311 par\n|move|p1a: Mamoswine|Knock Off|p2a: Regigigas\n|-damage|p2a: Regigigas|166/322 slp\n|-enditem|p2a: Regigigas|Leftovers|[from] move: Knock Off|[of] p1a: Mamoswine\n|\n|upkeep\n|turn|6\n|\n|t:|1782785441\n|cant|p2a: Regigigas|slp\n|move|p2a: Regigigas|Sleep Talk|p2a: Regigigas\n|move|p2a: Regigigas|Rest||[from] move: Sleep Talk|[still]\n|-fail|p2a: Regigigas\n|move|p1a: Mamoswine|Earthquake|p2a: Regigigas\n|-damage|p2a: Regigigas|67/322 slp\n|\n|-end|p2a: Regigigas|Slow Start\n|upkeep\n|turn|7\n|\n|t:|1782785455\n|switch|p1a: Mesprit|Mesprit, L85|275/275\n|-curestatus|p2a: Regigigas|slp|[msg]\n|move|p2a: Regigigas|Rest|p2a: Regigigas\n|-status|p2a: Regigigas|slp|[from] move: Rest\n|-heal|p2a: Regigigas|322/322 slp|[silent]\n|\n|upkeep\n|turn|8\n|\n|t:|1782785464\n|cant|p2a: Regigigas|slp\n|move|p2a: Regigigas|Sleep Talk|p2a: Regigigas\n|move|p2a: Regigigas|Knock Off|p1a: Mesprit|[from] move: Sleep Talk\n|-supereffective|p1a: Mesprit\n|-damage|p1a: Mesprit|87/275\n|-enditem|p1a: Mesprit|Leftovers|[from] move: Knock Off|[of] p2a: Regigigas\n|move|p1a: Mesprit|Stealth Rock|p2a: Regigigas\n|-sidestart|p2: 678jk|move: Stealth Rock\n|\n|upkeep\n|turn|9\n|\n|t:|1782785475\n|cant|p2a: Regigigas|slp\n|move|p2a: Regigigas|Sleep Talk|p2a: Regigigas\n|move|p2a: Regigigas|Knock Off|p1a: Mesprit|[from] move: Sleep Talk\n|-supereffective|p1a: Mesprit\n|-damage|p1a: Mesprit|0 fnt\n|faint|p1a: Mesprit\n|\n|upkeep\n|\n|t:|1782785500\n|switch|p1a: Furret|Furret, L94, F|312/312\n|turn|10\n|\n|t:|1782785504\n|-terastallize|p2a: Regigigas|Ghost\n|move|p1a: Furret|Double-Edge|p2a: Regigigas\n|-immune|p2a: Regigigas\n|-curestatus|p2a: Regigigas|slp|[msg]\n|move|p2a: Regigigas|Body Slam|p1a: Furret\n|-damage|p1a: Furret|164/312\n|-status|p1a: Furret|par\n|\n|upkeep\n|turn|11\n|\n|t:|1782785513\n|switch|p1a: Mamoswine|Mamoswine, L81, F|145/311 par\n|move|p2a: Regigigas|Body Slam|p1a: Mamoswine\n|-damage|p1a: Mamoswine|0 fnt\n|faint|p1a: Mamoswine\n|\n|upkeep\n|\n|t:|1782785531\n|switch|p1a: Meowstic|Meowstic-F, L89, F|277/277\n|turn|12\n|\n|t:|1782785535\n|-terastallize|p1a: Meowstic|Dark\n|move|p1a: Meowstic|Nasty Plot|p1a: Meowstic\n|-boost|p1a: Meowstic|spa|2\n|move|p2a: Regigigas|Knock Off|p1a: Meowstic\n|-resisted|p1a: Meowstic\n|-damage|p1a: Meowstic|228/277\n|-enditem|p1a: Meowstic|Life Orb|[from] move: Knock Off|[of] p2a: Regigigas\n|\n|upkeep\n|turn|13\n|\n|t:|1782785543\n|move|p1a: Meowstic|Dark Pulse|p2a: Regigigas\n|-supereffective|p2a: Regigigas\n|-damage|p2a: Regigigas|56/322\n|move|p2a: Regigigas|Body Slam|p1a: Meowstic\n|-damage|p1a: Meowstic|87/277\n|\n|upkeep\n|turn|14\n|\n|t:|1782785550\n|move|p1a: Meowstic|Dark Pulse|p2a: Regigigas\n|-supereffective|p2a: Regigigas\n|-damage|p2a: Regigigas|0 fnt\n|faint|p2a: Regigigas\n|-end|p2a: Regigigas|Slow Start|[silent]\n|\n|upkeep\n|\n|t:|1782785557\n|switch|p2a: Regieleki|Regieleki, L79|256/256\n|-damage|p2a: Regieleki|224/256|[from] Stealth Rock\n|turn|15\n|\n|t:|1782785562\n|switch|p1a: Torterra|Torterra, L78, M|276/276\n|move|p2a: Regieleki|Thunderbolt|p1a: Torterra\n|-immune|p1a: Torterra\n|\n|upkeep\n|turn|16\n|\n|t:|1782785580\n|move|p2a: Regieleki|Explosion|p1a: Torterra\n|-damage|p1a: Torterra|118/276\n|faint|p2a: Regieleki\n|move|p1a: Torterra|Shell Smash|p1a: Torterra\n|-unboost|p1a: Torterra|def|1\n|-unboost|p1a: Torterra|spd|1\n|-boost|p1a: Torterra|atk|2\n|-boost|p1a: Torterra|spa|2\n|-boost|p1a: Torterra|spe|2\n|\n|upkeep\n|\n|t:|1782785588\n|switch|p2a: Mamoswine|Mamoswine, L81, M|311/311\n|-damage|p2a: Mamoswine|273/311|[from] Stealth Rock\n|turn|17\n|\n|t:|1782785597\n|switch|p1a: Furret|Furret, L94, F|164/312 par\n|-item|p2a: Mamoswine|Life Orb|[from] ability: Frisk|[of] p1a: Furret\n|move|p2a: Mamoswine|Ice Shard|p1a: Furret\n|-damage|p1a: Furret|94/312 par\n|-damage|p2a: Mamoswine|242/311|[from] item: Life Orb\n|\n|upkeep\n|turn|18\n|\n|t:|1782785605\n|move|p2a: Mamoswine|Earthquake|p1a: Furret\n|-damage|p1a: Furret|0 fnt\n|faint|p1a: Furret\n|-damage|p2a: Mamoswine|211/311|[from] item: Life Orb\n|\n|upkeep\n|\n|t:|1782785614\n|switch|p1a: Meowstic|Meowstic-F, L89, F, tera:Dark|87/277\n|turn|19\n|\n|t:|1782785635\n|move|p2a: Mamoswine|Ice Shard|p1a: Meowstic\n|-damage|p1a: Meowstic|19/277\n|-damage|p2a: Mamoswine|180/311|[from] item: Life Orb\n|move|p1a: Meowstic|Dark Pulse|p2a: Mamoswine\n|-damage|p2a: Mamoswine|74/311\n|\n|upkeep\n|turn|20\n|\n|t:|1782785643\n|move|p2a: Mamoswine|Ice Shard|p1a: Meowstic\n|-damage|p1a: Meowstic|0 fnt\n|faint|p1a: Meowstic\n|-damage|p2a: Mamoswine|43/311|[from] item: Life Orb\n|\n|upkeep\n|\n|t:|1782785647\n|switch|p1a: Cyclizar|Cyclizar, L83, F|252/252\n|turn|21\n|\n|t:|1782785658\n|move|p2a: Mamoswine|Ice Shard|p1a: Cyclizar\n|-supereffective|p1a: Cyclizar\n|-damage|p1a: Cyclizar|93/252\n|-damage|p2a: Mamoswine|12/311|[from] item: Life Orb\n|move|p1a: Cyclizar|Rapid Spin|p2a: Mamoswine\n|-damage|p2a: Mamoswine|0 fnt\n|-boost|p1a: Cyclizar|spe|1\n|faint|p2a: Mamoswine\n|\n|upkeep\n|\n|t:|1782785677\n|switch|p2a: Munkidori|Munkidori, L79, M|269/269\n|-damage|p2a: Munkidori|236/269|[from] Stealth Rock\n|turn|22\n|\n|t:|1782785693\n|switch|p1a: Torterra|Torterra, L78, M|118/276\n|move|p2a: Munkidori|Sludge Wave|p1a: Torterra\n|-damage|p1a: Torterra|0 fnt\n|faint|p1a: Torterra\n|-damage|p2a: Munkidori|210/269|[from] item: Life Orb\n|\n|upkeep\n|\n|t:|1782785698\n|switch|p1a: Cyclizar|Cyclizar, L83, F|177/252\n|turn|23\n|\n|t:|1782785704\n|move|p1a: Cyclizar|Rapid Spin|p2a: Munkidori\n|-damage|p2a: Munkidori|138/269\n|-boost|p1a: Cyclizar|spe|1\n|move|p2a: Munkidori|Sludge Wave|p1a: Cyclizar\n|-damage|p1a: Cyclizar|0 fnt\n|faint|p1a: Cyclizar\n|-damage|p2a: Munkidori|112/269|[from] item: Life Orb\n|\n|win|678jk\n", "inputlog": ">version f8ac14003a5f27e1bdc8d8c59608a773c1cb96e5\n>start {\"formatid\":\"gen9randombattle\",\"seed\":\"sodium,51cf7fd86da2b0cef81911bc7335de13\",\"rated\":\"Rated battle\"}\n>player p1 {\"name\":\"skymat_00\",\"avatar\":\"lance\",\"rating\":1997,\"seed\":\"sodium,b550168c16bc7a19aee005a3b3017280\"}\n>player p2 {\"name\":\"678jk\",\"avatar\":\"169\",\"rating\":1950,\"seed\":\"sodium,ec608afd2c7d103055e5d54e9f3eb338\"}\n>p1 move uturn\n>p2 switch 5\n>p1 switch 6\n>p1 move earthquake\n>p2 move knockoff\n>p1 move earthquake\n>p2 move bodyslam\n>p1 move earthquake\n>p2 move rest\n>p1 move knockoff\n>p2 move sleeptalk\n>p1 move earthquake\n>p2 move sleeptalk\n>p1 switch 3\n>p2 move rest\n>p1 move stealthrock\n>p2 move sleeptalk\n>p1 move drainpunch\n>p2 move sleeptalk\n>p1 switch 6\n>p1 move doubleedge\n>p2 move bodyslam terastallize\n>p1 switch 3\n>p2 move bodyslam\n>p1 switch 2\n>p1 move nastyplot terastallize\n>p2 move knockoff\n>p1 move darkpulse\n>p2 move bodyslam\n>p1 move darkpulse\n>p2 move bodyslam\n>p2 switch 6\n>p1 switch 4\n>p2 move thunderbolt\n>p1 move shellsmash\n>p2 move explosion\n>p2 switch 4\n>p1 switch 3\n>p2 move iceshard\n>p1 move doubleedge\n>p2 move earthquake\n>p1 switch 4\n>p1 move darkpulse\n>p2 move iceshard\n>p1 move darkpulse\n>p2 move iceshard\n>p1 switch 5\n>p1 move rapidspin\n>p2 move iceshard\n>p2 switch 5\n>p1 switch 3\n>p2 move sludgewave\n>p1 switch 3\n>p1 move rapidspin\n>p2 move sludgewave", "uploadtime": 1782785336, "views": 5, "formatid": "gen9randombattle", "rating": null, "private": 0, "password": null, "player_dets": [{"name": "skymat_00", "avatar": "lance", "rating": 1997, "seed": "sodium,b550168c16bc7a19aee005a3b3017280"}, {"name": "678jk", "avatar": "169", "rating": 1950, "seed": "sodium,ec608afd2c7d103055e5d54e9f3eb338"}], "teams_full": [{"Furret": {"name": "Furret", "species": "Furret", "speciesId": "furret", "gender": "F", "shiny": false, "level": 94, "moves": ["doubleedge", "uturn", "knockoff", "trick"], "ability": "Frisk", "evs": {"hp": 85, "atk": 85, "def": 85, "spa": 85, "spd": 85, "spe": 85}, "ivs": {"hp": 31, "atk": 31, "def": 31, "spa": 31, "spd": 31, "spe": 31}, "item": "Choice Band", "teraType": "Ghost", "role": "Wallbreaker", "bvs": {"hp": 85, "atk": 76, "def": 64, "spa": 45, "spd": 55, "spe": 90}, "stats": {"hp": 312, "atk": 196, "def": 174, "spa": 138, "spd": 157, "spe": 223}, "types": ["Normal"]}, "Meowstic": {"name": "Meowstic", "species": "Meowstic-F", "speciesId": "meowsticf", "gender": "F", "shiny": false, "level": 89, "moves": ["nastyplot", "darkpulse", "thunderbolt", "psychic"], "ability": "Competitive", "evs": {"hp": 85, "atk": 0, "def": 85, "spa": 85, "spd": 85, "spe": 85}, "ivs": {"hp": 31, "atk": 0, "def": 31, "spa": 31, "spd": 31, "spe": 31}, "item": "Life Orb", "teraType": "Dark", "role": "Setup Sweeper", "bvs": {"hp": 74, "atk": 48, "def": 76, "spa": 83, "spd": 81, "spe": 104}, "stats": {"hp": 277, "atk": 90, "def": 186, "spa": 199, "spd": 195, "spe": 236}, "types": ["Psychic"]}, "Mesprit": {"name": "Mesprit", "species": "Mesprit", "speciesId": "mesprit", "gender": "N", "shiny": false, "level": 85, "moves": ["thunderbolt", "stealthrock", "psychicnoise", "drainpunch"], "ability": "Levitate", "evs": {"hp": 85, "atk": 85, "def": 85, "spa": 85, "spd": 85, "spe": 85}, "ivs": {"hp": 31, "atk": 31, "def": 31, "spa": 31, "spd": 31, "spe": 31}, "item": "Leftovers", "teraType": "Fighting", "role": "Bulky Attacker", "bvs": {"hp": 80, "atk": 105, "def": 105, "spa": 105, "spd": 105, "spe": 80}, "stats": {"hp": 275, "atk": 227, "def": 227, "spa": 227, "spd": 227, "spe": 185}, "types": ["Psychic"]}, "Torterra": {"name": "Torterra", "species": "Torterra", "speciesId": "torterra", "gender": "M", "shiny": false, "level": 78, "moves": ["headlongrush", "bulletseed", "shellsmash", "rockblast"], "ability": "Overgrow", "evs": {"hp": 85, "atk": 85, "def": 85, "spa": 85, "spd": 85, "spe": 85}, "ivs": {"hp": 31, "atk": 31, "def": 31, "spa": 31, "spd": 31, "spe": 31}, "item": "Loaded Dice", "teraType": "Ground", "role": "Setup Sweeper", "bvs": {"hp": 95, "atk": 109, "def": 105, "spa": 75, "spd": 85, "spe": 56}, "stats": {"hp": 276, "atk": 215, "def": 209, "spa": 162, "spd": 178, "spe": 132}, "types": ["Grass", "Ground"]}, "Cyclizar": {"name": "Cyclizar", "species": "Cyclizar", "speciesId": "cyclizar", "gender": "F", "shiny": false, "level": 83, "moves": ["taunt", "shedtail", "rapidspin", "dracometeor"], "ability": "Regenerator", "evs": {"hp": 85, "atk": 85, "def": 85, "spa": 85, "spd": 85, "spe": 85}, "ivs": {"hp": 31, "atk": 31, "def": 31, "spa": 31, "spd": 31, "spe": 31}, "item": "Heavy-Duty Boots", "teraType": "Dragon", "role": "Fast Support", "bvs": {"hp": 70, "atk": 95, "def": 65, "spa": 85, "spd": 65, "spe": 121}, "stats": {"hp": 252, "atk": 205, "def": 156, "spa": 189, "spd": 156, "spe": 249}, "types": ["Dragon", "Normal"]}, "Mamoswine": {"name": "Mamoswine", "species": "Mamoswine", "speciesId": "mamoswine", "gender": "F", "shiny": false, "level": 81, "moves": ["iceshard", "earthquake", "iciclecrash", "knockoff"], "ability": "Thick Fat", "evs": {"hp": 85, "atk": 85, "def": 85, "spa": 85, "spd": 85, "spe": 85}, "ivs": {"hp": 31, "atk": 31, "def": 31, "spa": 31, "spd": 31, "spe": 31}, "item": "Choice Band", "teraType": "Ice", "role": "Wallbreaker", "bvs": {"hp": 110, "atk": 130, "def": 80, "spa": 70, "spd": 60, "spe": 80}, "stats": {"hp": 311, "atk": 257, "def": 176, "spa": 160, "spd": 144, "spe": 176}, "types": ["Ice", "Ground"]}}, {"Munkidori": {"name": "Munkidori", "species": "Munkidori", "speciesId": "munkidori", "gender": "M", "shiny": false, "level": 79, "moves": ["nastyplot", "psyshock", "sludgewave", "focusblast"], "ability": "Toxic Chain", "evs": {"hp": 85, "atk": 0, "def": 85, "spa": 85, "spd": 85, "spe": 85}, "ivs": {"hp": 31, "atk": 0, "def": 31, "spa": 31, "spd": 31, "spe": 31}, "item": "Life Orb", "teraType": "Fighting", "role": "Fast Attacker", "bvs": {"hp": 88, "atk": 75, "def": 66, "spa": 130, "spd": 90, "spe": 106}, "stats": {"hp": 269, "atk": 123, "def": 150, "spa": 251, "spd": 188, "spe": 213}, "types": ["Poison", "Psychic"]}, "Thundurus": {"name": "Thundurus", "species": "Thundurus-Therian", "speciesId": "thundurustherian", "gender": "M", "shiny": false, "level": 80, "moves": ["nastyplot", "terablast", "thunderbolt", "focusblast"], "ability": "Volt Absorb", "evs": {"hp": 85, "atk": 0, "def": 85, "spa": 85, "spd": 85, "spe": 85}, "ivs": {"hp": 31, "atk": 0, "def": 31, "spa": 31, "spd": 31, "spe": 31}, "item": "Heavy-Duty Boots", "teraType": "Flying", "role": "Tera Blast user", "bvs": {"hp": 79, "atk": 105, "def": 70, "spa": 145, "spd": 80, "spe": 101}, "stats": {"hp": 258, "atk": 173, "def": 158, "spa": 278, "spd": 174, "spe": 208}, "types": ["Electric", "Flying"]}, "Latios": {"name": "Latios", "species": "Latios", "speciesId": "latios", "gender": "M", "shiny": false, "level": 78, "moves": ["aurasphere", "lusterpurge", "dracometeor", "recover"], "ability": "Levitate", "evs": {"hp": 85, "atk": 0, "def": 85, "spa": 85, "spd": 85, "spe": 85}, "ivs": {"hp": 31, "atk": 0, "def": 31, "spa": 31, "spd": 31, "spe": 31}, "item": "Soul Dew", "teraType": "Dragon", "role": "Bulky Attacker", "bvs": {"hp": 80, "atk": 90, "def": 80, "spa": 130, "spd": 110, "spe": 110}, "stats": {"hp": 253, "atk": 145, "def": 170, "spa": 248, "spd": 217, "spe": 217}, "types": ["Dragon", "Psychic"]}, "Mamoswine": {"name": "Mamoswine", "species": "Mamoswine", "speciesId": "mamoswine", "gender": "M", "shiny": false, "level": 81, "moves": ["iciclecrash", "stealthrock", "iceshard", "earthquake"], "ability": "Thick Fat", "evs": {"hp": 85, "atk": 85, "def": 85, "spa": 85, "spd": 85, "spe": 85}, "ivs": {"hp": 31, "atk": 31, "def": 31, "spa": 31, "spd": 31, "spe": 31}, "item": "Life Orb", "teraType": "Ground", "role": "Wallbreaker", "bvs": {"hp": 110, "atk": 130, "def": 80, "spa": 70, "spd": 60, "spe": 80}, "stats": {"hp": 311, "atk": 257, "def": 176, "spa": 160, "spd": 144, "spe": 176}, "types": ["Ice", "Ground"]}, "Regigigas": {"name": "Regigigas", "species": "Regigigas", "speciesId": "regigigas", "gender": "N", "shiny": false, "level": 84, "moves": ["sleeptalk", "rest", "knockoff", "bodyslam"], "ability": "Slow Start", "evs": {"hp": 85, "atk": 85, "def": 85, "spa": 85, "spd": 85, "spe": 85}, "ivs": {"hp": 31, "atk": 31, "def": 31, "spa": 31, "spd": 31, "spe": 31}, "item": "Leftovers", "teraType": "Ghost", "role": "Bulky Support", "bvs": {"hp": 110, "atk": 160, "def": 110, "spa": 80, "spd": 110, "spe": 100}, "stats": {"hp": 322, "atk": 317, "def": 233, "spa": 183, "spd": 233, "spe": 216}, "types": ["Normal"]}, "Regieleki": {"name": "Regieleki", "species": "Regieleki", "speciesId": "regieleki", "gender": "N", "shiny": false, "level": 79, "moves": ["voltswitch", "rapidspin", "thunderbolt", "explosion"], "ability": "Transistor", "evs": {"hp": 85, "atk": 85, "def": 85, "spa": 85, "spd": 85, "spe": 85}, "ivs": {"hp": 31, "atk": 31, "def": 31, "spa": 31, "spd": 31, "spe": 31}, "item": "Magnet", "teraType": "Electric", "role": "Fast Support", "bvs": {"hp": 80, "atk": 100, "def": 50, "spa": 100, "spd": 50, "spe": 200}, "stats": {"hp": 256, "atk": 204, "def": 125, "spa": 204, "spd": 125, "spe": 362}, "types": ["Electric"]}}]}