{"id": "gen9randombattle-2641271491", "format": "[Gen 9] Random Battle", "players": ["prikto43", "louisdog"], "log": "|j|\u2606prikto43\n|j|\u203dlouisdog\n|t:|1782761682\n|gametype|singles\n|player|p1|prikto43|266|1422\n|player|p2|louisdog|brycenman|1427\n|gen|9\n|tier|[Gen 9] Random Battle\n|rated|\n|rule|Species Clause: Limit one of each Pok\u00e9mon\n|rule|HP Percentage Mod: HP is shown in percentages\n|rule|Sleep Clause Mod: Limit one foe put to sleep\n|rule|Illusion Level Mod: Illusion disguises the Pok\u00e9mon's true level\n|\n|t:|1782761682\n|teamsize|p1|6\n|teamsize|p2|6\n|start\n|switch|p1a: Yanmega|Yanmega, L82, M|275/275\n|switch|p2a: Golurk|Golurk, L87|297/297\n|turn|1\n|inactive|Battle timer is ON: inactive players will automatically lose when time's up. (requested by louisdog)\n|\n|t:|1782761710\n|move|p1a: Yanmega|Protect|p1a: Yanmega\n|-singleturn|p1a: Yanmega|Protect\n|move|p2a: Golurk|Stone Edge|p1a: Yanmega\n|-activate|p1a: Yanmega|move: Protect\n|\n|-ability|p1a: Yanmega|Speed Boost|boost\n|-boost|p1a: Yanmega|spe|1\n|upkeep\n|turn|2\n|\n|t:|1782761720\n|move|p1a: Yanmega|Air Slash|p2a: Golurk\n|-damage|p2a: Golurk|209/297\n|cant|p2a: Golurk|flinch\n|\n|-ability|p1a: Yanmega|Speed Boost|boost\n|-boost|p1a: Yanmega|spe|1\n|upkeep\n|turn|3\n|\n|t:|1782761728\n|move|p1a: Yanmega|Air Slash|p2a: Golurk\n|-damage|p2a: Golurk|121/297\n|move|p2a: Golurk|Stone Edge|p1a: Yanmega\n|-supereffective|p1a: Yanmega\n|-damage|p1a: Yanmega|0 fnt\n|faint|p1a: Yanmega\n|\n|upkeep\n|\n|t:|1782761752\n|switch|p1a: Palafin|Palafin, L77, M|281/281\n|turn|4\n|\n|t:|1782761760\n|detailschange|p1a: Palafin|Palafin-Hero, L77, M\n|switch|p1a: Glalie|Glalie, L96, F|309/309\n|switch|p2a: Phione|Phione, L91|293/293\n|\n|upkeep\n|turn|5\n|\n|t:|1782761766\n|switch|p2a: Flareon|Flareon, L90, F|263/263\n|move|p1a: Glalie|Taunt|p2a: Flareon\n|-start|p2a: Flareon|move: Taunt\n|\n|-status|p2a: Flareon|tox|[from] item: Toxic Orb\n|upkeep\n|turn|6\n|\n|t:|1782761773\n|move|p1a: Glalie|Spikes|p2a: Flareon\n|-sidestart|p2: louisdog|Spikes\n|move|p2a: Flareon|Trailblaze|p1a: Glalie\n|-damage|p1a: Glalie|236/309\n|-boost|p2a: Flareon|spe|1\n|\n|-damage|p2a: Flareon|247/263 tox|[from] psn\n|upkeep\n|turn|7\n|\n|t:|1782761780\n|move|p2a: Flareon|Flare Blitz|p1a: Glalie\n|-supereffective|p1a: Glalie\n|-damage|p1a: Glalie|0 fnt\n|faint|p1a: Glalie\n|-damage|p2a: Flareon|169/263 tox|[from] Recoil\n|\n|-damage|p2a: Flareon|137/263 tox|[from] psn\n|-end|p2a: Flareon|move: Taunt\n|upkeep\n|\n|t:|1782761786\n|switch|p1a: Palafin|Palafin-Hero, L77, M|281/281\n|-activate|p1a: Palafin|ability: Zero to Hero\n|turn|8\n|\n|t:|1782761799\n|move|p2a: Flareon|Will-O-Wisp|p1a: Palafin\n|-status|p1a: Palafin|brn\n|move|p1a: Palafin|Bulk Up|p1a: Palafin\n|-boost|p1a: Palafin|atk|1\n|-boost|p1a: Palafin|def|1\n|\n|-damage|p2a: Flareon|89/263 tox|[from] psn\n|-damage|p1a: Palafin|264/281 brn|[from] brn\n|upkeep\n|turn|9\n|\n|t:|1782761805\n|move|p1a: Palafin|Jet Punch|p2a: Flareon\n|-supereffective|p2a: Flareon\n|-damage|p2a: Flareon|0 fnt\n|faint|p2a: Flareon\n|\n|-heal|p1a: Palafin|281/281 brn|[from] item: Leftovers\n|-damage|p1a: Palafin|264/281 brn|[from] brn\n|upkeep\n|\n|t:|1782761817\n|switch|p2a: Golurk|Golurk, L87|121/297\n|-damage|p2a: Golurk|84/297|[from] Spikes\n|turn|10\n|\n|t:|1782761825\n|move|p1a: Palafin|Jet Punch|p2a: Golurk\n|-supereffective|p2a: Golurk\n|-damage|p2a: Golurk|0 fnt\n|faint|p2a: Golurk\n|\n|-heal|p1a: Palafin|281/281 brn|[from] item: Leftovers\n|-damage|p1a: Palafin|264/281 brn|[from] brn\n|upkeep\n|\n|t:|1782761836\n|switch|p2a: Cetitan|Cetitan, L82, F|413/413\n|-damage|p2a: Cetitan|362/413|[from] Spikes\n|turn|11\n|\n|t:|1782761847\n|move|p1a: Palafin|Drain Punch|p2a: Cetitan\n|-supereffective|p2a: Cetitan\n|-damage|p2a: Cetitan|239/413\n|-heal|p1a: Palafin|281/281 brn|[from] drain|[of] p2a: Cetitan\n|move|p2a: Cetitan|Superpower|p1a: Palafin\n|-damage|p1a: Palafin|208/281 brn\n|-unboost|p2a: Cetitan|atk|1\n|-unboost|p2a: Cetitan|def|1\n|-damage|p2a: Cetitan|198/413|[from] item: Life Orb\n|\n|-heal|p1a: Palafin|225/281 brn|[from] item: Leftovers\n|-damage|p1a: Palafin|208/281 brn|[from] brn\n|upkeep\n|turn|12\n|\n|t:|1782761853\n|switch|p2a: Garchomp|Garchomp, L74, F|282/282\n|-damage|p2a: Garchomp|247/282|[from] Spikes\n|move|p1a: Palafin|Drain Punch|p2a: Garchomp\n|-damage|p2a: Garchomp|194/282\n|-heal|p1a: Palafin|235/281 brn|[from] drain|[of] p2a: Garchomp\n|-damage|p1a: Palafin|200/281 brn|[from] ability: Rough Skin|[of] p2a: Garchomp\n|\n|-heal|p1a: Palafin|217/281 brn|[from] item: Leftovers\n|-damage|p1a: Palafin|200/281 brn|[from] brn\n|upkeep\n|turn|13\n|\n|t:|1782761869\n|move|p1a: Palafin|Wave Crash|p2a: Garchomp\n|-damage|p2a: Garchomp|73/282\n|-damage|p1a: Palafin|165/281 brn|[from] ability: Rough Skin|[of] p2a: Garchomp\n|-damage|p1a: Palafin|125/281 brn|[from] Recoil\n|move|p2a: Garchomp|Scale Shot|p1a: Palafin\n|-damage|p1a: Palafin|107/281 brn\n|-damage|p1a: Palafin|89/281 brn\n|-damage|p1a: Palafin|70/281 brn\n|-damage|p1a: Palafin|51/281 brn\n|-hitcount|p1a: Palafin|4\n|-unboost|p2a: Garchomp|def|1\n|-boost|p2a: Garchomp|spe|1\n|\n|-heal|p1a: Palafin|68/281 brn|[from] item: Leftovers\n|-damage|p1a: Palafin|51/281 brn|[from] brn\n|upkeep\n|turn|14\n|\n|t:|1782761890\n|move|p1a: Palafin|Jet Punch|p2a: Garchomp\n|-damage|p2a: Garchomp|0 fnt\n|-damage|p1a: Palafin|16/281 brn|[from] ability: Rough Skin|[of] p2a: Garchomp\n|faint|p2a: Garchomp\n|\n|-heal|p1a: Palafin|33/281 brn|[from] item: Leftovers\n|-damage|p1a: Palafin|16/281 brn|[from] brn\n|upkeep\n|\n|t:|1782761894\n|switch|p2a: Greninja|Greninja, L80, M|246/246\n|-damage|p2a: Greninja|216/246|[from] Spikes\n|turn|15\n|\n|t:|1782761904\n|move|p1a: Palafin|Jet Punch|p2a: Greninja\n|-resisted|p2a: Greninja\n|-damage|p2a: Greninja|178/246\n|move|p2a: Greninja|Hydro Pump|p1a: Palafin\n|-resisted|p1a: Palafin\n|-damage|p1a: Palafin|0 fnt\n|faint|p1a: Palafin\n|-ability|p2a: Greninja|Battle Bond|boost\n|-boost|p2a: Greninja|atk|1\n|-boost|p2a: Greninja|spa|1\n|-boost|p2a: Greninja|spe|1\n|-activate|p2a: Greninja|ability: Battle Bond\n|-damage|p2a: Greninja|154/246|[from] item: Life Orb\n|\n|upkeep\n|l|\u203dlouisdog\n|inactive|louisdog disconnected and has a minute to reconnect!\n|player|p2|\n|\n|t:|1782761934\n|switch|p1a: Girafarig|Girafarig, L89, F|269/269\n|turn|16\n|inactive|louisdog has 30 seconds to reconnect!\n|j|\u203dlouisdog\n|inactive|louisdog reconnected and has 115 seconds left.\n|player|p2|louisdog|brycenman|\n|n|\u203dlouisdog|louisdog\n|c|\u2606prikto43|Hi\n|\n|t:|1782761983\n|-terastallize|p1a: Girafarig|Normal\n|move|p2a: Greninja|Dark Pulse|p1a: Girafarig\n|-damage|p1a: Girafarig|147/269\n|-damage|p2a: Greninja|130/246|[from] item: Life Orb\n|move|p1a: Girafarig|Thunderbolt|p2a: Greninja\n|-supereffective|p2a: Greninja\n|-damage|p2a: Greninja|0 fnt\n|faint|p2a: Greninja\n|\n|upkeep\n|\n|t:|1782761990\n|switch|p2a: Phione|Phione, L91|293/293\n|-damage|p2a: Phione|257/293|[from] Spikes\n|turn|17\n|\n|t:|1782761994\n|move|p1a: Girafarig|Thunderbolt|p2a: Phione\n|-supereffective|p2a: Phione\n|-damage|p2a: Phione|113/293\n|move|p2a: Phione|Take Heart|p2a: Phione\n|-boost|p2a: Phione|spa|1\n|-boost|p2a: Phione|spd|1\n|\n|-heal|p2a: Phione|131/293|[from] item: Leftovers\n|upkeep\n|turn|18\n|inactive|louisdog has 120 seconds left.\n|\n|t:|1782762002\n|-terastallize|p2a: Phione|Steel\n|move|p1a: Girafarig|Nasty Plot|p1a: Girafarig\n|-boost|p1a: Girafarig|spa|2\n|move|p2a: Phione|Rest|p2a: Phione\n|-status|p2a: Phione|slp|[from] move: Rest\n|-heal|p2a: Phione|293/293 slp|[silent]\n|\n|upkeep\n|turn|19\n|\n|t:|1782762011\n|move|p1a: Girafarig|Thunderbolt|p2a: Phione\n|-damage|p2a: Phione|203/293 slp\n|cant|p2a: Phione|slp\n|move|p2a: Phione|Sleep Talk|p2a: Phione\n|move|p2a: Phione|Take Heart|p2a: Phione|[from] move: Sleep Talk\n|-boost|p2a: Phione|spa|1\n|-boost|p2a: Phione|spd|1\n|-curestatus|p2a: Phione|slp|[msg]\n|\n|-heal|p2a: Phione|221/293|[from] item: Leftovers\n|upkeep\n|turn|20\n|inactive|louisdog has 120 seconds left.\n|\n|t:|1782762045\n|move|p1a: Girafarig|Nasty Plot|p1a: Girafarig\n|-boost|p1a: Girafarig|spa|2\n|move|p2a: Phione|Take Heart|p2a: Phione\n|-boost|p2a: Phione|spa|1\n|-boost|p2a: Phione|spd|1\n|\n|-heal|p2a: Phione|239/293|[from] item: Leftovers\n|upkeep\n|turn|21\n|\n|t:|1782762050\n|move|p1a: Girafarig|Thunderbolt|p2a: Phione\n|-damage|p2a: Phione|157/293\n|move|p2a: Phione|Scald|p1a: Girafarig\n|-damage|p1a: Girafarig|0 fnt\n|faint|p1a: Girafarig\n|\n|-heal|p2a: Phione|175/293|[from] item: Leftovers\n|upkeep\n|\n|t:|1782762054\n|switch|p1a: Donphan|Donphan, L84, M|288/288\n|turn|22\n|inactive|louisdog has 120 seconds left.\n|\n|t:|1782762086\n|move|p2a: Phione|Scald|p1a: Donphan\n|-supereffective|p1a: Donphan\n|-ability|p1a: Donphan|Sturdy\n|-damage|p1a: Donphan|1/288\n|move|p1a: Donphan|Rapid Spin|p2a: Phione\n|-resisted|p2a: Phione\n|-damage|p2a: Phione|156/293\n|-boost|p1a: Donphan|spe|1\n|\n|-heal|p1a: Donphan|19/288|[from] item: Leftovers\n|-heal|p2a: Phione|174/293|[from] item: Leftovers\n|upkeep\n|turn|23\n|\n|t:|1782762100\n|move|p1a: Donphan|Earthquake|p2a: Phione\n|-supereffective|p2a: Phione\n|-damage|p2a: Phione|0 fnt\n|faint|p2a: Phione\n|\n|-heal|p1a: Donphan|37/288|[from] item: Leftovers\n|upkeep\n|\n|t:|1782762110\n|switch|p2a: Cetitan|Cetitan, L82, F|198/413\n|-damage|p2a: Cetitan|147/413|[from] Spikes\n|turn|24\n|l|\u2606prikto43\n|inactive|prikto43 disconnected and has a minute to reconnect!\n|player|p1|\n|inactive|prikto43 has 30 seconds to reconnect!\n|inactive|prikto43 has 20 seconds to reconnect!\n|inactive|prikto43 has 15 seconds to reconnect!\n|inactive|prikto43 has 10 seconds to reconnect!\n|inactive|prikto43 has 5 seconds to reconnect!\n|-message|prikto43 lost due to inactivity.\n|\n|win|louisdog\n|raw|prikto43's rating: 1422 &rarr; <strong>1402</strong><br />(-20 for losing)\n|raw|louisdog's rating: 1427 &rarr; <strong>1447</strong><br />(+20 for winning)\n|j|\u2606prikto43\n|player|p1|prikto43|266|\n", "inputlog": ">version f8ac14003a5f27e1bdc8d8c59608a773c1cb96e5\n>start {\"formatid\":\"gen9randombattle\",\"seed\":\"sodium,0a1ae2f240bc8730ddfbca437fcc98df\",\"rated\":\"Rated battle\"}\n>player p1 {\"name\":\"prikto43\",\"avatar\":\"266\",\"rating\":1422,\"seed\":\"sodium,589e619dcc690e74e7439d9ced0f23bd\"}\n>player p2 {\"name\":\"louisdog\",\"avatar\":\"brycenman\",\"rating\":1427,\"seed\":\"sodium,ac219a06c3ffec9a3e88bb98957b44fb\"}\n>p1 move protect\n>p2 move stoneedge\n>p1 move airslash\n>p2 move stoneedge\n>p1 move airslash\n>p2 move stoneedge\n>p1 switch 6\n>p1 switch 5\n>p2 switch 2\n>p1 move taunt\n>p2 switch 6\n>p1 move spikes\n>p2 move trailblaze\n>p1 move earthquake\n>p2 move flareblitz\n>p1 switch 5\n>p1 move bulkup\n>p2 move willowisp\n>p1 move jetpunch\n>p2 move facade\n>p2 switch 2\n>p1 move jetpunch\n>p2 move dynamicpunch\n>p2 switch 5\n>p1 move drainpunch\n>p2 move superpower\n>p1 move drainpunch\n>p2 switch 3\n>p1 move wavecrash\n>p2 move scaleshot\n>p1 move jetpunch\n>p2 move earthquake\n>p2 switch 4\n>p1 move jetpunch\n>p2 move hydropump\n>p1 switch 3\n>chat \u2606prikto43|Hi\n>p1 move thunderbolt terastallize\n>p2 move darkpulse\n>p2 switch 6\n>p1 move thunderbolt\n>p2 move takeheart\n>p1 move nastyplot\n>p2 move rest terastallize\n>p1 move thunderbolt\n>p2 move sleeptalk\n>p1 move nastyplot\n>p2 move takeheart\n>p1 move thunderbolt\n>p2 move scald\n>p1 switch 2\n>p1 move rapidspin\n>p2 move scald\n>p1 move earthquake\n>p2 move scald\n>p2 switch 3\n>forcelose p1", "uploadtime": 1782762196, "views": 5, "formatid": "gen9randombattle", "rating": 1402, "private": 0, "password": null, "player_dets": [{"name": "prikto43", "avatar": "266", "rating": 1422, "seed": "sodium,589e619dcc690e74e7439d9ced0f23bd"}, {"name": "louisdog", "avatar": "brycenman", "rating": 1427, "seed": "sodium,ac219a06c3ffec9a3e88bb98957b44fb"}], "teams_full": [{"Yanmega": {"name": "Yanmega", "species": "Yanmega", "speciesId": "yanmega", "gender": "M", "shiny": false, "level": 82, "moves": ["bugbuzz", "protect", "terablast", "airslash"], "ability": "Speed Boost", "evs": {"hp": 85, "atk": 0, "def": 85, "spa": 85, "spd": 85, "spe": 85}, "ivs": {"hp": 31, "atk": 0, "def": 31, "spa": 31, "spd": 31, "spe": 31}, "item": "Heavy-Duty Boots", "teraType": "Ground", "role": "Tera Blast user", "bvs": {"hp": 86, "atk": 76, "def": 86, "spa": 116, "spd": 56, "spe": 95}, "stats": {"hp": 275, "atk": 129, "def": 188, "spa": 237, "spd": 139, "spe": 203}, "types": ["Bug", "Flying"]}, "Donphan": {"name": "Donphan", "species": "Donphan", "speciesId": "donphan", "gender": "M", "shiny": false, "level": 84, "moves": ["rapidspin", "earthquake", "stealthrock", "knockoff"], "ability": "Sturdy", "evs": {"hp": 85, "atk": 85, "def": 85, "spa": 85, "spd": 85, "spe": 85}, "ivs": {"hp": 31, "atk": 31, "def": 31, "spa": 31, "spd": 31, "spe": 31}, "item": "Leftovers", "teraType": "Dragon", "role": "Bulky Support", "bvs": {"hp": 90, "atk": 120, "def": 120, "spa": 60, "spd": 60, "spe": 50}, "stats": {"hp": 288, "atk": 250, "def": 250, "spa": 149, "spd": 149, "spe": 132}, "types": ["Ground"]}, "Girafarig": {"name": "Girafarig", "species": "Girafarig", "speciesId": "girafarig", "gender": "F", "shiny": false, "level": 89, "moves": ["psyshock", "hypervoice", "thunderbolt", "nastyplot"], "ability": "Sap Sipper", "evs": {"hp": 85, "atk": 0, "def": 85, "spa": 85, "spd": 85, "spe": 85}, "ivs": {"hp": 31, "atk": 0, "def": 31, "spa": 31, "spd": 31, "spe": 31}, "item": "Eviolite", "teraType": "Normal", "role": "Fast Bulky Setup", "bvs": {"hp": 70, "atk": 80, "def": 65, "spa": 90, "spd": 65, "spe": 85}, "stats": {"hp": 269, "atk": 147, "def": 166, "spa": 211, "spd": 166, "spe": 202}, "types": ["Normal", "Psychic"]}, "Polteageist": {"name": "Polteageist", "species": "Polteageist-Antique", "speciesId": "polteageist", "gender": "N", "shiny": false, "level": 78, "moves": ["strengthsap", "storedpower", "shadowball", "shellsmash"], "ability": "Cursed Body", "evs": {"hp": 85, "atk": 0, "def": 85, "spa": 85, "spd": 85, "spe": 85}, "ivs": {"hp": 31, "atk": 0, "def": 31, "spa": 31, "spd": 31, "spe": 31}, "item": "White Herb", "teraType": "Psychic", "role": "Setup Sweeper", "bvs": {"hp": 60, "atk": 65, "def": 65, "spa": 134, "spd": 114, "spe": 70}, "stats": {"hp": 222, "atk": 106, "def": 146, "spa": 254, "spd": 223, "spe": 154}, "types": ["Ghost"]}, "Glalie": {"name": "Glalie", "species": "Glalie", "speciesId": "glalie", "gender": "F", "shiny": false, "level": 96, "moves": ["freezedry", "taunt", "spikes", "earthquake"], "ability": "Inner Focus", "evs": {"hp": 85, "atk": 85, "def": 85, "spa": 85, "spd": 85, "spe": 85}, "ivs": {"hp": 31, "atk": 31, "def": 31, "spa": 31, "spd": 31, "spe": 31}, "item": "Heavy-Duty Boots", "teraType": "Ghost", "role": "Fast Support", "bvs": {"hp": 80, "atk": 80, "def": 80, "spa": 80, "spd": 80, "spe": 80}, "stats": {"hp": 309, "atk": 208, "def": 208, "spa": 208, "spd": 208, "spe": 208}, "types": ["Ice"]}, "Palafin": {"name": "Palafin", "species": "Palafin", "speciesId": "palafin", "gender": "M", "shiny": false, "level": 77, "moves": ["bulkup", "jetpunch", "drainpunch", "wavecrash"], "ability": "Zero to Hero", "evs": {"hp": 85, "atk": 85, "def": 85, "spa": 85, "spd": 85, "spe": 85}, "ivs": {"hp": 31, "atk": 31, "def": 31, "spa": 31, "spd": 31, "spe": 31}, "item": "Leftovers", "teraType": "Dragon", "role": "Bulky Setup", "bvs": {"hp": 100, "atk": 70, "def": 72, "spa": 53, "spd": 62, "spe": 100}, "stats": {"hp": 281, "atk": 152, "def": 155, "spa": 126, "spd": 140, "spe": 199}, "types": ["Water"]}}, {"Golurk": {"name": "Golurk", "species": "Golurk", "speciesId": "golurk", "gender": "N", "shiny": false, "level": 87, "moves": ["earthquake", "poltergeist", "stoneedge", "dynamicpunch"], "ability": "No Guard", "evs": {"hp": 85, "atk": 85, "def": 85, "spa": 85, "spd": 85, "spe": 85}, "ivs": {"hp": 31, "atk": 31, "def": 31, "spa": 31, "spd": 31, "spe": 31}, "item": "Choice Band", "teraType": "Ground", "role": "Wallbreaker", "bvs": {"hp": 89, "atk": 124, "def": 80, "spa": 55, "spd": 80, "spe": 55}, "stats": {"hp": 297, "atk": 266, "def": 189, "spa": 145, "spd": 189, "spe": 145}, "types": ["Ground", "Ghost"]}, "Phione": {"name": "Phione", "species": "Phione", "speciesId": "phione", "gender": "N", "shiny": false, "level": 91, "moves": ["takeheart", "scald", "sleeptalk", "rest"], "ability": "Hydration", "evs": {"hp": 85, "atk": 0, "def": 85, "spa": 85, "spd": 85, "spe": 85}, "ivs": {"hp": 31, "atk": 0, "def": 31, "spa": 31, "spd": 31, "spe": 31}, "item": "Leftovers", "teraType": "Steel", "role": "Bulky Setup", "bvs": {"hp": 80, "atk": 80, "def": 80, "spa": 80, "spd": 80, "spe": 80}, "stats": {"hp": 293, "atk": 150, "def": 197, "spa": 197, "spd": 197, "spe": 197}, "types": ["Water"]}, "Garchomp": {"name": "Garchomp", "species": "Garchomp", "speciesId": "garchomp", "gender": "F", "shiny": false, "level": 74, "moves": ["scaleshot", "swordsdance", "firefang", "earthquake"], "ability": "Rough Skin", "evs": {"hp": 85, "atk": 85, "def": 85, "spa": 85, "spd": 85, "spe": 85}, "ivs": {"hp": 31, "atk": 31, "def": 31, "spa": 31, "spd": 31, "spe": 31}, "item": "Loaded Dice", "teraType": "Ground", "role": "Setup Sweeper", "bvs": {"hp": 108, "atk": 130, "def": 95, "spa": 80, "spd": 85, "spe": 102}, "stats": {"hp": 282, "atk": 235, "def": 184, "spa": 161, "spd": 169, "spe": 194}, "types": ["Dragon", "Ground"]}, "Greninja": {"name": "Greninja", "species": "Greninja-Bond", "speciesId": "greninjabond", "gender": "M", "shiny": false, "level": 80, "moves": ["icebeam", "hydropump", "gunkshot", "darkpulse"], "ability": "Battle Bond", "evs": {"hp": 85, "atk": 85, "def": 85, "spa": 85, "spd": 85, "spe": 85}, "ivs": {"hp": 31, "atk": 31, "def": 31, "spa": 31, "spd": 31, "spe": 31}, "item": "Life Orb", "teraType": "Poison", "role": "Fast Attacker", "bvs": {"hp": 72, "atk": 95, "def": 67, "spa": 103, "spd": 71, "spe": 122}, "stats": {"hp": 246, "atk": 198, "def": 153, "spa": 211, "spd": 160, "spe": 241}, "types": ["Water", "Dark"]}, "Cetitan": {"name": "Cetitan", "species": "Cetitan", "speciesId": "cetitan", "gender": "F", "shiny": false, "level": 82, "moves": ["liquidation", "iceshard", "iciclecrash", "superpower"], "ability": "Sheer Force", "evs": {"hp": 85, "atk": 85, "def": 85, "spa": 85, "spd": 85, "spe": 85}, "ivs": {"hp": 31, "atk": 31, "def": 31, "spa": 31, "spd": 31, "spe": 31}, "item": "Life Orb", "teraType": "Water", "role": "Wallbreaker", "bvs": {"hp": 170, "atk": 113, "def": 65, "spa": 45, "spd": 55, "spe": 73}, "stats": {"hp": 413, "atk": 232, "def": 154, "spa": 121, "spd": 137, "spe": 167}, "types": ["Ice"]}, "Flareon": {"name": "Flareon", "species": "Flareon", "speciesId": "flareon", "gender": "F", "shiny": false, "level": 90, "moves": ["willowisp", "flareblitz", "trailblaze", "facade"], "ability": "Guts", "evs": {"hp": 85, "atk": 85, "def": 85, "spa": 85, "spd": 85, "spe": 85}, "ivs": {"hp": 31, "atk": 31, "def": 31, "spa": 31, "spd": 31, "spe": 31}, "item": "Toxic Orb", "teraType": "Normal", "role": "Setup Sweeper", "bvs": {"hp": 65, "atk": 130, "def": 60, "spa": 95, "spd": 110, "spe": 65}, "stats": {"hp": 263, "atk": 285, "def": 159, "spa": 222, "spd": 249, "spe": 168}, "types": ["Fire"]}}]}