{"id": "gen9randombattle-2641554799", "format": "[Gen 9] Random Battle", "players": ["TheBotanist73", "Foster The Sheeple"], "log": "|j|\u2606TheBotanist73\n|j|\u2606Foster The Sheeple\n|t:|1782806957\n|gametype|singles\n|player|p1|TheBotanist73|scientist-gen7|1967\n|player|p2|Foster The Sheeple|dancer|1996\n|gen|9\n|tier|[Gen 9] Random Battle\n|rated|\n|rule|Species Clause: Limit one of each Pok\u00e9mon\n|rule|HP Percentage Mod: HP is shown in percentages\n|rule|Sleep Clause Mod: Limit one foe put to sleep\n|rule|Illusion Level Mod: Illusion disguises the Pok\u00e9mon's true level\n|\n|t:|1782806957\n|teamsize|p1|6\n|teamsize|p2|6\n|start\n|switch|p1a: Gholdengo|Gholdengo, L77|261/261\n|switch|p2a: Minior|Minior-Yellow, L79|224/224\n|-formechange|p2a: Minior|Minior-Meteor||[from] ability: Shields Down\n|turn|1\n|inactive|Battle timer is ON: inactive players will automatically lose when time's up. (requested by Foster The Sheeple)\n|\n|t:|1782806971\n|switch|p2a: Electivire|Electivire, L84, F|263/263\n|move|p1a: Gholdengo|Make It Rain|p2a: Electivire\n|-resisted|p2a: Electivire\n|-damage|p2a: Electivire|197/263\n|-unboost|p1a: Gholdengo|spa|1\n|\n|upkeep\n|turn|2\n|\n|t:|1782806987\n|switch|p1a: Iron Bundle|Iron Bundle, L78|215/215\n|move|p2a: Electivire|Bulk Up|p2a: Electivire\n|-boost|p2a: Electivire|atk|1\n|-boost|p2a: Electivire|def|1\n|\n|upkeep\n|turn|3\n|\n|t:|1782806996\n|move|p1a: Iron Bundle|Encore|p2a: Electivire\n|-start|p2a: Electivire|Encore\n|move|p2a: Electivire|Bulk Up|p2a: Electivire\n|-boost|p2a: Electivire|atk|1\n|-boost|p2a: Electivire|def|1\n|\n|upkeep\n|turn|4\n|\n|t:|1782807003\n|switch|p2a: Seviper|Seviper, L93, M|287/287\n|move|p1a: Iron Bundle|Ice Beam|p2a: Seviper\n|-damage|p2a: Seviper|167/287\n|\n|-heal|p2a: Seviper|184/287|[from] item: Leftovers\n|upkeep\n|turn|5\n|\n|t:|1782807017\n|move|p1a: Iron Bundle|Hydro Pump|p2a: Seviper\n|-damage|p2a: Seviper|36/287\n|move|p2a: Seviper|Trailblaze|p1a: Iron Bundle\n|-supereffective|p1a: Iron Bundle\n|-damage|p1a: Iron Bundle|131/215\n|-boost|p2a: Seviper|spe|1\n|\n|-heal|p2a: Seviper|53/287|[from] item: Leftovers\n|upkeep\n|turn|6\n|\n|t:|1782807023\n|move|p2a: Seviper|Gunk Shot|p1a: Iron Bundle|[miss]\n|-miss|p2a: Seviper|p1a: Iron Bundle\n|move|p1a: Iron Bundle|Ice Beam|p2a: Seviper\n|-damage|p2a: Seviper|0 fnt\n|faint|p2a: Seviper\n|\n|upkeep\n|\n|t:|1782807041\n|switch|p2a: Electivire|Electivire, L84, F|197/263\n|turn|7\n|\n|t:|1782807048\n|-end|p1a: Iron Bundle|Quark Drive|[silent]\n|switch|p1a: Jolteon|Jolteon, L84, F|246/246\n|move|p2a: Electivire|Supercell Slam|p1a: Jolteon\n|-immune|p1a: Jolteon|[from] ability: Volt Absorb\n|-damage|p2a: Electivire|66/263|[from] supercellslam\n|\n|upkeep\n|turn|8\n|\n|t:|1782807058\n|switch|p2a: Piloswine|Piloswine, L85, F|309/309\n|move|p1a: Jolteon|Substitute|p1a: Jolteon\n|-start|p1a: Jolteon|Substitute\n|-damage|p1a: Jolteon|185/246\n|\n|-heal|p1a: Jolteon|200/246|[from] item: Leftovers\n|upkeep\n|turn|9\n|\n|t:|1782807063\n|move|p1a: Jolteon|Tera Blast|p2a: Piloswine\n|-damage|p2a: Piloswine|254/309\n|move|p2a: Piloswine|Roar|p1a: Jolteon\n|drag|p1a: Keldeo|Keldeo-Resolute, L79|273/273\n|\n|upkeep\n|turn|10\n|\n|t:|1782807078\n|move|p1a: Keldeo|Secret Sword|p2a: Piloswine\n|-supereffective|p2a: Piloswine\n|-damage|p2a: Piloswine|120/309\n|move|p2a: Piloswine|Stealth Rock|p1a: Keldeo\n|-sidestart|p1: TheBotanist73|move: Stealth Rock\n|\n|upkeep\n|turn|11\n|\n|t:|1782807097\n|switch|p2a: Mudsdale|Mudsdale, L83, F|302/302\n|move|p1a: Keldeo|Secret Sword|p2a: Mudsdale\n|-damage|p2a: Mudsdale|212/302\n|-ability|p2a: Mudsdale|Stamina|boost\n|-boost|p2a: Mudsdale|def|1\n|\n|-heal|p2a: Mudsdale|230/302|[from] item: Leftovers\n|upkeep\n|turn|12\n|\n|t:|1782807104\n|move|p1a: Keldeo|Calm Mind|p1a: Keldeo\n|-boost|p1a: Keldeo|spa|1\n|-boost|p1a: Keldeo|spd|1\n|move|p2a: Mudsdale|Earthquake|p1a: Keldeo\n|-damage|p1a: Keldeo|132/273\n|\n|-heal|p1a: Keldeo|149/273|[from] item: Leftovers\n|-heal|p2a: Mudsdale|248/302|[from] item: Leftovers\n|upkeep\n|turn|13\n|\n|t:|1782807118\n|move|p1a: Keldeo|Hydro Pump|p2a: Mudsdale|[miss]\n|-miss|p1a: Keldeo|p2a: Mudsdale\n|move|p2a: Mudsdale|Earthquake|p1a: Keldeo\n|-damage|p1a: Keldeo|5/273\n|\n|-heal|p1a: Keldeo|22/273|[from] item: Leftovers\n|-heal|p2a: Mudsdale|266/302|[from] item: Leftovers\n|upkeep\n|turn|14\n|\n|t:|1782807137\n|-terastallize|p2a: Mudsdale|Steel\n|move|p1a: Keldeo|Hydro Pump|p2a: Mudsdale|[miss]\n|-miss|p1a: Keldeo|p2a: Mudsdale\n|move|p2a: Mudsdale|Earthquake|p1a: Keldeo\n|-crit|p1a: Keldeo\n|-damage|p1a: Keldeo|0 fnt\n|faint|p1a: Keldeo\n|\n|-heal|p2a: Mudsdale|284/302|[from] item: Leftovers\n|upkeep\n|inactive|TheBotanist73 has 120 seconds left.\n|\n|t:|1782807172\n|switch|p1a: Iron Bundle|Iron Bundle, L78|131/215\n|turn|15\n|\n|t:|1782807180\n|move|p1a: Iron Bundle|Hydro Pump|p2a: Mudsdale\n|-damage|p2a: Mudsdale|166/302\n|-ability|p2a: Mudsdale|Stamina|boost\n|-boost|p2a: Mudsdale|def|1\n|move|p2a: Mudsdale|Stone Edge|p1a: Iron Bundle\n|-supereffective|p1a: Iron Bundle\n|-damage|p1a: Iron Bundle|0 fnt\n|faint|p1a: Iron Bundle\n|-end|p1a: Iron Bundle|Quark Drive|[silent]\n|\n|-heal|p2a: Mudsdale|184/302|[from] item: Leftovers\n|upkeep\n|inactive|TheBotanist73 has 120 seconds left.\n|\n|t:|1782807200\n|switch|p1a: Magnezone|Magnezone, L85|258/258\n|-damage|p1a: Magnezone|242/258|[from] Stealth Rock\n|turn|16\n|\n|t:|1782807212\n|move|p1a: Magnezone|Volt Switch|p2a: Mudsdale\n|-damage|p2a: Mudsdale|81/302\n|-ability|p2a: Mudsdale|Stamina|boost\n|-boost|p2a: Mudsdale|def|1\n|\n|t:|1782807222\n|switch|p1a: Rillaboom|Rillaboom, L79, M|288/288|[from] Volt Switch\n|-damage|p1a: Rillaboom|252/288|[from] Stealth Rock\n|-fieldstart|move: Grassy Terrain|[from] ability: Grassy Surge|[of] p1a: Rillaboom\n|move|p2a: Mudsdale|Earthquake|p1a: Rillaboom\n|-resisted|p1a: Rillaboom\n|-damage|p1a: Rillaboom|217/288\n|\n|-heal|p1a: Rillaboom|235/288|[from] Grassy Terrain\n|-heal|p2a: Mudsdale|99/302|[from] Grassy Terrain\n|-heal|p2a: Mudsdale|117/302|[from] item: Leftovers\n|upkeep\n|turn|17\n|\n|t:|1782807247\n|move|p1a: Rillaboom|Knock Off|p2a: Mudsdale\n|-damage|p2a: Mudsdale|74/302\n|-ability|p2a: Mudsdale|Stamina|boost\n|-boost|p2a: Mudsdale|def|1\n|-enditem|p2a: Mudsdale|Leftovers|[from] move: Knock Off|[of] p1a: Rillaboom\n|move|p2a: Mudsdale|Heavy Slam|p1a: Rillaboom\n|-damage|p1a: Rillaboom|81/288\n|\n|-heal|p1a: Rillaboom|99/288|[from] Grassy Terrain\n|-heal|p2a: Mudsdale|92/302|[from] Grassy Terrain\n|upkeep\n|turn|18\n|inactive|TheBotanist73 has 120 seconds left.\n|\n|t:|1782807260\n|switch|p1a: Magnezone|Magnezone, L85|242/258\n|-damage|p1a: Magnezone|226/258|[from] Stealth Rock\n|move|p2a: Mudsdale|Heavy Slam|p1a: Magnezone\n|-resisted|p1a: Magnezone\n|-damage|p1a: Magnezone|195/258\n|\n|-heal|p1a: Magnezone|211/258|[from] Grassy Terrain\n|-heal|p2a: Mudsdale|110/302|[from] Grassy Terrain\n|upkeep\n|turn|19\n|\n|t:|1782807270\n|move|p1a: Magnezone|Thunderbolt|p2a: Mudsdale\n|-damage|p2a: Mudsdale|0 fnt\n|faint|p2a: Mudsdale\n|\n|-heal|p1a: Magnezone|227/258|[from] Grassy Terrain\n|upkeep\n|\n|t:|1782807280\n|switch|p2a: Electivire|Electivire, L84, F|66/263\n|turn|20\n|\n|t:|1782807290\n|move|p2a: Electivire|Earthquake|p1a: Magnezone\n|-supereffective|p1a: Magnezone\n|-damage|p1a: Magnezone|29/258\n|-damage|p2a: Electivire|40/263|[from] item: Life Orb\n|move|p1a: Magnezone|Flash Cannon|p2a: Electivire\n|-resisted|p2a: Electivire\n|-damage|p2a: Electivire|0 fnt\n|faint|p2a: Electivire\n|\n|-heal|p1a: Magnezone|45/258|[from] Grassy Terrain\n|-fieldend|move: Grassy Terrain\n|upkeep\n|inactive|Foster The Sheeple has 120 seconds left.\n|\n|t:|1782807311\n|switch|p2a: Flapple|Flapple, L88, F|266/266\n|turn|21\n|\n|t:|1782807319\n|move|p2a: Flapple|U-turn|p1a: Magnezone\n|-resisted|p1a: Magnezone\n|-damage|p1a: Magnezone|0 fnt\n|faint|p1a: Magnezone\n|\n|t:|1782807324\n|switch|p2a: Piloswine|Piloswine, L85, F|120/309|[from] U-turn\n|\n|upkeep\n|\n|t:|1782807330\n|switch|p1a: Gholdengo|Gholdengo, L77|261/261\n|-damage|p1a: Gholdengo|245/261|[from] Stealth Rock\n|turn|22\n|\n|t:|1782807339\n|move|p1a: Gholdengo|Make It Rain|p2a: Piloswine\n|-supereffective|p2a: Piloswine\n|-damage|p2a: Piloswine|0 fnt\n|-unboost|p1a: Gholdengo|spa|1\n|faint|p2a: Piloswine\n|\n|-heal|p1a: Gholdengo|261/261|[from] item: Leftovers\n|upkeep\n|\n|t:|1782807357\n|switch|p2a: Flapple|Flapple, L88, F|266/266\n|turn|23\n|\n|t:|1782807362\n|move|p1a: Gholdengo|Thunder Wave|p2a: Flapple\n|-status|p2a: Flapple|par\n|move|p2a: Flapple|Grav Apple|p1a: Gholdengo\n|-resisted|p1a: Gholdengo\n|-damage|p1a: Gholdengo|139/261\n|-unboost|p1a: Gholdengo|def|1\n|\n|-heal|p1a: Gholdengo|155/261|[from] item: Leftovers\n|upkeep\n|turn|24\n|\n|t:|1782807374\n|move|p1a: Gholdengo|Recover|p1a: Gholdengo\n|-heal|p1a: Gholdengo|261/261\n|move|p2a: Flapple|Grav Apple|p1a: Gholdengo\n|-resisted|p1a: Gholdengo\n|-damage|p1a: Gholdengo|69/261\n|-unboost|p1a: Gholdengo|def|1\n|\n|-heal|p1a: Gholdengo|85/261|[from] item: Leftovers\n|upkeep\n|turn|25\n|\n|t:|1782807383\n|move|p1a: Gholdengo|Make It Rain|p2a: Flapple\n|-damage|p2a: Flapple|154/266 par\n|-unboost|p1a: Gholdengo|spa|1\n|cant|p2a: Flapple|par\n|\n|-heal|p1a: Gholdengo|101/261|[from] item: Leftovers\n|upkeep\n|turn|26\n|\n|t:|1782807390\n|move|p1a: Gholdengo|Make It Rain|p2a: Flapple\n|-damage|p2a: Flapple|63/266 par\n|-unboost|p1a: Gholdengo|spa|1\n|cant|p2a: Flapple|par\n|\n|-heal|p1a: Gholdengo|117/261|[from] item: Leftovers\n|upkeep\n|turn|27\n|\n|t:|1782807398\n|move|p1a: Gholdengo|Make It Rain|p2a: Flapple\n|-damage|p2a: Flapple|0 fnt\n|-unboost|p1a: Gholdengo|spa|1\n|faint|p2a: Flapple\n|\n|-heal|p1a: Gholdengo|133/261|[from] item: Leftovers\n|upkeep\n|\n|t:|1782807402\n|switch|p2a: Minior|Minior-Yellow, L79|224/224\n|-formechange|p2a: Minior|Minior-Meteor||[from] ability: Shields Down\n|turn|28\n|\n|t:|1782807417\n|move|p1a: Gholdengo|Make It Rain|p2a: Minior\n|-supereffective|p2a: Minior\n|-damage|p2a: Minior|128/224\n|-unboost|p1a: Gholdengo|spa|1\n|move|p2a: Minior|Shell Smash|p2a: Minior\n|-unboost|p2a: Minior|def|1\n|-unboost|p2a: Minior|spd|1\n|-boost|p2a: Minior|atk|2\n|-boost|p2a: Minior|spa|2\n|-boost|p2a: Minior|spe|2\n|-enditem|p2a: Minior|White Herb\n|-clearnegativeboost|p2a: Minior|[silent]\n|\n|-heal|p1a: Gholdengo|149/261|[from] item: Leftovers\n|upkeep\n|turn|29\n|\n|t:|1782807429\n|switch|p1a: Jolteon|Jolteon, L84, F|200/246\n|-damage|p1a: Jolteon|170/246|[from] Stealth Rock\n|move|p2a: Minior|Earthquake|p1a: Jolteon\n|-supereffective|p1a: Jolteon\n|-damage|p1a: Jolteon|0 fnt\n|faint|p1a: Jolteon\n|\n|upkeep\n|\n|t:|1782807435\n|switch|p1a: Gholdengo|Gholdengo, L77|149/261\n|-damage|p1a: Gholdengo|133/261|[from] Stealth Rock\n|turn|30\n|\n|t:|1782807440\n|-terastallize|p1a: Gholdengo|Dark\n|move|p2a: Minior|Earthquake|p1a: Gholdengo\n|-damage|p1a: Gholdengo|39/261\n|move|p1a: Gholdengo|Make It Rain|p2a: Minior\n|-supereffective|p2a: Minior\n|-damage|p2a: Minior|0 fnt\n|-unboost|p1a: Gholdengo|spa|1\n|faint|p2a: Minior\n|\n|win|TheBotanist73\n", "inputlog": ">version f8ac14003a5f27e1bdc8d8c59608a773c1cb96e5\n>start {\"formatid\":\"gen9randombattle\",\"seed\":\"sodium,d375cd2466be7be39e6e7b000ed66a77\",\"rated\":\"Rated battle\"}\n>player p1 {\"name\":\"TheBotanist73\",\"avatar\":\"scientist-gen7\",\"rating\":1967,\"seed\":\"sodium,9937f2113d4aec30bdd3c3591168c34b\"}\n>player p2 {\"name\":\"Foster The Sheeple\",\"avatar\":\"dancer\",\"rating\":1996,\"seed\":\"sodium,630a17ce03bdd8a4e3cb32af40609cd4\"}\n>p1 move makeitrain\n>p2 switch 4\n>p1 switch 2\n>p2 move bulkup\n>p1 move encore\n>p2 move supercellslam\n>p1 move icebeam\n>p2 switch 6\n>p1 move hydropump\n>p2 move trailblaze\n>p1 move icebeam\n>p2 move gunkshot\n>p2 switch 6\n>p1 switch 6\n>p2 move supercellslam\n>p1 move substitute\n>p2 switch 3\n>p1 move terablast\n>p2 move roar\n>p1 move secretsword\n>p2 move stealthrock\n>p1 move secretsword\n>p2 switch 5\n>p1 move calmmind\n>p2 move earthquake\n>p1 move hydropump\n>p2 move earthquake\n>p1 move hydropump\n>p2 move earthquake terastallize\n>p1 switch 6\n>p1 move hydropump\n>p2 move stoneedge\n>p1 switch 3\n>p1 move voltswitch\n>p2 move earthquake\n>p1 switch 5\n>p1 move knockoff\n>p2 move heavyslam\n>p1 switch 5\n>p2 move heavyslam\n>p1 move thunderbolt\n>p2 move roar\n>p2 switch 3\n>p1 move flashcannon\n>p2 move earthquake\n>p2 switch 2\n>p1 move flashcannon\n>p2 move uturn\n>p2 switch 5\n>p1 switch 2\n>p1 move makeitrain\n>p2 move roar\n>p2 switch 5\n>p1 move thunderwave\n>p2 move gravapple\n>p1 move recover\n>p2 move gravapple\n>p1 move makeitrain\n>p2 move gravapple\n>p1 move makeitrain\n>p2 move gravapple\n>p1 move makeitrain\n>p2 move gravapple\n>p2 switch 4\n>p1 move makeitrain\n>p2 move shellsmash\n>p1 switch 4\n>p2 move earthquake\n>p1 switch 4\n>p1 move makeitrain terastallize\n>p2 move earthquake", "uploadtime": 1782806960, "views": 7, "formatid": "gen9randombattle", "rating": null, "private": 0, "password": null, "player_dets": [{"name": "TheBotanist73", "avatar": "scientist-gen7", "rating": 1967, "seed": "sodium,9937f2113d4aec30bdd3c3591168c34b"}, {"name": "Foster The Sheeple", "avatar": "dancer", "rating": 1996, "seed": "sodium,630a17ce03bdd8a4e3cb32af40609cd4"}], "teams_full": [{"Gholdengo": {"name": "Gholdengo", "species": "Gholdengo", "speciesId": "gholdengo", "gender": "N", "shiny": false, "level": 77, "moves": ["makeitrain", "thunderwave", "recover", "shadowball"], "ability": "Good as Gold", "evs": {"hp": 85, "atk": 0, "def": 85, "spa": 85, "spd": 85, "spe": 85}, "ivs": {"hp": 31, "atk": 0, "def": 31, "spa": 31, "spd": 31, "spe": 31}, "item": "Leftovers", "teraType": "Dark", "role": "Bulky Support", "bvs": {"hp": 87, "atk": 60, "def": 95, "spa": 133, "spd": 91, "spe": 84}, "stats": {"hp": 261, "atk": 97, "def": 191, "spa": 249, "spd": 185, "spe": 174}, "types": ["Steel", "Ghost"]}, "Iron Bundle": {"name": "Iron Bundle", "species": "Iron Bundle", "speciesId": "ironbundle", "gender": "N", "shiny": false, "level": 78, "moves": ["hydropump", "icebeam", "encore", "freezedry"], "ability": "Quark Drive", "evs": {"hp": 85, "atk": 0, "def": 85, "spa": 85, "spd": 85, "spe": 85}, "ivs": {"hp": 31, "atk": 0, "def": 31, "spa": 31, "spd": 31, "spe": 31}, "item": "Heavy-Duty Boots", "teraType": "Ice", "role": "Fast Attacker", "bvs": {"hp": 56, "atk": 80, "def": 114, "spa": 124, "spd": 60, "spe": 136}, "stats": {"hp": 215, "atk": 129, "def": 223, "spa": 239, "spd": 139, "spe": 257}, "types": ["Ice", "Water"]}, "Magnezone": {"name": "Magnezone", "species": "Magnezone", "speciesId": "magnezone", "gender": "N", "shiny": false, "level": 85, "moves": ["thunderbolt", "flashcannon", "mirrorcoat", "voltswitch"], "ability": "Analytic", "evs": {"hp": 85, "atk": 0, "def": 85, "spa": 85, "spd": 85, "spe": 85}, "ivs": {"hp": 31, "atk": 0, "def": 31, "spa": 31, "spd": 31, "spe": 31}, "item": "Assault Vest", "teraType": "Flying", "role": "AV Pivot", "bvs": {"hp": 70, "atk": 70, "def": 115, "spa": 130, "spd": 90, "spe": 60}, "stats": {"hp": 258, "atk": 124, "def": 244, "spa": 270, "spd": 202, "spe": 151}, "types": ["Electric", "Steel"]}, "Keldeo": {"name": "Keldeo", "species": "Keldeo-Resolute", "speciesId": "keldeoresolute", "gender": "N", "shiny": false, "level": 79, "moves": ["hydropump", "substitute", "calmmind", "secretsword"], "ability": "Justified", "evs": {"hp": 85, "atk": 0, "def": 85, "spa": 85, "spd": 85, "spe": 85}, "ivs": {"hp": 31, "atk": 0, "def": 31, "spa": 31, "spd": 31, "spe": 31}, "item": "Leftovers", "teraType": "Steel", "role": "Bulky Setup", "bvs": {"hp": 91, "atk": 72, "def": 90, "spa": 129, "spd": 90, "spe": 108}, "stats": {"hp": 273, "atk": 118, "def": 188, "spa": 249, "spd": 188, "spe": 216}, "types": ["Water", "Fighting"]}, "Rillaboom": {"name": "Rillaboom", "species": "Rillaboom", "speciesId": "rillaboom", "gender": "M", "shiny": false, "level": 79, "moves": ["knockoff", "woodhammer", "grassyglide", "uturn"], "ability": "Grassy Surge", "evs": {"hp": 85, "atk": 85, "def": 85, "spa": 85, "spd": 85, "spe": 85}, "ivs": {"hp": 31, "atk": 31, "def": 31, "spa": 31, "spd": 31, "spe": 31}, "item": "Choice Band", "teraType": "Grass", "role": "Wallbreaker", "bvs": {"hp": 100, "atk": 125, "def": 90, "spa": 60, "spd": 70, "spe": 85}, "stats": {"hp": 288, "atk": 243, "def": 188, "spa": 140, "spd": 156, "spe": 180}, "types": ["Grass"]}, "Jolteon": {"name": "Jolteon", "species": "Jolteon", "speciesId": "jolteon", "gender": "F", "shiny": false, "level": 84, "moves": ["terablast", "substitute", "thunderbolt", "calmmind"], "ability": "Volt Absorb", "evs": {"hp": 85, "atk": 0, "def": 85, "spa": 85, "spd": 85, "spe": 85}, "ivs": {"hp": 31, "atk": 0, "def": 31, "spa": 31, "spd": 31, "spe": 31}, "item": "Leftovers", "teraType": "Ice", "role": "Tera Blast user", "bvs": {"hp": 65, "atk": 65, "def": 60, "spa": 110, "spd": 95, "spe": 130}, "stats": {"hp": 246, "atk": 114, "def": 149, "spa": 233, "spd": 208, "spe": 267}, "types": ["Electric"]}}, {"Minior": {"name": "Minior", "species": "Minior-Yellow", "speciesId": "minior", "gender": "N", "shiny": false, "level": 79, "moves": ["shellsmash", "earthquake", "acrobatics", "powergem"], "ability": "Shields Down", "evs": {"hp": 85, "atk": 85, "def": 85, "spa": 85, "spd": 85, "spe": 85}, "ivs": {"hp": 31, "atk": 31, "def": 31, "spa": 31, "spd": 31, "spe": 31}, "item": "White Herb", "teraType": "Steel", "role": "Setup Sweeper", "bvs": {"hp": 60, "atk": 100, "def": 60, "spa": 100, "spd": 60, "spe": 120}, "stats": {"hp": 224, "atk": 204, "def": 140, "spa": 204, "spd": 140, "spe": 235}, "types": ["Rock", "Flying"]}, "Flapple": {"name": "Flapple", "species": "Flapple", "speciesId": "flapple", "gender": "F", "shiny": false, "level": 88, "moves": ["suckerpunch", "gravapple", "outrage", "uturn"], "ability": "Hustle", "evs": {"hp": 85, "atk": 85, "def": 85, "spa": 85, "spd": 85, "spe": 85}, "ivs": {"hp": 31, "atk": 31, "def": 31, "spa": 31, "spd": 31, "spe": 31}, "item": "Choice Band", "teraType": "Steel", "role": "Fast Attacker", "bvs": {"hp": 70, "atk": 110, "def": 80, "spa": 95, "spd": 60, "spe": 70}, "stats": {"hp": 266, "atk": 244, "def": 191, "spa": 217, "spd": 156, "spe": 173}, "types": ["Grass", "Dragon"]}, "Piloswine": {"name": "Piloswine", "species": "Piloswine", "speciesId": "piloswine", "gender": "F", "shiny": false, "level": 85, "moves": ["earthquake", "stealthrock", "roar", "iciclecrash"], "ability": "Thick Fat", "evs": {"hp": 85, "atk": 85, "def": 85, "spa": 85, "spd": 85, "spe": 85}, "ivs": {"hp": 31, "atk": 31, "def": 31, "spa": 31, "spd": 31, "spe": 31}, "item": "Eviolite", "teraType": "Dragon", "role": "Bulky Support", "bvs": {"hp": 100, "atk": 100, "def": 80, "spa": 60, "spd": 60, "spe": 50}, "stats": {"hp": 309, "atk": 219, "def": 185, "spa": 151, "spd": 151, "spe": 134}, "types": ["Ice", "Ground"]}, "Electivire": {"name": "Electivire", "species": "Electivire", "speciesId": "electivire", "gender": "F", "shiny": false, "level": 84, "moves": ["bulkup", "icepunch", "supercellslam", "earthquake"], "ability": "Motor Drive", "evs": {"hp": 85, "atk": 85, "def": 85, "spa": 85, "spd": 85, "spe": 85}, "ivs": {"hp": 31, "atk": 31, "def": 31, "spa": 31, "spd": 31, "spe": 31}, "item": "Life Orb", "teraType": "Ground", "role": "Setup Sweeper", "bvs": {"hp": 75, "atk": 123, "def": 67, "spa": 95, "spd": 85, "spe": 95}, "stats": {"hp": 263, "atk": 255, "def": 161, "spa": 208, "spd": 191, "spe": 208}, "types": ["Electric"]}, "Mudsdale": {"name": "Mudsdale", "species": "Mudsdale", "speciesId": "mudsdale", "gender": "F", "shiny": false, "level": 83, "moves": ["roar", "earthquake", "heavyslam", "stoneedge"], "ability": "Stamina", "evs": {"hp": 85, "atk": 85, "def": 85, "spa": 85, "spd": 85, "spe": 85}, "ivs": {"hp": 31, "atk": 31, "def": 31, "spa": 31, "spd": 31, "spe": 31}, "item": "Leftovers", "teraType": "Steel", "role": "Bulky Attacker", "bvs": {"hp": 100, "atk": 125, "def": 100, "spa": 55, "spd": 85, "spe": 35}, "stats": {"hp": 302, "atk": 255, "def": 214, "spa": 139, "spd": 189, "spe": 106}, "types": ["Ground"]}, "Seviper": {"name": "Seviper", "species": "Seviper", "speciesId": "seviper", "gender": "M", "shiny": false, "level": 93, "moves": ["earthquake", "trailblaze", "swordsdance", "gunkshot"], "ability": "Infiltrator", "evs": {"hp": 85, "atk": 85, "def": 85, "spa": 85, "spd": 85, "spe": 85}, "ivs": {"hp": 31, "atk": 31, "def": 31, "spa": 31, "spd": 31, "spe": 31}, "item": "Leftovers", "teraType": "Grass", "role": "Bulky Setup", "bvs": {"hp": 73, "atk": 100, "def": 60, "spa": 100, "spd": 60, "spe": 65}, "stats": {"hp": 287, "atk": 239, "def": 164, "spa": 239, "spd": 164, "spe": 174}, "types": ["Poison"]}}]}