{"id": "gen9randombattle-2641167632", "format": "[Gen 9] Random Battle", "players": ["coggs's", "Sky_Yagami95"], "log": "|j|\u2606coggs's\n|j|\u2606Sky_Yagami95\n|t:|1782748828\n|gametype|singles\n|player|p1|coggs's|170|\n|player|p2|Sky_Yagami95|riley|\n|gen|9\n|tier|[Gen 9] Random Battle\n|rule|Species Clause: Limit one of each Pok\u00e9mon\n|rule|HP Percentage Mod: HP is shown in percentages\n|rule|Sleep Clause Mod: Limit one foe put to sleep\n|rule|Illusion Level Mod: Illusion disguises the Pok\u00e9mon's true level\n|\n|t:|1782748828\n|teamsize|p1|6\n|teamsize|p2|6\n|start\n|switch|p1a: Volbeat|Volbeat, L90, M|263/263\n|switch|p2a: Grimmsnarl|Grimmsnarl, L83, M|293/293\n|turn|1\n|c|\u2606coggs's|glhf\n|\n|t:|1782748871\n|move|p1a: Volbeat|Thunder Wave|p2a: Grimmsnarl\n|-hint|Since gen 7, Dark is immune to Prankster moves.\n|-immune|p2a: Grimmsnarl\n|move|p2a: Grimmsnarl|Parting Shot|p1a: Volbeat\n|-unboost|p1a: Volbeat|atk|1\n|-unboost|p1a: Volbeat|spa|1\n|\n|t:|1782748897\n|switch|p2a: Avalugg|Avalugg-Hisui, L90, F|317/317|[from] Parting Shot\n|\n|upkeep\n|turn|2\n|\n|t:|1782748930\n|move|p1a: Volbeat|U-turn|p2a: Avalugg\n|-damage|p2a: Avalugg|290/317\n|\n|t:|1782748937\n|switch|p1a: Iron Treads|Iron Treads, L77|265/265|[from] U-turn\n|move|p2a: Avalugg|Stone Edge|p1a: Iron Treads\n|-resisted|p1a: Iron Treads\n|-damage|p1a: Iron Treads|235/265\n|\n|-heal|p1a: Iron Treads|251/265|[from] item: Leftovers\n|upkeep\n|turn|3\n|\n|t:|1782748961\n|-terastallize|p2a: Avalugg|Poison\n|move|p1a: Iron Treads|Stealth Rock|p2a: Avalugg\n|-sidestart|p2: Sky_Yagami95|move: Stealth Rock\n|move|p2a: Avalugg|Body Press|p1a: Iron Treads\n|-supereffective|p1a: Iron Treads\n|-damage|p1a: Iron Treads|55/265\n|\n|-heal|p1a: Iron Treads|71/265|[from] item: Leftovers\n|upkeep\n|turn|4\n|\n|t:|1782748985\n|-end|p1a: Iron Treads|Quark Drive|[silent]\n|switch|p1a: Volbeat|Volbeat, L90, M|263/263\n|move|p2a: Avalugg|Body Press|p1a: Volbeat\n|-resisted|p1a: Volbeat\n|-damage|p1a: Volbeat|202/263\n|\n|upkeep\n|turn|5\n|\n|t:|1782748998\n|move|p1a: Volbeat|Encore|p2a: Avalugg\n|-start|p2a: Avalugg|Encore\n|move|p2a: Avalugg|Body Press|p1a: Volbeat\n|-resisted|p1a: Volbeat\n|-damage|p1a: Volbeat|142/263\n|\n|upkeep\n|turn|6\n|\n|t:|1782749015\n|move|p1a: Volbeat|Roost|p1a: Volbeat\n|-heal|p1a: Volbeat|263/263\n|-singleturn|p1a: Volbeat|move: Roost\n|move|p2a: Avalugg|Body Press|p1a: Volbeat\n|-resisted|p1a: Volbeat\n|-damage|p1a: Volbeat|202/263\n|\n|upkeep\n|turn|7\n|\n|t:|1782749024\n|switch|p2a: Coalossal|Coalossal, L89, F|341/341\n|move|p1a: Volbeat|Thunder Wave|p2a: Coalossal|[miss]\n|-miss|p1a: Volbeat|p2a: Coalossal\n|\n|upkeep\n|turn|8\n|\n|t:|1782749037\n|move|p1a: Volbeat|U-turn|p2a: Coalossal\n|-resisted|p2a: Coalossal\n|-damage|p2a: Coalossal|314/341\n|\n|t:|1782749039\n|switch|p1a: Chandelure|Chandelure, L83, F|235/235|[from] U-turn\n|move|p2a: Coalossal|Overheat|p1a: Chandelure\n|-start|p1a: Chandelure|ability: Flash Fire\n|\n|upkeep\n|turn|9\n|\n|t:|1782749071\n|-end|p1a: Chandelure|ability: Flash Fire|[silent]\n|switch|p1a: Appletun|Appletun, L92, M|352/352\n|switch|p2a: Grimmsnarl|Grimmsnarl, L83, M|293/293\n|-damage|p2a: Grimmsnarl|257/293|[from] Stealth Rock\n|\n|-heal|p2a: Grimmsnarl|275/293|[from] item: Leftovers\n|upkeep\n|turn|10\n|\n|t:|1782749099\n|move|p2a: Grimmsnarl|Spirit Break|p1a: Appletun\n|-supereffective|p1a: Appletun\n|-damage|p1a: Appletun|158/352\n|-unboost|p1a: Appletun|spa|1\n|move|p1a: Appletun|Apple Acid|p2a: Grimmsnarl\n|-damage|p2a: Grimmsnarl|196/293\n|-unboost|p2a: Grimmsnarl|spd|1\n|\n|-heal|p2a: Grimmsnarl|214/293|[from] item: Leftovers\n|-heal|p1a: Appletun|180/352|[from] item: Leftovers\n|upkeep\n|turn|11\n|\n|t:|1782749113\n|switch|p1a: Enamorus|Enamorus-Therian, L83, F|259/259\n|move|p2a: Grimmsnarl|Spirit Break|p1a: Enamorus\n|-damage|p1a: Enamorus|177/259\n|-unboost|p1a: Enamorus|spa|1\n|\n|-heal|p2a: Grimmsnarl|232/293|[from] item: Leftovers\n|upkeep\n|turn|12\n|l|\u2606Sky_Yagami95\n|player|p2|\n|j|\u2606Sky_Yagami95\n|player|p2|Sky_Yagami95|riley|\n|c|\u2606coggs's|wb\n|l|\u2606Sky_Yagami95\n|player|p2|\n|j|\u2606Sky_Yagami95\n|player|p2|Sky_Yagami95|riley|\n|\n|t:|1782749298\n|switch|p2a: Avalugg|Avalugg-Hisui, L90, F, tera:Poison|290/317\n|move|p1a: Enamorus|Earth Power|p2a: Avalugg\n|-supereffective|p2a: Avalugg\n|-damage|p2a: Avalugg|96/317\n|-unboost|p2a: Avalugg|spd|1\n|\n|upkeep\n|turn|13\n|\n|t:|1782749316\n|move|p1a: Enamorus|Earth Power|p2a: Avalugg\n|-supereffective|p2a: Avalugg\n|-damage|p2a: Avalugg|0 fnt\n|faint|p2a: Avalugg\n|\n|upkeep\n|\n|t:|1782749341\n|switch|p2a: Arboliva|Arboliva, L91, F|288/288\n|-damage|p2a: Arboliva|252/288|[from] Stealth Rock\n|turn|14\n|\n|t:|1782749362\n|move|p1a: Enamorus|Mystical Fire|p2a: Arboliva\n|-supereffective|p2a: Arboliva\n|-crit|p2a: Arboliva\n|-damage|p2a: Arboliva|86/288\n|-unboost|p2a: Arboliva|spa|1\n|-enditem|p2a: Arboliva|Sitrus Berry|[eat]\n|-heal|p2a: Arboliva|158/288|[from] item: Sitrus Berry\n|move|p2a: Arboliva|Substitute|p2a: Arboliva\n|-start|p2a: Arboliva|Substitute\n|-damage|p2a: Arboliva|86/288\n|\n|-item|p2a: Arboliva|Sitrus Berry|[from] ability: Harvest\n|upkeep\n|-enditem|p2a: Arboliva|Sitrus Berry|[eat]\n|-heal|p2a: Arboliva|158/288|[from] item: Sitrus Berry\n|turn|15\n|\n|t:|1782749379\n|move|p1a: Enamorus|Mystical Fire|p2a: Arboliva\n|-supereffective|p2a: Arboliva\n|-end|p2a: Arboliva|Substitute\n|move|p2a: Arboliva|Leech Seed|p1a: Enamorus\n|-start|p1a: Enamorus|move: Leech Seed\n|\n|-damage|p1a: Enamorus|145/259|[from] Leech Seed|[of] p2a: Arboliva\n|-heal|p2a: Arboliva|190/288|[silent]\n|-item|p2a: Arboliva|Sitrus Berry|[from] ability: Harvest\n|upkeep\n|turn|16\n|\n|t:|1782749394\n|switch|p1a: Chandelure|Chandelure, L83, F|235/235\n|move|p2a: Arboliva|Protect||[still]\n|-fail|p2a: Arboliva\n|\n|upkeep\n|turn|17\n|\n|t:|1782749404\n|move|p1a: Chandelure|Trick|p2a: Arboliva\n|-activate|p1a: Chandelure|move: Trick|[of] p2a: Arboliva\n|-item|p2a: Arboliva|Choice Scarf|[from] move: Trick\n|-item|p1a: Chandelure|Sitrus Berry|[from] move: Trick\n|move|p2a: Arboliva|Substitute|p2a: Arboliva\n|-start|p2a: Arboliva|Substitute\n|-damage|p2a: Arboliva|118/288\n|\n|upkeep\n|turn|18\n|\n|t:|1782749430\n|switch|p2a: Grimmsnarl|Grimmsnarl, L83, M|232/293\n|-damage|p2a: Grimmsnarl|196/293|[from] Stealth Rock\n|switch|p1a: Iron Treads|Iron Treads, L77|71/265\n|\n|-heal|p1a: Iron Treads|87/265|[from] item: Leftovers\n|-heal|p2a: Grimmsnarl|214/293|[from] item: Leftovers\n|upkeep\n|turn|19\n|\n|t:|1782749443\n|-end|p1a: Iron Treads|Quark Drive|[silent]\n|switch|p1a: Volbeat|Volbeat, L90, M|202/263\n|move|p2a: Grimmsnarl|Sucker Punch||[still]\n|-fail|p2a: Grimmsnarl\n|\n|-heal|p2a: Grimmsnarl|232/293|[from] item: Leftovers\n|upkeep\n|turn|20\n|\n|t:|1782749456\n|move|p2a: Grimmsnarl|Parting Shot|p1a: Volbeat\n|-unboost|p1a: Volbeat|atk|1\n|-unboost|p1a: Volbeat|spa|1\n|\n|t:|1782749465\n|switch|p2a: Coalossal|Coalossal, L89, F|314/341|[from] Parting Shot\n|move|p1a: Volbeat|U-turn|p2a: Coalossal\n|-resisted|p2a: Coalossal\n|-damage|p2a: Coalossal|295/341\n|\n|t:|1782749473\n|switch|p1a: Iron Treads|Iron Treads, L77|87/265|[from] U-turn\n|\n|-heal|p1a: Iron Treads|103/265|[from] item: Leftovers\n|upkeep\n|turn|21\n|inactive|Battle timer is ON: inactive players will automatically lose when time's up. (requested by coggs's)\n|\n|t:|1782749483\n|move|p1a: Iron Treads|Earthquake|p2a: Coalossal\n|-supereffective|p2a: Coalossal\n|-damage|p2a: Coalossal|0 fnt\n|faint|p2a: Coalossal\n|\n|-heal|p1a: Iron Treads|119/265|[from] item: Leftovers\n|upkeep\n|\n|t:|1782749492\n|switch|p2a: Golduck|Golduck, L90, F|290/290\n|-damage|p2a: Golduck|254/290|[from] Stealth Rock\n|-ability|p2a: Golduck|Cloud Nine\n|turn|22\n|\n|t:|1782749513\n|move|p1a: Iron Treads|Earthquake|p2a: Golduck\n|-damage|p2a: Golduck|152/290\n|move|p2a: Golduck|Hydro Pump|p1a: Iron Treads\n|-supereffective|p1a: Iron Treads\n|-damage|p1a: Iron Treads|0 fnt\n|faint|p1a: Iron Treads\n|-end|p1a: Iron Treads|Quark Drive|[silent]\n|-damage|p2a: Golduck|123/290|[from] item: Life Orb\n|\n|upkeep\n|\n|t:|1782749521\n|switch|p1a: Pincurchin|Pincurchin, F|258/258\n|-fieldstart|move: Electric Terrain|[from] ability: Electric Surge|[of] p1a: Pincurchin\n|turn|23\n|\n|t:|1782749533\n|move|p2a: Golduck|Ice Beam|p1a: Pincurchin\n|-damage|p1a: Pincurchin|177/258\n|-damage|p2a: Golduck|94/290|[from] item: Life Orb\n|move|p1a: Pincurchin|Toxic Spikes|p2a: Golduck\n|-sidestart|p2: Sky_Yagami95|move: Toxic Spikes\n|\n|-heal|p1a: Pincurchin|193/258|[from] item: Leftovers\n|upkeep\n|turn|24\n|\n|t:|1782749545\n|move|p2a: Golduck|Hydro Pump|p1a: Pincurchin\n|-crit|p1a: Pincurchin\n|-damage|p1a: Pincurchin|0 fnt\n|faint|p1a: Pincurchin\n|-damage|p2a: Golduck|65/290|[from] item: Life Orb\n|\n|upkeep\n|\n|t:|1782749562\n|switch|p1a: Volbeat|Volbeat, L90, M|202/263\n|turn|25\n|\n|t:|1782749566\n|move|p1a: Volbeat|Thunder Wave|p2a: Golduck\n|-status|p2a: Golduck|par\n|move|p2a: Golduck|Ice Beam|p1a: Volbeat\n|-damage|p1a: Volbeat|116/263\n|-damage|p2a: Golduck|36/290 par|[from] item: Life Orb\n|\n|upkeep\n|turn|26\n|\n|t:|1782749581\n|move|p1a: Volbeat|Roost|p1a: Volbeat\n|-heal|p1a: Volbeat|248/263\n|-singleturn|p1a: Volbeat|move: Roost\n|move|p2a: Golduck|Ice Beam|p1a: Volbeat\n|-damage|p1a: Volbeat|162/263\n|-damage|p2a: Golduck|7/290 par|[from] item: Life Orb\n|\n|upkeep\n|turn|27\n|\n|t:|1782749591\n|move|p1a: Volbeat|Roost|p1a: Volbeat\n|-heal|p1a: Volbeat|263/263\n|-singleturn|p1a: Volbeat|move: Roost\n|move|p2a: Golduck|Hydro Pump|p1a: Volbeat|[miss]\n|-miss|p2a: Golduck|p1a: Volbeat\n|\n|-fieldend|move: Electric Terrain\n|upkeep\n|turn|28\n|\n|t:|1782749603\n|move|p1a: Volbeat|U-turn|p2a: Golduck\n|-damage|p2a: Golduck|0 fnt\n|faint|p2a: Golduck\n|\n|t:|1782749610\n|switch|p1a: Chandelure|Chandelure, L83, F|235/235|[from] U-turn\n|\n|upkeep\n|\n|t:|1782749620\n|switch|p2a: Grimmsnarl|Grimmsnarl, L83, M|232/293\n|-damage|p2a: Grimmsnarl|196/293|[from] Stealth Rock\n|-status|p2a: Grimmsnarl|psn\n|turn|29\n|inactive|coggs's has 270 seconds left.\n|\n|t:|1782749650\n|switch|p1a: Enamorus|Enamorus-Therian, L83, F|145/259\n|move|p2a: Grimmsnarl|Sucker Punch||[still]\n|-fail|p2a: Grimmsnarl\n|\n|-heal|p2a: Grimmsnarl|214/293 psn|[from] item: Leftovers\n|-damage|p2a: Grimmsnarl|178/293 psn|[from] psn\n|upkeep\n|turn|30\n|\n|t:|1782749664\n|move|p2a: Grimmsnarl|Sucker Punch|p1a: Enamorus\n|-resisted|p1a: Enamorus\n|-damage|p1a: Enamorus|106/259\n|move|p1a: Enamorus|Moonblast|p2a: Grimmsnarl\n|-supereffective|p2a: Grimmsnarl\n|-crit|p2a: Grimmsnarl\n|-damage|p2a: Grimmsnarl|0 fnt\n|faint|p2a: Grimmsnarl\n|\n|upkeep\n|\n|t:|1782749674\n|switch|p2a: Hatterene|Hatterene, L85, F|236/236\n|-damage|p2a: Hatterene|207/236|[from] Stealth Rock\n|-status|p2a: Hatterene|psn\n|turn|31\n|\n|t:|1782749683\n|move|p1a: Enamorus|Mystical Fire|p2a: Hatterene\n|-damage|p2a: Hatterene|167/236 psn\n|-unboost|p2a: Hatterene|spa|1\n|move|p2a: Hatterene|Draining Kiss|p1a: Enamorus\n|-damage|p1a: Enamorus|75/259\n|-heal|p2a: Hatterene|190/236 psn|[from] drain|[of] p1a: Enamorus\n|\n|-damage|p2a: Hatterene|161/236 psn|[from] psn\n|upkeep\n|turn|32\n|\n|t:|1782749693\n|move|p1a: Enamorus|Mystical Fire|p2a: Hatterene\n|-damage|p2a: Hatterene|118/236 psn\n|-unboost|p2a: Hatterene|spa|1\n|move|p2a: Hatterene|Draining Kiss|p1a: Enamorus\n|-damage|p1a: Enamorus|51/259\n|-heal|p2a: Hatterene|136/236 psn|[from] drain|[of] p1a: Enamorus\n|\n|-damage|p2a: Hatterene|107/236 psn|[from] psn\n|upkeep\n|turn|33\n|\n|t:|1782749707\n|move|p1a: Enamorus|Mystical Fire|p2a: Hatterene\n|-damage|p2a: Hatterene|69/236 psn\n|-unboost|p2a: Hatterene|spa|1\n|move|p2a: Hatterene|Draining Kiss|p1a: Enamorus\n|-damage|p1a: Enamorus|32/259\n|-heal|p2a: Hatterene|83/236 psn|[from] drain|[of] p1a: Enamorus\n|\n|-damage|p2a: Hatterene|54/236 psn|[from] psn\n|upkeep\n|turn|34\n|\n|t:|1782749717\n|move|p1a: Enamorus|Moonblast|p2a: Hatterene\n|-damage|p2a: Hatterene|0 fnt\n|faint|p2a: Hatterene\n|\n|upkeep\n|\n|t:|1782749722\n|switch|p2a: Arboliva|Arboliva, L91, F|118/288\n|-damage|p2a: Arboliva|82/288|[from] Stealth Rock\n|-status|p2a: Arboliva|psn\n|turn|35\n|\n|t:|1782749730\n|move|p2a: Arboliva|Hyper Voice|p1a: Enamorus\n|-damage|p1a: Enamorus|0 fnt\n|faint|p1a: Enamorus\n|\n|-damage|p2a: Arboliva|46/288 psn|[from] psn\n|upkeep\n|\n|t:|1782749732\n|switch|p1a: Chandelure|Chandelure, L83, F|235/235\n|turn|36\n|\n|t:|1782749738\n|move|p2a: Arboliva|Hyper Voice|p1a: Chandelure\n|-immune|p1a: Chandelure\n|move|p1a: Chandelure|Fire Blast|p2a: Arboliva\n|-supereffective|p2a: Arboliva\n|-damage|p2a: Arboliva|0 fnt\n|faint|p2a: Arboliva\n|\n|win|coggs's\n|c|\u2606coggs's|ggs\n|c|\u2606Sky_Yagami95|The\n|c|\u2606Sky_Yagami95|GG\n|l|\u2606Sky_Yagami95\n|player|p2|\n", "inputlog": ">version f8ac14003a5f27e1bdc8d8c59608a773c1cb96e5\n>start {\"formatid\":\"gen9randombattle\",\"seed\":\"sodium,fcbdf459d495230f6f6f035af891dd75\"}\n>player p1 {\"name\":\"coggs's\",\"avatar\":\"170\",\"rating\":0,\"seed\":\"sodium,58c9d4edb689685173ee6e98096bcd42\"}\n>player p2 {\"name\":\"Sky_Yagami95\",\"avatar\":\"riley\",\"rating\":0,\"seed\":\"sodium,d97479ca8838da893f98cdcb3b83108e\"}\n>chat \u2606coggs's|glhf\n>p1 move thunderwave\n>p2 move partingshot\n>p2 switch 6\n>p1 move uturn\n>p2 move stoneedge\n>p1 switch 2\n>p1 move stealthrock\n>p2 move bodypress terastallize\n>p1 switch 2\n>p2 move bodypress\n>p1 move encore\n>p2 move avalanche\n>p1 move roost\n>p2 move bodypress\n>p1 move thunderwave\n>p2 switch 4\n>p1 move uturn\n>p2 move overheat\n>p1 switch 3\n>p1 switch 6\n>p2 switch 6\n>p1 move appleacid\n>p2 move spiritbreak\n>p1 switch 4\n>p2 move spiritbreak\n>chat \u2606coggs's|wb\n>p1 move earthpower\n>p2 switch 4\n>p1 move earthpower\n>p2 move stoneedge\n>p2 switch 5\n>p1 move mysticalfire\n>p2 move substitute\n>p1 move mysticalfire\n>p2 move leechseed\n>p1 switch 6\n>p2 move protect\n>p1 move trick\n>p2 move substitute\n>p1 switch 2\n>p2 switch 4\n>p1 switch 3\n>p2 move suckerpunch\n>p1 move uturn\n>p2 move partingshot\n>p2 switch 6\n>p1 switch 3\n>p1 move earthquake\n>p2 move overheat\n>p2 switch 3\n>p1 move earthquake\n>p2 move hydropump\n>p1 switch 5\n>p1 move toxicspikes\n>p2 move icebeam\n>p1 move thunderbolt\n>p2 move hydropump\n>p1 switch 3\n>p1 move thunderwave\n>p2 move icebeam\n>p1 move roost\n>p2 move icebeam\n>p1 move roost\n>p2 move hydropump\n>p1 move uturn\n>p2 move hydropump\n>p1 switch 2\n>p2 switch 6\n>p1 switch 6\n>p2 move suckerpunch\n>p1 move moonblast\n>p2 move suckerpunch\n>p2 switch 2\n>p1 move mysticalfire\n>p2 move drainingkiss\n>p1 move mysticalfire\n>p2 move drainingkiss\n>p1 move mysticalfire\n>p2 move drainingkiss\n>p1 move moonblast\n>p2 move psychicnoise\n>p2 switch 4\n>p1 move moonblast\n>p2 move hypervoice\n>p1 switch 6\n>p1 move fireblast\n>p2 move hypervoice", "uploadtime": 1782749774, "views": 9, "formatid": "gen9randombattle", "rating": null, "private": 0, "password": null, "player_dets": [{"name": "coggs's", "avatar": "170", "rating": 0, "seed": "sodium,58c9d4edb689685173ee6e98096bcd42"}, {"name": "Sky_Yagami95", "avatar": "riley", "rating": 0, "seed": "sodium,d97479ca8838da893f98cdcb3b83108e"}], "teams_full": [{"Volbeat": {"name": "Volbeat", "species": "Volbeat", "speciesId": "volbeat", "gender": "M", "shiny": false, "level": 90, "moves": ["uturn", "roost", "thunderwave", "encore"], "ability": "Prankster", "evs": {"hp": 85, "atk": 85, "def": 85, "spa": 85, "spd": 85, "spe": 85}, "ivs": {"hp": 31, "atk": 31, "def": 31, "spa": 31, "spd": 31, "spe": 31}, "item": "Heavy-Duty Boots", "teraType": "Water", "role": "Bulky Support", "bvs": {"hp": 65, "atk": 73, "def": 75, "spa": 47, "spd": 85, "spe": 85}, "stats": {"hp": 263, "atk": 183, "def": 186, "spa": 136, "spd": 204, "spe": 204}, "types": ["Bug"]}, "Iron Treads": {"name": "Iron Treads", "species": "Iron Treads", "speciesId": "irontreads", "gender": "N", "shiny": false, "level": 77, "moves": ["ironhead", "rapidspin", "earthquake", "stealthrock"], "ability": "Quark Drive", "evs": {"hp": 85, "atk": 85, "def": 85, "spa": 85, "spd": 85, "spe": 85}, "ivs": {"hp": 31, "atk": 31, "def": 31, "spa": 31, "spd": 31, "spe": 31}, "item": "Leftovers", "teraType": "Water", "role": "Bulky Support", "bvs": {"hp": 90, "atk": 112, "def": 120, "spa": 72, "spd": 70, "spe": 106}, "stats": {"hp": 265, "atk": 217, "def": 229, "spa": 155, "spd": 152, "spe": 208}, "types": ["Ground", "Steel"]}, "Chandelure": {"name": "Chandelure", "species": "Chandelure", "speciesId": "chandelure", "gender": "F", "shiny": false, "level": 83, "moves": ["shadowball", "fireblast", "energyball", "trick"], "ability": "Flash Fire", "evs": {"hp": 85, "atk": 0, "def": 85, "spa": 85, "spd": 85, "spe": 85}, "ivs": {"hp": 31, "atk": 0, "def": 31, "spa": 31, "spd": 31, "spe": 31}, "item": "Choice Scarf", "teraType": "Grass", "role": "Fast Attacker", "bvs": {"hp": 60, "atk": 55, "def": 90, "spa": 145, "spd": 90, "spe": 80}, "stats": {"hp": 235, "atk": 96, "def": 197, "spa": 288, "spd": 197, "spe": 180}, "types": ["Ghost", "Fire"]}, "Enamorus": {"name": "Enamorus", "species": "Enamorus-Therian", "speciesId": "enamorustherian", "gender": "F", "shiny": false, "level": 83, "moves": ["superpower", "mysticalfire", "moonblast", "earthpower"], "ability": "Overcoat", "evs": {"hp": 85, "atk": 85, "def": 85, "spa": 85, "spd": 85, "spe": 85}, "ivs": {"hp": 31, "atk": 31, "def": 31, "spa": 31, "spd": 31, "spe": 31}, "item": "Assault Vest", "teraType": "Ground", "role": "Bulky Attacker", "bvs": {"hp": 74, "atk": 115, "def": 110, "spa": 135, "spd": 100, "spe": 46}, "stats": {"hp": 259, "atk": 239, "def": 230, "spa": 272, "spd": 214, "spe": 124}, "types": ["Fairy", "Flying"]}, "Pincurchin": {"name": "Pincurchin", "species": "Pincurchin", "speciesId": "pincurchin", "gender": "F", "shiny": false, "level": 100, "moves": ["recover", "scald", "thunderbolt", "toxicspikes"], "ability": "Electric Surge", "evs": {"hp": 85, "atk": 0, "def": 85, "spa": 85, "spd": 85, "spe": 85}, "ivs": {"hp": 31, "atk": 0, "def": 31, "spa": 31, "spd": 31, "spe": 31}, "item": "Leftovers", "teraType": "Water", "role": "Bulky Attacker", "bvs": {"hp": 48, "atk": 101, "def": 95, "spa": 91, "spd": 85, "spe": 15}, "stats": {"hp": 258, "atk": 207, "def": 247, "spa": 239, "spd": 227, "spe": 87}, "types": ["Electric"]}, "Appletun": {"name": "Appletun", "species": "Appletun", "speciesId": "appletun", "gender": "M", "shiny": false, "level": 92, "moves": ["recover", "dragonpulse", "appleacid", "dragontail"], "ability": "Thick Fat", "evs": {"hp": 85, "atk": 85, "def": 85, "spa": 85, "spd": 85, "spe": 85}, "ivs": {"hp": 31, "atk": 31, "def": 31, "spa": 31, "spd": 31, "spe": 31}, "item": "Leftovers", "teraType": "Steel", "role": "Bulky Attacker", "bvs": {"hp": 110, "atk": 85, "def": 80, "spa": 100, "spd": 80, "spe": 30}, "stats": {"hp": 352, "atk": 209, "def": 200, "spa": 236, "spd": 200, "spe": 108}, "types": ["Grass", "Dragon"]}}, {"Grimmsnarl": {"name": "Grimmsnarl", "species": "Grimmsnarl", "speciesId": "grimmsnarl", "gender": "M", "shiny": false, "level": 83, "moves": ["partingshot", "spiritbreak", "taunt", "suckerpunch"], "ability": "Prankster", "evs": {"hp": 85, "atk": 85, "def": 85, "spa": 85, "spd": 85, "spe": 85}, "ivs": {"hp": 31, "atk": 31, "def": 31, "spa": 31, "spd": 31, "spe": 31}, "item": "Leftovers", "teraType": "Steel", "role": "Bulky Attacker", "bvs": {"hp": 95, "atk": 120, "def": 65, "spa": 95, "spd": 75, "spe": 60}, "stats": {"hp": 293, "atk": 247, "def": 156, "spa": 205, "spd": 172, "spe": 147}, "types": ["Dark", "Fairy"]}, "Hatterene": {"name": "Hatterene", "species": "Hatterene", "speciesId": "hatterene", "gender": "F", "shiny": false, "level": 85, "moves": ["psychicnoise", "mysticalfire", "drainingkiss", "nuzzle"], "ability": "Magic Bounce", "evs": {"hp": 85, "atk": 85, "def": 85, "spa": 85, "spd": 85, "spe": 85}, "ivs": {"hp": 31, "atk": 31, "def": 31, "spa": 31, "spd": 31, "spe": 31}, "item": "Assault Vest", "teraType": "Steel", "role": "AV Pivot", "bvs": {"hp": 57, "atk": 90, "def": 95, "spa": 136, "spd": 103, "spe": 29}, "stats": {"hp": 236, "atk": 202, "def": 210, "spa": 280, "spd": 224, "spe": 98}, "types": ["Psychic", "Fairy"]}, "Golduck": {"name": "Golduck", "species": "Golduck", "speciesId": "golduck", "gender": "F", "shiny": false, "level": 90, "moves": ["hydropump", "grassknot", "icebeam", "nastyplot"], "ability": "Cloud Nine", "evs": {"hp": 85, "atk": 0, "def": 85, "spa": 85, "spd": 85, "spe": 85}, "ivs": {"hp": 31, "atk": 0, "def": 31, "spa": 31, "spd": 31, "spe": 31}, "item": "Life Orb", "teraType": "Grass", "role": "Fast Attacker", "bvs": {"hp": 80, "atk": 82, "def": 78, "spa": 95, "spd": 80, "spe": 85}, "stats": {"hp": 290, "atk": 152, "def": 192, "spa": 222, "spd": 195, "spe": 204}, "types": ["Water"]}, "Coalossal": {"name": "Coalossal", "species": "Coalossal", "speciesId": "coalossal", "gender": "F", "shiny": false, "level": 89, "moves": ["stoneedge", "overheat", "willowisp", "rapidspin"], "ability": "Flame Body", "evs": {"hp": 85, "atk": 85, "def": 85, "spa": 85, "spd": 85, "spe": 85}, "ivs": {"hp": 31, "atk": 31, "def": 31, "spa": 31, "spd": 31, "spe": 31}, "item": "Heavy-Duty Boots", "teraType": "Grass", "role": "Bulky Support", "bvs": {"hp": 110, "atk": 80, "def": 120, "spa": 80, "spd": 90, "spe": 30}, "stats": {"hp": 341, "atk": 193, "def": 264, "spa": 193, "spd": 211, "spe": 104}, "types": ["Rock", "Fire"]}, "Arboliva": {"name": "Arboliva", "species": "Arboliva", "speciesId": "arboliva", "gender": "F", "shiny": false, "level": 91, "moves": ["protect", "hypervoice", "substitute", "leechseed"], "ability": "Harvest", "evs": {"hp": 77, "atk": 0, "def": 85, "spa": 85, "spd": 85, "spe": 85}, "ivs": {"hp": 31, "atk": 0, "def": 31, "spa": 31, "spd": 31, "spe": 31}, "item": "Sitrus Berry", "teraType": "Poison", "role": "Bulky Support", "bvs": {"hp": 78, "atk": 69, "def": 90, "spa": 125, "spd": 109, "spe": 39}, "stats": {"hp": 288, "atk": 130, "def": 216, "spa": 279, "spd": 250, "spe": 123}, "types": ["Grass", "Normal"]}, "Avalugg": {"name": "Avalugg", "species": "Avalugg-Hisui", "speciesId": "avalugghisui", "gender": "F", "shiny": false, "level": 90, "moves": ["stoneedge", "recover", "avalanche", "bodypress"], "ability": "Sturdy", "evs": {"hp": 85, "atk": 85, "def": 85, "spa": 85, "spd": 85, "spe": 85}, "ivs": {"hp": 31, "atk": 31, "def": 31, "spa": 31, "spd": 31, "spe": 31}, "item": "Heavy-Duty Boots", "teraType": "Poison", "role": "Bulky Attacker", "bvs": {"hp": 95, "atk": 127, "def": 184, "spa": 34, "spd": 36, "spe": 38}, "stats": {"hp": 317, "atk": 280, "def": 383, "spa": 113, "spd": 116, "spe": 120}, "types": ["Ice", "Rock"]}}]}