{"id": "gen9randombattle-2641064063", "format": "[Gen 9] Random Battle", "players": ["Matuidi14", "Daruma"], "log": "|badge|p1|silver|gen9randombattle|30-9\n|html|<div class=\"broadcast-red\"><strong>This battle is required to be public due to one or more player having a season medal.</strong><br />During the public phase, you can discuss the state of the ladder <a href=\"/seasondiscussion\">in a special chatroom.</a></div>\n|uhtml|medal-msg|<div class=\"broadcast-blue\">Curious what those medals under the avatar are? PS now has Ladder Seasons! For more information, check out the <a href=\"https://www.smogon.com/forums/threads/3740067/\">thread on Smogon.</a></div>\n|badge|p2|silver|gen9randombattle|30-9\n|uhtml|medal-msg|<div class=\"broadcast-blue\">Curious what those medals under the avatar are? PS now has Ladder Seasons! For more information, check out the <a href=\"https://www.smogon.com/forums/threads/3740067/\">thread on Smogon.</a></div>\n|j|\u2606Matuidi14\n|j|\u2606Daruma\n|t:|1782734954\n|gametype|singles\n|player|p1|Matuidi14|clown|2395\n|player|p2|Daruma|#ruplixsleekslushrushers|2377\n|gen|9\n|tier|[Gen 9] Random Battle\n|rated|\n|rule|Species Clause: Limit one of each Pok\u00e9mon\n|rule|HP Percentage Mod: HP is shown in percentages\n|rule|Sleep Clause Mod: Limit one foe put to sleep\n|rule|Illusion Level Mod: Illusion disguises the Pok\u00e9mon's true level\n|\n|t:|1782734954\n|teamsize|p1|6\n|teamsize|p2|6\n|start\n|switch|p1a: Sinistcha|Sinistcha-Masterpiece, L83|254/254\n|switch|p2a: Tsareena|Tsareena, L87, F|267/267\n|turn|1\n|inactive|Battle timer is ON: inactive players will automatically lose when time's up. (requested by Matuidi14)\n|\n|t:|1782734971\n|switch|p1a: Necrozma|Necrozma-Dusk-Mane, L69|248/248\n|move|p2a: Tsareena|Knock Off|p1a: Necrozma\n|-supereffective|p1a: Necrozma\n|-damage|p1a: Necrozma|134/248\n|-enditem|p1a: Necrozma|Weakness Policy\n|-boost|p1a: Necrozma|atk|2|[from] item: Weakness Policy\n|-boost|p1a: Necrozma|spa|2|[from] item: Weakness Policy\n|\n|upkeep\n|turn|2\n|\n|t:|1782734988\n|switch|p2a: Sandaconda|Sandaconda, L84, M|258/258\n|move|p1a: Necrozma|Dragon Dance|p1a: Necrozma\n|-boost|p1a: Necrozma|atk|1\n|-boost|p1a: Necrozma|spe|1\n|\n|upkeep\n|turn|3\n|\n|t:|1782734994\n|move|p1a: Necrozma|Sunsteel Strike|p2a: Sandaconda\n|-damage|p2a: Sandaconda|65/258\n|move|p2a: Sandaconda|Glare|p1a: Necrozma\n|-status|p1a: Necrozma|par\n|\n|-heal|p2a: Sandaconda|81/258|[from] item: Leftovers\n|upkeep\n|turn|4\n|\n|t:|1782735000\n|move|p2a: Sandaconda|Earthquake|p1a: Necrozma\n|-supereffective|p1a: Necrozma\n|-damage|p1a: Necrozma|0 fnt\n|faint|p1a: Necrozma\n|\n|-heal|p2a: Sandaconda|97/258|[from] item: Leftovers\n|upkeep\n|\n|t:|1782735008\n|switch|p1a: Tauros|Tauros, L82, M|257/257\n|turn|5\n|\n|t:|1782735014\n|move|p1a: Tauros|Body Slam|p2a: Sandaconda\n|-damage|p2a: Sandaconda|0 fnt\n|faint|p2a: Sandaconda\n|\n|upkeep\n|\n|t:|1782735017\n|switch|p2a: Tsareena|Tsareena, L87, F|267/267\n|turn|6\n|\n|t:|1782735020\n|move|p1a: Tauros|Body Slam|p2a: Tsareena\n|-damage|p2a: Tsareena|146/267\n|move|p2a: Tsareena|Knock Off|p1a: Tauros\n|-damage|p1a: Tauros|179/257\n|-enditem|p1a: Tauros|Life Orb|[from] move: Knock Off|[of] p2a: Tsareena\n|\n|upkeep\n|turn|7\n|\n|t:|1782735026\n|move|p1a: Tauros|Body Slam|p2a: Tsareena\n|-damage|p2a: Tsareena|38/267\n|move|p2a: Tsareena|High Jump Kick|p1a: Tauros\n|-supereffective|p1a: Tauros\n|-damage|p1a: Tauros|0 fnt\n|faint|p1a: Tauros\n|\n|upkeep\n|\n|t:|1782735032\n|switch|p1a: Keldeo|Keldeo-Resolute, L79|273/273\n|turn|8\n|\n|t:|1782735037\n|move|p1a: Keldeo|Secret Sword|p2a: Tsareena\n|-damage|p2a: Tsareena|0 fnt\n|faint|p2a: Tsareena\n|\n|upkeep\n|\n|t:|1782735044\n|switch|p2a: Lurantis|Lurantis, L87, F|264/264\n|turn|9\n|\n|t:|1782735051\n|switch|p1a: Arceus|Arceus-Dragon, L71|288/288\n|move|p2a: Lurantis|Leaf Storm|p1a: Arceus\n|-resisted|p1a: Arceus\n|-damage|p1a: Arceus|225/288\n|-boost|p2a: Lurantis|spa|2\n|\n|upkeep\n|turn|10\n|\n|t:|1782735069\n|move|p1a: Arceus|Sludge Bomb|p2a: Lurantis\n|-supereffective|p2a: Lurantis\n|-crit|p2a: Lurantis\n|-damage|p2a: Lurantis|158/264\n|-status|p2a: Lurantis|psn\n|move|p2a: Lurantis|Superpower|p1a: Arceus\n|-damage|p1a: Arceus|130/288\n|-boost|p2a: Lurantis|atk|1\n|-boost|p2a: Lurantis|def|1\n|\n|-damage|p2a: Lurantis|125/264 psn|[from] psn\n|upkeep\n|turn|11\n|\n|t:|1782735077\n|move|p1a: Arceus|Fire Blast|p2a: Lurantis\n|-supereffective|p2a: Lurantis\n|-damage|p2a: Lurantis|33/264 psn\n|move|p2a: Lurantis|Superpower|p1a: Arceus\n|-crit|p1a: Arceus\n|-damage|p1a: Arceus|0 fnt\n|-boost|p2a: Lurantis|atk|1\n|-boost|p2a: Lurantis|def|1\n|faint|p1a: Arceus\n|\n|-damage|p2a: Lurantis|0 fnt|[from] psn\n|faint|p2a: Lurantis\n|upkeep\n|\n|t:|1782735084\n|switch|p1a: Keldeo|Keldeo-Resolute, L79|273/273\n|switch|p2a: Kyurem|Kyurem, L77|319/319\n|-ability|p2a: Kyurem|Pressure\n|turn|12\n|\n|t:|1782735090\n|move|p1a: Keldeo|Calm Mind|p1a: Keldeo\n|-boost|p1a: Keldeo|spa|1\n|-boost|p1a: Keldeo|spd|1\n|move|p2a: Kyurem|Dragon Dance|p2a: Kyurem\n|-boost|p2a: Kyurem|atk|1\n|-boost|p2a: Kyurem|spe|1\n|\n|upkeep\n|turn|13\n|\n|t:|1782735104\n|move|p2a: Kyurem|Icicle Spear|p1a: Keldeo\n|-resisted|p1a: Keldeo\n|-damage|p1a: Keldeo|249/273\n|-resisted|p1a: Keldeo\n|-damage|p1a: Keldeo|226/273\n|-resisted|p1a: Keldeo\n|-damage|p1a: Keldeo|203/273\n|-resisted|p1a: Keldeo\n|-damage|p1a: Keldeo|182/273\n|-hitcount|p1a: Keldeo|4\n|move|p1a: Keldeo|Secret Sword|p2a: Kyurem\n|-supereffective|p2a: Kyurem\n|-damage|p2a: Kyurem|0 fnt\n|faint|p2a: Kyurem\n|\n|-heal|p1a: Keldeo|199/273|[from] item: Leftovers\n|upkeep\n|\n|t:|1782735110\n|switch|p2a: Terrakion|Terrakion, L79|273/273\n|turn|14\n|\n|t:|1782735113\n|move|p2a: Terrakion|Close Combat|p1a: Keldeo\n|-damage|p1a: Keldeo|7/273\n|-unboost|p2a: Terrakion|def|1\n|-unboost|p2a: Terrakion|spd|1\n|-damage|p2a: Terrakion|246/273|[from] item: Life Orb\n|move|p1a: Keldeo|Secret Sword|p2a: Terrakion\n|-supereffective|p2a: Terrakion\n|-damage|p2a: Terrakion|0 fnt\n|faint|p2a: Terrakion\n|\n|-heal|p1a: Keldeo|24/273|[from] item: Leftovers\n|upkeep\n|-message|Daruma forfeited.\n|\n|win|Matuidi14\n", "inputlog": ">version 3f8ef8cf60cebd2b18892af2794d10415e14a302\n>start {\"formatid\":\"gen9randombattle\",\"seed\":\"sodium,8ceef0be2913c443a3d687a3c162ec5c\",\"rated\":\"Rated battle\"}\n>player p1 {\"name\":\"Matuidi14\",\"avatar\":\"clown\",\"rating\":2395,\"seed\":\"sodium,5eb17e53e9838186b0a32205afeb22fb\"}\n>player p2 {\"name\":\"Daruma\",\"avatar\":\"#ruplixsleekslushrushers\",\"rating\":2377,\"seed\":\"sodium,7e3a008927ac2787c5d2a2b50710f97d\"}\n>p1 switch 3\n>p2 move knockoff\n>p1 move dragondance\n>p2 switch 2\n>p1 move sunsteelstrike\n>p2 move glare\n>p1 move sunsteelstrike\n>p2 move earthquake\n>p1 switch 5\n>p1 move bodyslam\n>p2 move glare\n>p2 switch 2\n>p1 move bodyslam\n>p2 move knockoff\n>p1 move bodyslam\n>p2 move highjumpkick\n>p1 switch 6\n>p1 move secretsword\n>p2 move powerwhip\n>p2 switch 3\n>p1 switch 4\n>p2 move leafstorm\n>p1 move sludgebomb\n>p2 move superpower\n>p1 move fireblast\n>p2 move superpower\n>p1 switch 4\n>p2 switch 6\n>p1 move calmmind\n>p2 move dragondance\n>p1 move secretsword\n>p2 move iciclespear\n>p2 switch 5\n>p1 move secretsword\n>p2 move closecombat\n>forcelose p2", "uploadtime": 1782734956, "views": 7, "formatid": "gen9randombattle", "rating": null, "private": 0, "password": null, "player_dets": [{"name": "Matuidi14", "avatar": "clown", "rating": 2395, "seed": "sodium,5eb17e53e9838186b0a32205afeb22fb"}, {"name": "Daruma", "avatar": "#ruplixsleekslushrushers", "rating": 2377, "seed": "sodium,7e3a008927ac2787c5d2a2b50710f97d"}], "teams_full": [{"Sinistcha": {"name": "Sinistcha", "species": "Sinistcha-Masterpiece", "speciesId": "sinistcha", "gender": "N", "shiny": false, "level": 83, "moves": ["shadowball", "matchagotcha", "calmmind", "strengthsap"], "ability": "Heatproof", "evs": {"hp": 85, "atk": 0, "def": 85, "spa": 85, "spd": 85, "spe": 85}, "ivs": {"hp": 31, "atk": 0, "def": 31, "spa": 31, "spd": 31, "spe": 31}, "item": "Leftovers", "teraType": "Steel", "role": "Bulky Setup", "bvs": {"hp": 71, "atk": 60, "def": 106, "spa": 121, "spd": 80, "spe": 70}, "stats": {"hp": 254, "atk": 104, "def": 224, "spa": 249, "spd": 180, "spe": 164}, "types": ["Grass", "Ghost"]}, "Espathra": {"name": "Espathra", "species": "Espathra", "speciesId": "espathra", "gender": "M", "shiny": false, "level": 80, "moves": ["storedpower", "calmmind", "roost", "dazzlinggleam"], "ability": "Speed Boost", "evs": {"hp": 85, "atk": 0, "def": 85, "spa": 85, "spd": 85, "spe": 85}, "ivs": {"hp": 31, "atk": 0, "def": 31, "spa": 31, "spd": 31, "spe": 31}, "item": "Leftovers", "teraType": "Fairy", "role": "Fast Bulky Setup", "bvs": {"hp": 95, "atk": 60, "def": 60, "spa": 101, "spd": 60, "spe": 105}, "stats": {"hp": 283, "atk": 101, "def": 142, "spa": 208, "spd": 142, "spe": 214}, "types": ["Psychic"]}, "Necrozma": {"name": "Necrozma", "species": "Necrozma-Dusk-Mane", "speciesId": "necrozmaduskmane", "gender": "N", "shiny": false, "level": 69, "moves": ["earthquake", "photongeyser", "sunsteelstrike", "dragondance"], "ability": "Prism Armor", "evs": {"hp": 85, "atk": 85, "def": 85, "spa": 85, "spd": 85, "spe": 85}, "ivs": {"hp": 31, "atk": 31, "def": 31, "spa": 31, "spd": 31, "spe": 31}, "item": "Weakness Policy", "teraType": "Steel", "role": "Bulky Setup", "bvs": {"hp": 97, "atk": 157, "def": 127, "spa": 113, "spd": 109, "spe": 77}, "stats": {"hp": 248, "atk": 257, "def": 216, "spa": 196, "spd": 191, "spe": 147}, "types": ["Psychic", "Steel"]}, "Arceus": {"name": "Arceus", "species": "Arceus-Dragon", "speciesId": "arceusdragon", "gender": "N", "shiny": false, "level": 71, "moves": ["judgment", "fireblast", "calmmind", "sludgebomb"], "ability": "Multitype", "evs": {"hp": 85, "atk": 0, "def": 85, "spa": 85, "spd": 85, "spe": 85}, "ivs": {"hp": 31, "atk": 0, "def": 31, "spa": 31, "spd": 31, "spe": 31}, "item": "Draco Plate", "teraType": "Fire", "role": "Fast Bulky Setup", "bvs": {"hp": 120, "atk": 120, "def": 120, "spa": 120, "spd": 120, "spe": 120}, "stats": {"hp": 288, "atk": 175, "def": 212, "spa": 212, "spd": 212, "spe": 212}, "types": ["Dragon"]}, "Tauros": {"name": "Tauros", "species": "Tauros", "speciesId": "tauros", "gender": "M", "shiny": false, "level": 82, "moves": ["throatchop", "closecombat", "bodyslam", "earthquake"], "ability": "Sheer Force", "evs": {"hp": 85, "atk": 85, "def": 85, "spa": 85, "spd": 85, "spe": 85}, "ivs": {"hp": 31, "atk": 31, "def": 31, "spa": 31, "spd": 31, "spe": 31}, "item": "Life Orb", "teraType": "Fighting", "role": "Fast Attacker", "bvs": {"hp": 75, "atk": 100, "def": 95, "spa": 40, "spd": 70, "spe": 110}, "stats": {"hp": 257, "atk": 211, "def": 203, "spa": 113, "spd": 162, "spe": 228}, "types": ["Normal"]}, "Keldeo": {"name": "Keldeo", "species": "Keldeo-Resolute", "speciesId": "keldeoresolute", "gender": "N", "shiny": false, "level": 79, "moves": ["substitute", "hydropump", "secretsword", "calmmind"], "ability": "Justified", "evs": {"hp": 85, "atk": 0, "def": 85, "spa": 85, "spd": 85, "spe": 85}, "ivs": {"hp": 31, "atk": 0, "def": 31, "spa": 31, "spd": 31, "spe": 31}, "item": "Leftovers", "teraType": "Steel", "role": "Bulky Setup", "bvs": {"hp": 91, "atk": 72, "def": 90, "spa": 129, "spd": 90, "spe": 108}, "stats": {"hp": 273, "atk": 118, "def": 188, "spa": 249, "spd": 188, "spe": 216}, "types": ["Water", "Fighting"]}}, {"Tsareena": {"name": "Tsareena", "species": "Tsareena", "speciesId": "tsareena", "gender": "F", "shiny": false, "level": 87, "moves": ["powerwhip", "rapidspin", "highjumpkick", "knockoff"], "ability": "Queenly Majesty", "evs": {"hp": 85, "atk": 85, "def": 85, "spa": 85, "spd": 85, "spe": 85}, "ivs": {"hp": 31, "atk": 31, "def": 31, "spa": 31, "spd": 31, "spe": 31}, "item": "Assault Vest", "teraType": "Fighting", "role": "Fast Support", "bvs": {"hp": 72, "atk": 120, "def": 98, "spa": 50, "spd": 98, "spe": 72}, "stats": {"hp": 267, "atk": 259, "def": 220, "spa": 137, "spd": 220, "spe": 175}, "types": ["Grass"]}, "Sandaconda": {"name": "Sandaconda", "species": "Sandaconda", "speciesId": "sandaconda", "gender": "M", "shiny": false, "level": 84, "moves": ["glare", "coil", "stoneedge", "earthquake"], "ability": "Shed Skin", "evs": {"hp": 85, "atk": 85, "def": 85, "spa": 85, "spd": 85, "spe": 85}, "ivs": {"hp": 31, "atk": 31, "def": 31, "spa": 31, "spd": 31, "spe": 31}, "item": "Leftovers", "teraType": "Dragon", "role": "Bulky Setup", "bvs": {"hp": 72, "atk": 107, "def": 125, "spa": 65, "spd": 70, "spe": 71}, "stats": {"hp": 258, "atk": 228, "def": 258, "spa": 157, "spd": 166, "spe": 167}, "types": ["Ground"]}, "Lurantis": {"name": "Lurantis", "species": "Lurantis", "speciesId": "lurantis", "gender": "F", "shiny": false, "level": 87, "moves": ["superpower", "leechlife", "knockoff", "leafstorm"], "ability": "Contrary", "evs": {"hp": 85, "atk": 85, "def": 85, "spa": 85, "spd": 85, "spe": 85}, "ivs": {"hp": 31, "atk": 31, "def": 31, "spa": 31, "spd": 31, "spe": 31}, "item": "Assault Vest", "teraType": "Water", "role": "AV Pivot", "bvs": {"hp": 70, "atk": 105, "def": 90, "spa": 80, "spd": 90, "spe": 45}, "stats": {"hp": 264, "atk": 232, "def": 206, "spa": 189, "spd": 206, "spe": 128}, "types": ["Grass"]}, "Rotom": {"name": "Rotom", "species": "Rotom-Frost", "speciesId": "rotomfrost", "gender": "N", "shiny": false, "level": 87, "moves": ["willowisp", "blizzard", "nastyplot", "thunderbolt"], "ability": "Levitate", "evs": {"hp": 85, "atk": 0, "def": 85, "spa": 85, "spd": 85, "spe": 85}, "ivs": {"hp": 31, "atk": 0, "def": 31, "spa": 31, "spd": 31, "spe": 31}, "item": "Heavy-Duty Boots", "teraType": "Electric", "role": "Fast Attacker", "bvs": {"hp": 50, "atk": 65, "def": 107, "spa": 105, "spd": 107, "spe": 86}, "stats": {"hp": 229, "atk": 118, "def": 236, "spa": 232, "spd": 236, "spe": 199}, "types": ["Electric", "Ice"]}, "Terrakion": {"name": "Terrakion", "species": "Terrakion", "speciesId": "terrakion", "gender": "N", "shiny": false, "level": 79, "moves": ["stoneedge", "swordsdance", "closecombat", "earthquake"], "ability": "Justified", "evs": {"hp": 85, "atk": 85, "def": 85, "spa": 85, "spd": 85, "spe": 85}, "ivs": {"hp": 31, "atk": 31, "def": 31, "spa": 31, "spd": 31, "spe": 31}, "item": "Life Orb", "teraType": "Ground", "role": "Setup Sweeper", "bvs": {"hp": 91, "atk": 129, "def": 90, "spa": 72, "spd": 90, "spe": 108}, "stats": {"hp": 273, "atk": 249, "def": 188, "spa": 159, "spd": 188, "spe": 216}, "types": ["Rock", "Fighting"]}, "Kyurem": {"name": "Kyurem", "species": "Kyurem", "speciesId": "kyurem", "gender": "N", "shiny": false, "level": 77, "moves": ["scaleshot", "terablast", "iciclespear", "dragondance"], "ability": "Pressure", "evs": {"hp": 85, "atk": 85, "def": 85, "spa": 85, "spd": 85, "spe": 85}, "ivs": {"hp": 31, "atk": 31, "def": 31, "spa": 31, "spd": 31, "spe": 31}, "item": "Loaded Dice", "teraType": "Ground", "role": "Tera Blast user", "bvs": {"hp": 125, "atk": 130, "def": 90, "spa": 130, "spd": 90, "spe": 95}, "stats": {"hp": 319, "atk": 245, "def": 183, "spa": 245, "spd": 183, "spe": 191}, "types": ["Dragon", "Ice"]}}]}