{"id": "gen9randombattle-2641569756", "format": "[Gen 9] Random Battle", "players": ["kaipo007", "dc inversion"], "log": "|badge|p2|bronze|gen9randombattle|100-9\n|html|<div class=\"broadcast-red\"><strong>This battle is required to be public due to one or more player having a season medal.</strong><br />During the public phase, you can discuss the state of the ladder <a href=\"/seasondiscussion\">in a special chatroom.</a></div>\n|uhtml|medal-msg|<div class=\"broadcast-blue\">Curious what those medals under the avatar are? PS now has Ladder Seasons! For more information, check out the <a href=\"https://www.smogon.com/forums/threads/3740067/\">thread on Smogon.</a></div>\n|raw|<div class=\"broadcast-blue\"><strong>This battle is required to be public due to a player having a name starting with 'medal'.</div>\n|j|\u2606kaipo007\n|j|\u2606dc inversion\n|t:|1782810138\n|gametype|singles\n|player|p1|kaipo007|bea|2249\n|player|p2|dc inversion|2|2288\n|gen|9\n|tier|[Gen 9] Random Battle\n|rated|\n|rule|Species Clause: Limit one of each Pok\u00e9mon\n|rule|HP Percentage Mod: HP is shown in percentages\n|rule|Sleep Clause Mod: Limit one foe put to sleep\n|rule|Illusion Level Mod: Illusion disguises the Pok\u00e9mon's true level\n|\n|t:|1782810138\n|teamsize|p1|6\n|teamsize|p2|6\n|start\n|switch|p1a: Excadrill|Excadrill, L79, M|303/303\n|switch|p2a: Blastoise|Blastoise, L80, M|258/258\n|-ability|p1a: Excadrill|Mold Breaker\n|turn|1\n|inactive|Battle timer is ON: inactive players will automatically lose when time's up. (requested by kaipo007)\n|\n|t:|1782810154\n|switch|p1a: Volbeat|Volbeat, L90, M|263/263\n|move|p2a: Blastoise|Shell Smash|p2a: Blastoise\n|-unboost|p2a: Blastoise|def|1\n|-unboost|p2a: Blastoise|spd|1\n|-boost|p2a: Blastoise|atk|2\n|-boost|p2a: Blastoise|spa|2\n|-boost|p2a: Blastoise|spe|2\n|-enditem|p2a: Blastoise|White Herb\n|-clearnegativeboost|p2a: Blastoise|[silent]\n|\n|upkeep\n|turn|2\n|\n|t:|1782810166\n|switch|p2a: Iron Hands|Iron Hands, L79|373/373\n|move|p1a: Volbeat|Encore||[still]\n|-fail|p1a: Volbeat\n|\n|upkeep\n|turn|3\n|\n|t:|1782810174\n|move|p1a: Volbeat|U-turn|p2a: Iron Hands\n|-resisted|p2a: Iron Hands\n|-damage|p2a: Iron Hands|340/373\n|\n|t:|1782810182\n|switch|p1a: Walking Wake|Walking Wake, L79|286/286|[from] U-turn\n|move|p2a: Iron Hands|Heavy Slam|p1a: Walking Wake\n|-resisted|p1a: Walking Wake\n|-damage|p1a: Walking Wake|268/286\n|\n|upkeep\n|turn|4\n|\n|t:|1782810202\n|move|p1a: Walking Wake|Draco Meteor|p2a: Iron Hands\n|-damage|p2a: Iron Hands|183/373\n|-unboost|p1a: Walking Wake|spa|2\n|-damage|p1a: Walking Wake|240/286|[from] item: Life Orb\n|move|p2a: Iron Hands|Drain Punch|p1a: Walking Wake\n|-damage|p1a: Walking Wake|147/286\n|-heal|p2a: Iron Hands|230/373|[from] drain|[of] p1a: Walking Wake\n|\n|upkeep\n|turn|5\n|\n|t:|1782810209\n|-end|p1a: Walking Wake|Protosynthesis|[silent]\n|switch|p1a: Volbeat|Volbeat, L90, M|263/263\n|move|p2a: Iron Hands|Drain Punch|p1a: Volbeat\n|-resisted|p1a: Volbeat\n|-damage|p1a: Volbeat|217/263\n|-heal|p2a: Iron Hands|253/373|[from] drain|[of] p1a: Volbeat\n|\n|upkeep\n|turn|6\n|\n|t:|1782810215\n|move|p1a: Volbeat|U-turn|p2a: Iron Hands\n|-resisted|p2a: Iron Hands\n|-damage|p2a: Iron Hands|224/373\n|\n|t:|1782810222\n|switch|p1a: Excadrill|Excadrill, L79, M|303/303|[from] U-turn\n|-ability|p1a: Excadrill|Mold Breaker\n|move|p2a: Iron Hands|Thunder Punch|p1a: Excadrill\n|-immune|p1a: Excadrill\n|\n|upkeep\n|turn|7\n|\n|t:|1782810229\n|-end|p2a: Iron Hands|Quark Drive|[silent]\n|switch|p2a: Ting-Lu|Ting-Lu, L78|370/370\n|-ability|p2a: Ting-Lu|Vessel of Ruin\n|move|p1a: Excadrill|Earthquake|p2a: Ting-Lu\n|-damage|p2a: Ting-Lu|265/370\n|\n|-heal|p2a: Ting-Lu|288/370|[from] item: Leftovers\n|upkeep\n|turn|8\n|\n|t:|1782810235\n|move|p1a: Excadrill|Earthquake|p2a: Ting-Lu\n|-damage|p2a: Ting-Lu|183/370\n|move|p2a: Ting-Lu|Earthquake|p1a: Excadrill\n|-supereffective|p1a: Excadrill\n|-damage|p1a: Excadrill|9/303\n|\n|-heal|p2a: Ting-Lu|206/370|[from] item: Leftovers\n|upkeep\n|turn|9\n|\n|t:|1782810254\n|move|p1a: Excadrill|Earthquake|p2a: Ting-Lu\n|-damage|p2a: Ting-Lu|110/370\n|move|p2a: Ting-Lu|Earthquake|p1a: Excadrill\n|-supereffective|p1a: Excadrill\n|-damage|p1a: Excadrill|0 fnt\n|faint|p1a: Excadrill\n|\n|-heal|p2a: Ting-Lu|133/370|[from] item: Leftovers\n|upkeep\n|\n|t:|1782810260\n|switch|p1a: Cramorant|Cramorant, L86, F|261/261\n|turn|10\n|\n|t:|1782810266\n|switch|p2a: Slowbro|Slowbro-Galar, L87, F|307/307\n|move|p1a: Cramorant|Surf|p2a: Slowbro\n|-formechange|p1a: Cramorant|Cramorant-Gulping|\n|-damage|p2a: Slowbro|234/307\n|\n|upkeep\n|turn|11\n|\n|t:|1782810284\n|move|p1a: Cramorant|Brave Bird|p2a: Slowbro\n|-damage|p2a: Slowbro|117/307\n|-damage|p1a: Cramorant|222/261|[from] Recoil\n|move|p2a: Slowbro|Shell Side Arm|p1a: Cramorant|[anim] Shell Side Arm Physical\n|-damage|p1a: Cramorant|72/261\n|-hint|Physical Shell Side Arm\n|-status|p1a: Cramorant|psn\n|-damage|p2a: Slowbro|41/307|[from] ability: Gulp Missile|[of] p1a: Cramorant\n|-unboost|p2a: Slowbro|def|1\n|-formechange|p1a: Cramorant|Cramorant|\n|\n|-damage|p1a: Cramorant|40/261 psn|[from] psn\n|upkeep\n|turn|12\n|\n|t:|1782810291\n|switch|p2a: Iron Hands|Iron Hands, L79|224/373\n|move|p1a: Cramorant|Surf|p2a: Iron Hands\n|-formechange|p1a: Cramorant|Cramorant-Gorging|\n|-crit|p2a: Iron Hands\n|-damage|p2a: Iron Hands|110/373\n|\n|-damage|p1a: Cramorant|8/261 psn|[from] psn\n|upkeep\n|turn|13\n|\n|t:|1782810298\n|move|p1a: Cramorant|Brave Bird|p2a: Iron Hands\n|-damage|p2a: Iron Hands|0 fnt\n|faint|p2a: Iron Hands\n|-end|p2a: Iron Hands|Quark Drive|[silent]\n|-damage|p1a: Cramorant|0 fnt|[from] Recoil\n|faint|p1a: Cramorant\n|\n|upkeep\n|\n|t:|1782810306\n|switch|p1a: Regigigas|Regigigas, L84|322/322\n|switch|p2a: Dugtrio|Dugtrio, L84, M|196/196\n|-start|p1a: Regigigas|ability: Slow Start\n|turn|14\n|\n|t:|1782810318\n|move|p1a: Regigigas|Protect|p1a: Regigigas\n|-singleturn|p1a: Regigigas|Protect\n|move|p2a: Dugtrio|Earthquake|p1a: Regigigas\n|-activate|p1a: Regigigas|move: Protect\n|\n|upkeep\n|turn|15\n|\n|t:|1782810321\n|move|p2a: Dugtrio|Earthquake|p1a: Regigigas\n|-damage|p1a: Regigigas|192/322\n|move|p1a: Regigigas|Substitute|p1a: Regigigas\n|-start|p1a: Regigigas|Substitute\n|-damage|p1a: Regigigas|112/322\n|\n|-heal|p1a: Regigigas|132/322|[from] item: Leftovers\n|upkeep\n|turn|16\n|\n|t:|1782810330\n|switch|p2a: Ting-Lu|Ting-Lu, L78|133/370\n|-ability|p2a: Ting-Lu|Vessel of Ruin\n|move|p1a: Regigigas|Protect||[still]\n|-fail|p1a: Regigigas\n|\n|-heal|p2a: Ting-Lu|156/370|[from] item: Leftovers\n|-heal|p1a: Regigigas|152/322|[from] item: Leftovers\n|upkeep\n|turn|17\n|\n|t:|1782810338\n|move|p1a: Regigigas|Protect|p1a: Regigigas\n|-singleturn|p1a: Regigigas|Protect\n|move|p2a: Ting-Lu|Whirlwind|p1a: Regigigas\n|drag|p1a: Probopass|Probopass, L91, F|257/257\n|\n|-heal|p2a: Ting-Lu|179/370|[from] item: Leftovers\n|upkeep\n|turn|18\n|\n|t:|1782810347\n|-terastallize|p1a: Probopass|Fighting\n|move|p1a: Probopass|Body Press|p2a: Ting-Lu\n|-supereffective|p2a: Ting-Lu\n|-damage|p2a: Ting-Lu|0 fnt\n|faint|p2a: Ting-Lu\n|\n|upkeep\n|\n|t:|1782810355\n|switch|p2a: Slowbro|Slowbro-Galar, L87, F|143/307\n|turn|19\n|\n|t:|1782810363\n|move|p1a: Probopass|Thunder Wave|p2a: Slowbro\n|-status|p2a: Slowbro|par\n|move|p2a: Slowbro|Psychic|p1a: Probopass\n|-supereffective|p1a: Probopass\n|-damage|p1a: Probopass|131/257\n|\n|-heal|p1a: Probopass|147/257|[from] item: Leftovers\n|upkeep\n|turn|20\n|\n|t:|1782810376\n|switch|p1a: Regigigas|Regigigas, L84|152/322\n|-start|p1a: Regigigas|ability: Slow Start\n|move|p2a: Slowbro|Shell Side Arm|p1a: Regigigas|[anim] Shell Side Arm Physical\n|-damage|p1a: Regigigas|70/322\n|-hint|Physical Shell Side Arm\n|\n|-heal|p1a: Regigigas|90/322|[from] item: Leftovers\n|upkeep\n|turn|21\n|\n|t:|1782810395\n|switch|p2a: Dugtrio|Dugtrio, L84, M|196/196\n|move|p1a: Regigigas|Knock Off|p2a: Dugtrio\n|-damage|p2a: Dugtrio|114/196\n|-enditem|p2a: Dugtrio|Choice Band|[from] move: Knock Off|[of] p1a: Regigigas\n|\n|-heal|p1a: Regigigas|110/322|[from] item: Leftovers\n|upkeep\n|turn|22\n|\n|t:|1782810398\n|move|p1a: Regigigas|Protect|p1a: Regigigas\n|-singleturn|p1a: Regigigas|Protect\n|move|p2a: Dugtrio|Earthquake|p1a: Regigigas\n|-activate|p1a: Regigigas|move: Protect\n|\n|-heal|p1a: Regigigas|130/322|[from] item: Leftovers\n|upkeep\n|turn|23\n|\n|t:|1782810404\n|move|p2a: Dugtrio|Earthquake|p1a: Regigigas\n|-damage|p1a: Regigigas|33/322\n|move|p1a: Regigigas|Body Slam|p2a: Dugtrio\n|-damage|p2a: Dugtrio|11/196\n|\n|-heal|p1a: Regigigas|53/322|[from] item: Leftovers\n|upkeep\n|turn|24\n|\n|t:|1782810410\n|move|p1a: Regigigas|Protect|p1a: Regigigas\n|-singleturn|p1a: Regigigas|Protect\n|move|p2a: Dugtrio|Earthquake|p1a: Regigigas\n|-activate|p1a: Regigigas|move: Protect\n|\n|-heal|p1a: Regigigas|73/322|[from] item: Leftovers\n|upkeep\n|turn|25\n|\n|t:|1782810414\n|move|p2a: Dugtrio|Earthquake|p1a: Regigigas\n|-damage|p1a: Regigigas|0 fnt\n|faint|p1a: Regigigas\n|-end|p1a: Regigigas|Slow Start|[silent]\n|\n|upkeep\n|\n|t:|1782810420\n|switch|p1a: Probopass|Probopass, L91, F, tera:Fighting|147/257\n|turn|26\n|\n|t:|1782810425\n|switch|p2a: Slowbro|Slowbro-Galar, L87, F|245/307 par\n|move|p1a: Probopass|Iron Defense|p1a: Probopass\n|-boost|p1a: Probopass|def|2\n|\n|-heal|p1a: Probopass|163/257|[from] item: Leftovers\n|upkeep\n|turn|27\n|\n|t:|1782810429\n|move|p1a: Probopass|Flash Cannon|p2a: Slowbro\n|-damage|p2a: Slowbro|184/307 par\n|move|p2a: Slowbro|Psychic|p1a: Probopass\n|-supereffective|p1a: Probopass\n|-damage|p1a: Probopass|43/257\n|\n|-heal|p1a: Probopass|59/257|[from] item: Leftovers\n|upkeep\n|turn|28\n|\n|t:|1782810435\n|move|p1a: Probopass|Flash Cannon|p2a: Slowbro\n|-crit|p2a: Slowbro\n|-damage|p2a: Slowbro|91/307 par\n|cant|p2a: Slowbro|par\n|\n|-heal|p1a: Probopass|75/257|[from] item: Leftovers\n|upkeep\n|turn|29\n|\n|t:|1782810439\n|move|p1a: Probopass|Flash Cannon|p2a: Slowbro\n|-damage|p2a: Slowbro|30/307 par\n|move|p2a: Slowbro|Psychic|p1a: Probopass\n|-supereffective|p1a: Probopass\n|-damage|p1a: Probopass|0 fnt\n|faint|p1a: Probopass\n|\n|upkeep\n|\n|t:|1782810446\n|switch|p1a: Walking Wake|Walking Wake, L79|147/286\n|turn|30\n|-message|kaipo007 forfeited.\n|\n|win|dc inversion\n", "inputlog": ">version f8ac14003a5f27e1bdc8d8c59608a773c1cb96e5\n>start {\"formatid\":\"gen9randombattle\",\"seed\":\"sodium,2be7b8bc224ded47e36dfa6039cd83a2\",\"rated\":\"Rated battle\"}\n>player p1 {\"name\":\"kaipo007\",\"avatar\":\"bea\",\"rating\":2249,\"seed\":\"sodium,69d07c1529911d9261612e91d59768a6\"}\n>player p2 {\"name\":\"dc inversion\",\"avatar\":\"2\",\"rating\":2288,\"seed\":\"sodium,d1860fdff02cbf596eb18dee750b5531\"}\n>p1 switch 3\n>p2 move shellsmash\n>p1 move encore\n>p2 switch 5\n>p1 move uturn\n>p2 move heavyslam\n>p1 switch 6\n>p1 move dracometeor\n>p2 move drainpunch\n>p1 switch 6\n>p2 move drainpunch\n>p1 move uturn\n>p2 move thunderpunch\n>p1 switch 3\n>p1 move earthquake\n>p2 switch 4\n>p1 move earthquake\n>p2 move earthquake\n>p1 move earthquake\n>p2 move earthquake\n>p1 switch 5\n>p1 move surf\n>p2 switch 3\n>p1 move bravebird\n>p2 move shellsidearm\n>p1 move surf\n>p2 switch 4\n>p1 move bravebird\n>p2 move drainpunch\n>p1 switch 4\n>p2 switch 6\n>p1 move protect\n>p2 move earthquake\n>p1 move substitute\n>p2 move earthquake\n>p1 move protect\n>p2 switch 3\n>p1 move protect\n>p2 move whirlwind\n>p1 move bodypress terastallize\n>p2 move stealthrock\n>p2 switch 4\n>p1 move thunderwave\n>p2 move psychic\n>p1 switch 2\n>p2 move shellsidearm\n>p1 move knockoff\n>p2 switch 3\n>p1 move protect\n>p2 move earthquake\n>p1 move bodyslam\n>p2 move earthquake\n>p1 move protect\n>p2 move earthquake\n>p1 move bodyslam\n>p2 move earthquake\n>p1 switch 2\n>p1 move irondefense\n>p2 switch 3\n>p1 move flashcannon\n>p2 move psychic\n>p1 move flashcannon\n>p2 move psychic\n>p1 move flashcannon\n>p2 move psychic\n>p1 switch 6\n>forcelose p1", "uploadtime": 1782810140, "views": 4, "formatid": "gen9randombattle", "rating": null, "private": 0, "password": null, "player_dets": [{"name": "kaipo007", "avatar": "bea", "rating": 2249, "seed": "sodium,69d07c1529911d9261612e91d59768a6"}, {"name": "dc inversion", "avatar": "2", "rating": 2288, "seed": "sodium,d1860fdff02cbf596eb18dee750b5531"}], "teams_full": [{"Excadrill": {"name": "Excadrill", "species": "Excadrill", "speciesId": "excadrill", "gender": "M", "shiny": false, "level": 79, "moves": ["rockslide", "earthquake", "ironhead", "rapidspin"], "ability": "Mold Breaker", "evs": {"hp": 85, "atk": 85, "def": 85, "spa": 85, "spd": 85, "spe": 85}, "ivs": {"hp": 31, "atk": 31, "def": 31, "spa": 31, "spd": 31, "spe": 31}, "item": "Assault Vest", "teraType": "Grass", "role": "AV Pivot", "bvs": {"hp": 110, "atk": 135, "def": 60, "spa": 50, "spd": 65, "spe": 88}, "stats": {"hp": 303, "atk": 259, "def": 140, "spa": 125, "spd": 148, "spe": 185}, "types": ["Ground", "Steel"]}, "Probopass": {"name": "Probopass", "species": "Probopass", "speciesId": "probopass", "gender": "F", "shiny": false, "level": 91, "moves": ["flashcannon", "irondefense", "bodypress", "thunderwave"], "ability": "Magnet Pull", "evs": {"hp": 85, "atk": 0, "def": 85, "spa": 85, "spd": 85, "spe": 85}, "ivs": {"hp": 31, "atk": 0, "def": 31, "spa": 31, "spd": 31, "spe": 31}, "item": "Leftovers", "teraType": "Fighting", "role": "Bulky Setup", "bvs": {"hp": 60, "atk": 55, "def": 145, "spa": 75, "spd": 150, "spe": 40}, "stats": {"hp": 257, "atk": 105, "def": 316, "spa": 188, "spd": 325, "spe": 125}, "types": ["Rock", "Steel"]}, "Volbeat": {"name": "Volbeat", "species": "Volbeat", "speciesId": "volbeat", "gender": "M", "shiny": false, "level": 90, "moves": ["thunderwave", "roost", "encore", "uturn"], "ability": "Prankster", "evs": {"hp": 85, "atk": 85, "def": 85, "spa": 85, "spd": 85, "spe": 85}, "ivs": {"hp": 31, "atk": 31, "def": 31, "spa": 31, "spd": 31, "spe": 31}, "item": "Heavy-Duty Boots", "teraType": "Steel", "role": "Bulky Support", "bvs": {"hp": 65, "atk": 73, "def": 75, "spa": 47, "spd": 85, "spe": 85}, "stats": {"hp": 263, "atk": 183, "def": 186, "spa": 136, "spd": 204, "spe": 204}, "types": ["Bug"]}, "Regigigas": {"name": "Regigigas", "species": "Regigigas", "speciesId": "regigigas", "gender": "N", "shiny": false, "level": 84, "moves": ["bodyslam", "protect", "knockoff", "substitute"], "ability": "Slow Start", "evs": {"hp": 85, "atk": 85, "def": 85, "spa": 85, "spd": 85, "spe": 85}, "ivs": {"hp": 31, "atk": 31, "def": 31, "spa": 31, "spd": 31, "spe": 31}, "item": "Leftovers", "teraType": "Poison", "role": "Bulky Attacker", "bvs": {"hp": 110, "atk": 160, "def": 110, "spa": 80, "spd": 110, "spe": 100}, "stats": {"hp": 322, "atk": 317, "def": 233, "spa": 183, "spd": 233, "spe": 216}, "types": ["Normal"]}, "Cramorant": {"name": "Cramorant", "species": "Cramorant", "speciesId": "cramorant", "gender": "F", "shiny": false, "level": 86, "moves": ["defog", "bravebird", "roost", "surf"], "ability": "Gulp Missile", "evs": {"hp": 85, "atk": 85, "def": 85, "spa": 85, "spd": 85, "spe": 85}, "ivs": {"hp": 31, "atk": 31, "def": 31, "spa": 31, "spd": 31, "spe": 31}, "item": "Heavy-Duty Boots", "teraType": "Ground", "role": "Bulky Support", "bvs": {"hp": 70, "atk": 85, "def": 55, "spa": 85, "spd": 95, "spe": 85}, "stats": {"hp": 261, "atk": 195, "def": 144, "spa": 195, "spd": 213, "spe": 195}, "types": ["Flying", "Water"]}, "Walking Wake": {"name": "Walking Wake", "species": "Walking Wake", "speciesId": "walkingwake", "gender": "N", "shiny": false, "level": 79, "moves": ["flamethrower", "sunnyday", "hydrosteam", "dracometeor"], "ability": "Protosynthesis", "evs": {"hp": 85, "atk": 0, "def": 85, "spa": 85, "spd": 85, "spe": 85}, "ivs": {"hp": 31, "atk": 0, "def": 31, "spa": 31, "spd": 31, "spe": 31}, "item": "Life Orb", "teraType": "Fire", "role": "Fast Attacker", "bvs": {"hp": 99, "atk": 83, "def": 91, "spa": 125, "spd": 83, "spe": 109}, "stats": {"hp": 286, "atk": 136, "def": 189, "spa": 243, "spd": 177, "spe": 218}, "types": ["Water", "Dragon"]}}, {"Blastoise": {"name": "Blastoise", "species": "Blastoise", "speciesId": "blastoise", "gender": "M", "shiny": false, "level": 80, "moves": ["icebeam", "terablast", "hydropump", "shellsmash"], "ability": "Torrent", "evs": {"hp": 85, "atk": 0, "def": 85, "spa": 85, "spd": 85, "spe": 85}, "ivs": {"hp": 31, "atk": 0, "def": 31, "spa": 31, "spd": 31, "spe": 31}, "item": "White Herb", "teraType": "Electric", "role": "Tera Blast user", "bvs": {"hp": 79, "atk": 83, "def": 100, "spa": 85, "spd": 105, "spe": 78}, "stats": {"hp": 258, "atk": 137, "def": 206, "spa": 182, "spd": 214, "spe": 171}, "types": ["Water"]}, "Baxcalibur": {"name": "Baxcalibur", "species": "Baxcalibur", "speciesId": "baxcalibur", "gender": "M", "shiny": false, "level": 75, "moves": ["earthquake", "glaiverush", "iceshard", "iciclecrash"], "ability": "Thermal Exchange", "evs": {"hp": 81, "atk": 85, "def": 85, "spa": 85, "spd": 85, "spe": 85}, "ivs": {"hp": 31, "atk": 31, "def": 31, "spa": 31, "spd": 31, "spe": 31}, "item": "Choice Band", "teraType": "Dragon", "role": "Fast Attacker", "bvs": {"hp": 115, "atk": 145, "def": 92, "spa": 75, "spd": 86, "spe": 87}, "stats": {"hp": 295, "atk": 261, "def": 182, "spa": 156, "spd": 173, "spe": 174}, "types": ["Dragon", "Ice"]}, "Slowbro": {"name": "Slowbro", "species": "Slowbro-Galar", "speciesId": "slowbrogalar", "gender": "F", "shiny": false, "level": 87, "moves": ["shellsidearm", "psychic", "surf", "earthquake"], "ability": "Regenerator", "evs": {"hp": 85, "atk": 85, "def": 85, "spa": 85, "spd": 85, "spe": 85}, "ivs": {"hp": 31, "atk": 31, "def": 31, "spa": 31, "spd": 31, "spe": 31}, "item": "Assault Vest", "teraType": "Ground", "role": "AV Pivot", "bvs": {"hp": 95, "atk": 100, "def": 95, "spa": 100, "spd": 70, "spe": 30}, "stats": {"hp": 307, "atk": 224, "def": 215, "spa": 224, "spd": 172, "spe": 102}, "types": ["Poison", "Psychic"]}, "Ting-Lu": {"name": "Ting-Lu", "species": "Ting-Lu", "speciesId": "tinglu", "gender": "N", "shiny": false, "level": 78, "moves": ["whirlwind", "throatchop", "earthquake", "stealthrock"], "ability": "Vessel of Ruin", "evs": {"hp": 85, "atk": 85, "def": 85, "spa": 85, "spd": 85, "spe": 85}, "ivs": {"hp": 31, "atk": 31, "def": 31, "spa": 31, "spd": 31, "spe": 31}, "item": "Leftovers", "teraType": "Poison", "role": "Bulky Support", "bvs": {"hp": 155, "atk": 110, "def": 125, "spa": 55, "spd": 80, "spe": 45}, "stats": {"hp": 370, "atk": 217, "def": 240, "spa": 131, "spd": 170, "spe": 115}, "types": ["Dark", "Ground"]}, "Iron Hands": {"name": "Iron Hands", "species": "Iron Hands", "speciesId": "ironhands", "gender": "N", "shiny": false, "level": 79, "moves": ["thunderpunch", "heavyslam", "drainpunch", "voltswitch"], "ability": "Quark Drive", "evs": {"hp": 85, "atk": 85, "def": 85, "spa": 85, "spd": 85, "spe": 85}, "ivs": {"hp": 31, "atk": 31, "def": 31, "spa": 31, "spd": 31, "spe": 31}, "item": "Assault Vest", "teraType": "Electric", "role": "AV Pivot", "bvs": {"hp": 154, "atk": 140, "def": 108, "spa": 50, "spd": 68, "spe": 50}, "stats": {"hp": 373, "atk": 267, "def": 216, "spa": 125, "spd": 153, "spe": 125}, "types": ["Fighting", "Electric"]}, "Dugtrio": {"name": "Dugtrio", "species": "Dugtrio", "speciesId": "dugtrio", "gender": "M", "shiny": false, "level": 84, "moves": ["throatchop", "suckerpunch", "stoneedge", "earthquake"], "ability": "Arena Trap", "evs": {"hp": 85, "atk": 85, "def": 85, "spa": 85, "spd": 85, "spe": 85}, "ivs": {"hp": 31, "atk": 31, "def": 31, "spa": 31, "spd": 31, "spe": 31}, "item": "Choice Band", "teraType": "Ground", "role": "Wallbreaker", "bvs": {"hp": 35, "atk": 100, "def": 50, "spa": 50, "spd": 70, "spe": 120}, "stats": {"hp": 196, "atk": 216, "def": 132, "spa": 132, "spd": 166, "spe": 250}, "types": ["Ground"]}}]}