{"id": "gen9randombattle-2641519374", "format": "[Gen 9] Random Battle", "players": ["jakebop", "Obaidelphox"], "log": "|j|\u2606jakebop\n|j|\u2606Obaidelphox\n|t:|1782799373\n|gametype|singles\n|player|p1|jakebop|juggler|1839\n|player|p2|Obaidelphox|266|1964\n|gen|9\n|tier|[Gen 9] Random Battle\n|rated|\n|rule|Species Clause: Limit one of each Pok\u00e9mon\n|rule|HP Percentage Mod: HP is shown in percentages\n|rule|Sleep Clause Mod: Limit one foe put to sleep\n|rule|Illusion Level Mod: Illusion disguises the Pok\u00e9mon's true level\n|\n|t:|1782799373\n|teamsize|p1|6\n|teamsize|p2|6\n|start\n|switch|p1a: Klawf|Klawf, L90, M|272/272\n|switch|p2a: Talonflame|Talonflame, L83, F|265/265\n|turn|1\n|inactive|Battle timer is ON: inactive players will automatically lose when time's up. (requested by jakebop)\n|inactive|Obaidelphox has 120 seconds left.\n|\n|t:|1782799438\n|switch|p2a: Hariyama|Hariyama, L87, M|392/392\n|move|p1a: Klawf|Stone Edge|p2a: Hariyama\n|-resisted|p2a: Hariyama\n|-damage|p2a: Hariyama|305/392\n|\n|-status|p2a: Hariyama|brn|[from] item: Flame Orb\n|upkeep\n|turn|2\n|\n|t:|1782799456\n|switch|p1a: Clefable|Clefable, L83, M|293/293\n|move|p2a: Hariyama|Close Combat|p1a: Clefable\n|-resisted|p1a: Clefable\n|-damage|p1a: Clefable|151/293\n|-unboost|p2a: Hariyama|def|1\n|-unboost|p2a: Hariyama|spd|1\n|\n|-damage|p2a: Hariyama|281/392 brn|[from] brn\n|upkeep\n|turn|3\n|inactive|Obaidelphox has 120 seconds left.\n|inactive|Obaidelphox has 90 seconds left.\n|inactive|Obaidelphox has 60 seconds left.\n|\n|t:|1782799546\n|switch|p2a: Kricketune|Kricketune, L99, M|312/312\n|move|p1a: Clefable|Moonblast|p2a: Kricketune\n|-crit|p2a: Kricketune\n|-damage|p2a: Kricketune|66/312\n|\n|upkeep\n|turn|4\n|inactive|jakebop has 120 seconds left.\n|\n|t:|1782799579\n|move|p2a: Kricketune|Sticky Web|p1a: Clefable\n|-sidestart|p1: jakebop|move: Sticky Web\n|move|p1a: Clefable|Moonblast|p2a: Kricketune\n|-damage|p2a: Kricketune|0 fnt\n|faint|p2a: Kricketune\n|\n|upkeep\n|inactive|Obaidelphox has 60 seconds left.\n|\n|t:|1782799600\n|switch|p2a: Dodrio|Dodrio, L85, M|241/241\n|turn|5\n|inactive|jakebop has 120 seconds left.\n|\n|t:|1782799619\n|move|p2a: Dodrio|Brave Bird|p1a: Clefable\n|-damage|p1a: Clefable|0 fnt\n|faint|p1a: Clefable\n|-damage|p2a: Dodrio|191/241|[from] Recoil\n|\n|upkeep\n|inactive|jakebop has 120 seconds left.\n|\n|t:|1782799637\n|switch|p1a: Iron Jugulis|Iron Jugulis, L77|271/271\n|turn|6\n|inactive|Obaidelphox has 60 seconds left.\n|inactive|Obaidelphox has 30 seconds left.\n|\n|t:|1782799682\n|move|p2a: Dodrio|Brave Bird|p1a: Iron Jugulis\n|-damage|p1a: Iron Jugulis|21/271\n|-damage|p2a: Dodrio|108/241|[from] Recoil\n|move|p1a: Iron Jugulis|Meteor Beam||[still]\n|-prepare|p1a: Iron Jugulis|Meteor Beam\n|-boost|p1a: Iron Jugulis|spa|1\n|-enditem|p1a: Iron Jugulis|Power Herb\n|-anim|p1a: Iron Jugulis|Meteor Beam|p2a: Dodrio\n|-supereffective|p2a: Dodrio\n|-damage|p2a: Dodrio|0 fnt\n|faint|p2a: Dodrio\n|\n|upkeep\n|\n|t:|1782799687\n|switch|p2a: Hariyama|Hariyama, L87, M|281/392 brn\n|turn|7\n|\n|t:|1782799693\n|move|p2a: Hariyama|Bullet Punch|p1a: Iron Jugulis\n|-damage|p1a: Iron Jugulis|0 fnt\n|faint|p1a: Iron Jugulis\n|-end|p1a: Iron Jugulis|Quark Drive|[silent]\n|\n|-damage|p2a: Hariyama|257/392 brn|[from] brn\n|upkeep\n|inactive|jakebop has 120 seconds left.\n|\n|t:|1782799721\n|switch|p1a: Brambleghast|Brambleghast, L88, F|240/240\n|-activate|p1a: Brambleghast|move: Sticky Web\n|-unboost|p1a: Brambleghast|spe|1\n|turn|8\n|\n|t:|1782799736\n|move|p1a: Brambleghast|Substitute|p1a: Brambleghast\n|-start|p1a: Brambleghast|Substitute\n|-damage|p1a: Brambleghast|180/240\n|move|p2a: Hariyama|Knock Off|p1a: Brambleghast\n|-supereffective|p1a: Brambleghast\n|-end|p1a: Brambleghast|Substitute\n|\n|-heal|p1a: Brambleghast|195/240|[from] item: Leftovers\n|-damage|p2a: Hariyama|233/392 brn|[from] brn\n|upkeep\n|turn|9\n|inactive|jakebop has 120 seconds left.\n|\n|t:|1782799748\n|move|p1a: Brambleghast|Substitute|p1a: Brambleghast\n|-start|p1a: Brambleghast|Substitute\n|-damage|p1a: Brambleghast|135/240\n|move|p2a: Hariyama|Knock Off|p1a: Brambleghast\n|-supereffective|p1a: Brambleghast\n|-end|p1a: Brambleghast|Substitute\n|\n|-heal|p1a: Brambleghast|150/240|[from] item: Leftovers\n|-damage|p2a: Hariyama|209/392 brn|[from] brn\n|upkeep\n|turn|10\n|\n|t:|1782799754\n|move|p1a: Brambleghast|Poltergeist|p2a: Hariyama\n|-activate|p2a: Hariyama|move: Poltergeist|Flame Orb\n|-damage|p2a: Hariyama|28/392 brn\n|move|p2a: Hariyama|Knock Off|p1a: Brambleghast\n|-supereffective|p1a: Brambleghast\n|-crit|p1a: Brambleghast\n|-damage|p1a: Brambleghast|0 fnt\n|-enditem|p1a: Brambleghast|Leftovers|[from] move: Knock Off|[of] p2a: Hariyama\n|faint|p1a: Brambleghast\n|\n|-damage|p2a: Hariyama|4/392 brn|[from] brn\n|upkeep\n|inactive|jakebop has 120 seconds left.\n|\n|t:|1782799775\n|switch|p1a: Grumpig|Grumpig, L92, M|297/297\n|-activate|p1a: Grumpig|move: Sticky Web\n|-unboost|p1a: Grumpig|spe|1\n|turn|11\n|\n|t:|1782799789\n|move|p2a: Hariyama|Knock Off|p1a: Grumpig\n|-supereffective|p1a: Grumpig\n|-damage|p1a: Grumpig|27/297\n|-enditem|p1a: Grumpig|Leftovers|[from] move: Knock Off|[of] p2a: Hariyama\n|move|p1a: Grumpig|Shadow Ball|p2a: Hariyama\n|-damage|p2a: Hariyama|0 fnt\n|faint|p2a: Hariyama\n|\n|upkeep\n|inactive|Obaidelphox has 60 seconds left.\n|\n|t:|1782799809\n|switch|p2a: Slither Wing|Slither Wing, L81|270/270\n|turn|12\n|inactive|jakebop has 120 seconds left.\n|inactive|Obaidelphox has 60 seconds left.\n|\n|t:|1782799815\n|move|p2a: Slither Wing|U-turn|p1a: Grumpig\n|-supereffective|p1a: Grumpig\n|-damage|p1a: Grumpig|0 fnt\n|faint|p1a: Grumpig\n|inactive|Obaidelphox has 60 seconds left.\n|\n|t:|1782799835\n|-end|p2a: Slither Wing|Protosynthesis|[silent]\n|switch|p2a: Tyranitar|Tyranitar, L78, M|284/284|[from] U-turn\n|-weather|Sandstorm|[from] ability: Sand Stream|[of] p2a: Tyranitar\n|\n|-weather|Sandstorm|[upkeep]\n|upkeep\n|\n|t:|1782799840\n|switch|p1a: Annihilape|Annihilape, L76, M|292/292\n|-activate|p1a: Annihilape|move: Sticky Web\n|-unboost|p1a: Annihilape|spe|1\n|-ability|p1a: Annihilape|Defiant|boost\n|-boost|p1a: Annihilape|atk|2\n|turn|13\n|inactive|Obaidelphox has 30 seconds left.\n|\n|t:|1782799871\n|move|p2a: Tyranitar|Stealth Rock|p1a: Annihilape\n|-sidestart|p1: jakebop|move: Stealth Rock\n|move|p1a: Annihilape|Bulk Up|p1a: Annihilape\n|-boost|p1a: Annihilape|atk|1\n|-boost|p1a: Annihilape|def|1\n|\n|-weather|Sandstorm|[upkeep]\n|-damage|p1a: Annihilape|274/292|[from] Sandstorm\n|upkeep\n|turn|14\n|inactive|Obaidelphox has 30 seconds left.\n|\n|t:|1782799883\n|switch|p2a: Talonflame|Talonflame, L83, F|265/265\n|move|p1a: Annihilape|Drain Punch|p2a: Talonflame\n|-resisted|p2a: Talonflame\n|-damage|p2a: Talonflame|148/265\n|-heal|p1a: Annihilape|292/292|[from] drain|[of] p2a: Talonflame\n|\n|-weather|Sandstorm|[upkeep]\n|-damage|p2a: Talonflame|132/265|[from] Sandstorm\n|-damage|p1a: Annihilape|274/292|[from] Sandstorm\n|upkeep\n|turn|15\n|\n|t:|1782799895\n|move|p2a: Talonflame|Brave Bird|p1a: Annihilape\n|-supereffective|p1a: Annihilape\n|-damage|p1a: Annihilape|106/292\n|-damage|p2a: Talonflame|77/265|[from] Recoil\n|move|p1a: Annihilape|Rage Fist|p2a: Talonflame\n|-damage|p2a: Talonflame|0 fnt\n|faint|p2a: Talonflame\n|\n|-weather|Sandstorm|[upkeep]\n|-damage|p1a: Annihilape|88/292|[from] Sandstorm\n|upkeep\n|inactive|Obaidelphox has 30 seconds left.\n|inactive|Obaidelphox has 20 seconds left.\n|inactive|Obaidelphox has 15 seconds left.\n|inactive|Obaidelphox has 10 seconds left.\n|inactive|Obaidelphox has 5 seconds left.\n|-message|Obaidelphox lost due to inactivity.\n|\n|win|jakebop\n|raw|jakebop's rating: 1839 &rarr; <strong>1866</strong><br />(+27 for winning)\n|raw|Obaidelphox's rating: 1969 &rarr; <strong>1942</strong><br />(-27 for losing)\n", "inputlog": ">version f8ac14003a5f27e1bdc8d8c59608a773c1cb96e5\n>start {\"formatid\":\"gen9randombattle\",\"seed\":\"sodium,fb8f11d93f967e84f74044236823d5c0\",\"rated\":\"Rated battle\"}\n>player p1 {\"name\":\"jakebop\",\"avatar\":\"juggler\",\"rating\":1839,\"seed\":\"sodium,6515477ae072a94b1550b921d700e212\"}\n>player p2 {\"name\":\"Obaidelphox\",\"avatar\":\"266\",\"rating\":1964,\"seed\":\"sodium,7fdd3667fd5ce044cff2594b56ac5b0a\"}\n>p1 move stoneedge\n>p2 switch 2\n>p1 switch 4\n>p2 move closecombat\n>p1 move moonblast\n>p2 switch 4\n>p1 move moonblast\n>p2 move stickyweb\n>p2 switch 3\n>p1 move moonblast\n>p2 move bravebird\n>p1 switch 6\n>p1 move meteorbeam\n>p2 move bravebird\n>p2 switch 4\n>p1 move hurricane\n>p2 move bulletpunch\n>p1 switch 5\n>p1 move substitute\n>p2 move knockoff\n>p1 move substitute\n>p2 move knockoff\n>p1 move poltergeist\n>p2 move knockoff\n>p1 switch 3\n>p1 move shadowball\n>p2 move knockoff\n>p2 switch 5\n>p1 move psychic\n>p2 move uturn\n>p2 switch 6\n>p1 switch 2\n>p1 move bulkup\n>p2 move stealthrock\n>p1 move drainpunch\n>p2 switch 2\n>p1 move ragefist\n>p2 move bravebird\n>forcelose p2", "uploadtime": 1782799935, "views": 3, "formatid": "gen9randombattle", "rating": 1866, "private": 0, "password": null, "player_dets": [{"name": "jakebop", "avatar": "juggler", "rating": 1839, "seed": "sodium,6515477ae072a94b1550b921d700e212"}, {"name": "Obaidelphox", "avatar": "266", "rating": 1964, "seed": "sodium,7fdd3667fd5ce044cff2594b56ac5b0a"}], "teams_full": [{"Klawf": {"name": "Klawf", "species": "Klawf", "speciesId": "klawf", "gender": "M", "shiny": false, "level": 90, "moves": ["swordsdance", "stoneedge", "highhorsepower", "knockoff"], "ability": "Anger Shell", "evs": {"hp": 85, "atk": 85, "def": 85, "spa": 85, "spd": 85, "spe": 85}, "ivs": {"hp": 31, "atk": 31, "def": 31, "spa": 31, "spd": 31, "spe": 31}, "item": "Scope Lens", "teraType": "Ground", "role": "Setup Sweeper", "bvs": {"hp": 70, "atk": 100, "def": 115, "spa": 35, "spd": 55, "spe": 75}, "stats": {"hp": 272, "atk": 231, "def": 258, "spa": 114, "spd": 150, "spe": 186}, "types": ["Rock"]}, "Annihilape": {"name": "Annihilape", "species": "Annihilape", "speciesId": "annihilape", "gender": "M", "shiny": false, "level": 76, "moves": ["drainpunch", "ragefist", "bulkup", "rest"], "ability": "Defiant", "evs": {"hp": 85, "atk": 85, "def": 85, "spa": 85, "spd": 85, "spe": 85}, "ivs": {"hp": 31, "atk": 31, "def": 31, "spa": 31, "spd": 31, "spe": 31}, "item": "Chesto Berry", "teraType": "Ghost", "role": "Bulky Setup", "bvs": {"hp": 110, "atk": 115, "def": 80, "spa": 50, "spd": 90, "spe": 90}, "stats": {"hp": 292, "atk": 219, "def": 166, "spa": 120, "spd": 181, "spe": 181}, "types": ["Fighting", "Ghost"]}, "Grumpig": {"name": "Grumpig", "species": "Grumpig", "speciesId": "grumpig", "gender": "M", "shiny": false, "level": 92, "moves": ["shadowball", "psychic", "nastyplot", "focusblast"], "ability": "Thick Fat", "evs": {"hp": 85, "atk": 0, "def": 85, "spa": 85, "spd": 85, "spe": 85}, "ivs": {"hp": 31, "atk": 0, "def": 31, "spa": 31, "spd": 31, "spe": 31}, "item": "Leftovers", "teraType": "Fighting", "role": "Bulky Setup", "bvs": {"hp": 80, "atk": 45, "def": 65, "spa": 90, "spd": 110, "spe": 80}, "stats": {"hp": 297, "atk": 87, "def": 172, "spa": 218, "spd": 255, "spe": 200}, "types": ["Psychic"]}, "Clefable": {"name": "Clefable", "species": "Clefable", "speciesId": "clefable", "gender": "M", "shiny": false, "level": 83, "moves": ["calmmind", "moonlight", "moonblast", "fireblast"], "ability": "Magic Guard", "evs": {"hp": 85, "atk": 0, "def": 85, "spa": 85, "spd": 85, "spe": 85}, "ivs": {"hp": 31, "atk": 0, "def": 31, "spa": 31, "spd": 31, "spe": 31}, "item": "Life Orb", "teraType": "Steel", "role": "Bulky Setup", "bvs": {"hp": 95, "atk": 70, "def": 73, "spa": 95, "spd": 90, "spe": 60}, "stats": {"hp": 293, "atk": 121, "def": 169, "spa": 205, "spd": 197, "spe": 147}, "types": ["Fairy"]}, "Brambleghast": {"name": "Brambleghast", "species": "Brambleghast", "speciesId": "brambleghast", "gender": "F", "shiny": false, "level": 88, "moves": ["leechseed", "substitute", "poltergeist", "powerwhip"], "ability": "Wind Rider", "evs": {"hp": 85, "atk": 85, "def": 85, "spa": 85, "spd": 85, "spe": 85}, "ivs": {"hp": 31, "atk": 31, "def": 31, "spa": 31, "spd": 31, "spe": 31}, "item": "Leftovers", "teraType": "Fairy", "role": "Fast Support", "bvs": {"hp": 55, "atk": 115, "def": 70, "spa": 80, "spd": 70, "spe": 90}, "stats": {"hp": 240, "atk": 253, "def": 173, "spa": 191, "spd": 173, "spe": 209}, "types": ["Grass", "Ghost"]}, "Iron Jugulis": {"name": "Iron Jugulis", "species": "Iron Jugulis", "speciesId": "ironjugulis", "gender": "N", "shiny": false, "level": 77, "moves": ["hurricane", "darkpulse", "meteorbeam", "earthpower"], "ability": "Quark Drive", "evs": {"hp": 85, "atk": 0, "def": 85, "spa": 85, "spd": 85, "spe": 85}, "ivs": {"hp": 31, "atk": 0, "def": 31, "spa": 31, "spd": 31, "spe": 31}, "item": "Power Herb", "teraType": "Ground", "role": "Setup Sweeper", "bvs": {"hp": 94, "atk": 80, "def": 86, "spa": 122, "spd": 80, "spe": 108}, "stats": {"hp": 271, "atk": 128, "def": 177, "spa": 232, "spd": 168, "spe": 211}, "types": ["Dark", "Flying"]}}, {"Talonflame": {"name": "Talonflame", "species": "Talonflame", "speciesId": "talonflame", "gender": "F", "shiny": false, "level": 83, "moves": ["terablast", "bravebird", "flareblitz", "swordsdance"], "ability": "Gale Wings", "evs": {"hp": 85, "atk": 85, "def": 85, "spa": 85, "spd": 85, "spe": 85}, "ivs": {"hp": 31, "atk": 31, "def": 31, "spa": 31, "spd": 31, "spe": 31}, "item": "Heavy-Duty Boots", "teraType": "Ground", "role": "Tera Blast user", "bvs": {"hp": 78, "atk": 81, "def": 71, "spa": 74, "spd": 69, "spe": 126}, "stats": {"hp": 265, "atk": 182, "def": 166, "spa": 171, "spd": 162, "spe": 257}, "types": ["Fire", "Flying"]}, "Hariyama": {"name": "Hariyama", "species": "Hariyama", "speciesId": "hariyama", "gender": "M", "shiny": false, "level": 87, "moves": ["closecombat", "facade", "knockoff", "bulletpunch"], "ability": "Guts", "evs": {"hp": 85, "atk": 85, "def": 85, "spa": 85, "spd": 85, "spe": 85}, "ivs": {"hp": 31, "atk": 31, "def": 31, "spa": 31, "spd": 31, "spe": 31}, "item": "Flame Orb", "teraType": "Normal", "role": "Wallbreaker", "bvs": {"hp": 144, "atk": 120, "def": 60, "spa": 40, "spd": 60, "spe": 50}, "stats": {"hp": 392, "atk": 259, "def": 154, "spa": 119, "spd": 154, "spe": 137}, "types": ["Fighting"]}, "Dodrio": {"name": "Dodrio", "species": "Dodrio", "speciesId": "dodrio", "gender": "M", "shiny": false, "level": 85, "moves": ["drillrun", "bravebird", "doubleedge", "knockoff"], "ability": "Early Bird", "evs": {"hp": 85, "atk": 85, "def": 85, "spa": 85, "spd": 85, "spe": 85}, "ivs": {"hp": 31, "atk": 31, "def": 31, "spa": 31, "spd": 31, "spe": 31}, "item": "Choice Band", "teraType": "Normal", "role": "Fast Attacker", "bvs": {"hp": 60, "atk": 110, "def": 70, "spa": 60, "spd": 60, "spe": 110}, "stats": {"hp": 241, "atk": 236, "def": 168, "spa": 151, "spd": 151, "spe": 236}, "types": ["Normal", "Flying"]}, "Kricketune": {"name": "Kricketune", "species": "Kricketune", "speciesId": "kricketune", "gender": "M", "shiny": false, "level": 99, "moves": ["stickyweb", "pounce", "knockoff", "taunt"], "ability": "Technician", "evs": {"hp": 85, "atk": 85, "def": 85, "spa": 85, "spd": 85, "spe": 85}, "ivs": {"hp": 31, "atk": 31, "def": 31, "spa": 31, "spd": 31, "spe": 31}, "item": "Heavy-Duty Boots", "teraType": "Ghost", "role": "Fast Support", "bvs": {"hp": 77, "atk": 85, "def": 51, "spa": 55, "spd": 51, "spe": 65}, "stats": {"hp": 312, "atk": 224, "def": 157, "spa": 165, "spd": 157, "spe": 185}, "types": ["Bug"]}, "Slither Wing": {"name": "Slither Wing", "species": "Slither Wing", "speciesId": "slitherwing", "gender": "N", "shiny": false, "level": 81, "moves": ["morningsun", "closecombat", "uturn", "willowisp"], "ability": "Protosynthesis", "evs": {"hp": 85, "atk": 85, "def": 85, "spa": 85, "spd": 85, "spe": 85}, "ivs": {"hp": 31, "atk": 31, "def": 31, "spa": 31, "spd": 31, "spe": 31}, "item": "Heavy-Duty Boots", "teraType": "Fire", "role": "Fast Support", "bvs": {"hp": 85, "atk": 135, "def": 79, "spa": 85, "spd": 105, "spe": 81}, "stats": {"hp": 270, "atk": 265, "def": 175, "spa": 184, "spd": 217, "spe": 178}, "types": ["Bug", "Fighting"]}, "Tyranitar": {"name": "Tyranitar", "species": "Tyranitar", "speciesId": "tyranitar", "gender": "M", "shiny": false, "level": 78, "moves": ["stealthrock", "stoneedge", "earthquake", "knockoff"], "ability": "Sand Stream", "evs": {"hp": 85, "atk": 85, "def": 85, "spa": 85, "spd": 85, "spe": 85}, "ivs": {"hp": 31, "atk": 31, "def": 31, "spa": 31, "spd": 31, "spe": 31}, "item": "Leftovers", "teraType": "Rock", "role": "Bulky Support", "bvs": {"hp": 100, "atk": 134, "def": 110, "spa": 95, "spd": 100, "spe": 61}, "stats": {"hp": 284, "atk": 254, "def": 217, "spa": 193, "spd": 201, "spe": 140}, "types": ["Rock", "Dark"]}}]}