{"id": "gen9randombattle-2641097359", "format": "[Gen 9] Random Battle", "players": ["hamni82", "nortonaf"], "log": "|j|\u2606hamni82\n|j|\u2606nortonaf\n|t:|1782740002\n|gametype|singles\n|player|p1|hamni82|169|1967\n|player|p2|nortonaf|pokekid|2069\n|gen|9\n|tier|[Gen 9] Random Battle\n|rated|\n|rule|Species Clause: Limit one of each Pok\u00e9mon\n|rule|HP Percentage Mod: HP is shown in percentages\n|rule|Sleep Clause Mod: Limit one foe put to sleep\n|rule|Illusion Level Mod: Illusion disguises the Pok\u00e9mon's true level\n|\n|t:|1782740002\n|teamsize|p1|6\n|teamsize|p2|6\n|start\n|switch|p1a: Articuno|Articuno, L86|295/295\n|switch|p2a: Pelipper|Pelipper, L86, F|243/243\n|-ability|p1a: Articuno|Pressure\n|-weather|RainDance|[from] ability: Drizzle|[of] p2a: Pelipper\n|turn|1\n|\n|t:|1782740061\n|switch|p2a: Probopass|Probopass, L91, M|257/257\n|move|p1a: Articuno|Brave Bird|p2a: Probopass\n|-resisted|p2a: Probopass\n|-damage|p2a: Probopass|239/257\n|-damage|p1a: Articuno|289/295|[from] Recoil\n|\n|-weather|RainDance|[upkeep]\n|-heal|p2a: Probopass|255/257|[from] item: Leftovers\n|upkeep\n|turn|2\n|inactive|Battle timer is ON: inactive players will automatically lose when time's up. (requested by hamni82)\n|inactive|nortonaf has 120 seconds left.\n|inactive|nortonaf has 90 seconds left.\n|inactive|nortonaf has 60 seconds left.\n|\n|t:|1782740186\n|switch|p1a: Iron Hands|Iron Hands, L79|373/373\n|move|p2a: Probopass|Thunder Wave|p1a: Iron Hands\n|-immune|p1a: Iron Hands\n|\n|-weather|RainDance|[upkeep]\n|-heal|p2a: Probopass|257/257|[from] item: Leftovers\n|upkeep\n|turn|3\n|inactive|hamni82 has 120 seconds left.\n|inactive|hamni82 has 90 seconds left.\n|inactive|hamni82 has 60 seconds left.\n|\n|t:|1782740290\n|switch|p2a: Torterra|Torterra, L78, F|276/276\n|move|p1a: Iron Hands|Close Combat|p2a: Torterra\n|-damage|p2a: Torterra|140/276\n|-unboost|p1a: Iron Hands|def|1\n|-unboost|p1a: Iron Hands|spd|1\n|\n|-weather|RainDance|[upkeep]\n|upkeep\n|turn|4\n|\n|t:|1782740299\n|move|p2a: Torterra|Headlong Rush|p1a: Iron Hands\n|-supereffective|p1a: Iron Hands\n|-damage|p1a: Iron Hands|61/373\n|-unboost|p2a: Torterra|def|1\n|-unboost|p2a: Torterra|spd|1\n|move|p1a: Iron Hands|Ice Punch|p2a: Torterra\n|-supereffective|p2a: Torterra\n|-damage|p2a: Torterra|0 fnt\n|faint|p2a: Torterra\n|\n|-weather|RainDance|[upkeep]\n|upkeep\n|\n|t:|1782740306\n|switch|p2a: Basculin|Basculin-Blue-Striped, L86, M|261/261\n|turn|5\n|inactive|hamni82 has 60 seconds left.\n|\n|t:|1782740317\n|move|p2a: Basculin|Flip Turn|p1a: Iron Hands\n|-damage|p1a: Iron Hands|0 fnt\n|faint|p1a: Iron Hands\n|-end|p1a: Iron Hands|Quark Drive|[silent]\n|\n|t:|1782740323\n|switch|p2a: Crabominable|Crabominable, L90, M|321/321|[from] Flip Turn\n|\n|-weather|none\n|upkeep\n|inactive|hamni82 has 60 seconds left.\n|\n|t:|1782740349\n|switch|p1a: Iron Moth|Iron Moth, L78|253/253\n|turn|6\n|inactive|nortonaf has 120 seconds left.\n|\n|t:|1782740384\n|switch|p2a: Probopass|Probopass, L91, M|257/257\n|move|p1a: Iron Moth|Fiery Dance|p2a: Probopass\n|-damage|p2a: Probopass|194/257\n|-boost|p1a: Iron Moth|spa|1\n|\n|-heal|p2a: Probopass|210/257|[from] item: Leftovers\n|upkeep\n|turn|7\n|\n|t:|1782740410\n|move|p1a: Iron Moth|Fiery Dance|p2a: Probopass\n|-damage|p2a: Probopass|122/257\n|move|p2a: Probopass|Thunder Wave|p1a: Iron Moth\n|-status|p1a: Iron Moth|par\n|\n|-heal|p2a: Probopass|138/257|[from] item: Leftovers\n|upkeep\n|turn|8\n|inactive|nortonaf has 120 seconds left.\n|\n|t:|1782740415\n|switch|p2a: Pelipper|Pelipper, L86, F|243/243\n|-weather|RainDance|[from] ability: Drizzle|[of] p2a: Pelipper\n|move|p1a: Iron Moth|Fiery Dance|p2a: Pelipper\n|-resisted|p2a: Pelipper\n|-damage|p2a: Pelipper|201/243\n|\n|-weather|RainDance|[upkeep]\n|upkeep\n|turn|9\n|\n|t:|1782740419\n|move|p2a: Pelipper|Weather Ball|p1a: Iron Moth\n|-supereffective|p1a: Iron Moth\n|-damage|p1a: Iron Moth|0 fnt\n|faint|p1a: Iron Moth\n|-end|p1a: Iron Moth|Quark Drive|[silent]\n|\n|-weather|RainDance|[upkeep]\n|upkeep\n|\n|t:|1782740437\n|switch|p1a: Articuno|Articuno, L86|289/295\n|-ability|p1a: Articuno|Pressure\n|turn|10\n|\n|t:|1782740443\n|switch|p1a: Arceus|Arceus-Poison, L70|284/284\n|switch|p2a: Probopass|Probopass, L91, M|138/257\n|\n|-weather|RainDance|[upkeep]\n|-heal|p2a: Probopass|154/257|[from] item: Leftovers\n|upkeep\n|turn|11\n|\n|t:|1782740450\n|move|p1a: Arceus|Earthquake|p2a: Probopass\n|-supereffective|p2a: Probopass\n|-damage|p2a: Probopass|10/257\n|move|p2a: Probopass|Thunder Wave|p1a: Arceus|[miss]\n|-miss|p2a: Probopass|p1a: Arceus\n|\n|-weather|RainDance|[upkeep]\n|-heal|p2a: Probopass|26/257|[from] item: Leftovers\n|upkeep\n|turn|12\n|inactive|hamni82 has 60 seconds left.\n|\n|t:|1782740457\n|switch|p2a: Pelipper|Pelipper, L86, F|201/243\n|move|p1a: Arceus|Liquidation|p2a: Pelipper\n|-resisted|p2a: Pelipper\n|-damage|p2a: Pelipper|166/243\n|-unboost|p2a: Pelipper|def|1\n|\n|-weather|none\n|upkeep\n|turn|13\n|\n|t:|1782740463\n|switch|p2a: Crabominable|Crabominable, L90, M|321/321\n|move|p1a: Arceus|Dragon Dance|p1a: Arceus\n|-boost|p1a: Arceus|atk|1\n|-boost|p1a: Arceus|spe|1\n|\n|upkeep\n|turn|14\n|\n|t:|1782740473\n|move|p1a: Arceus|Gunk Shot|p2a: Crabominable\n|-damage|p2a: Crabominable|119/321\n|move|p2a: Crabominable|Ice Hammer|p1a: Arceus\n|-damage|p1a: Arceus|23/284\n|-unboost|p2a: Crabominable|spe|1\n|\n|upkeep\n|turn|15\n|\n|t:|1782740481\n|move|p1a: Arceus|Earthquake|p2a: Crabominable\n|-damage|p2a: Crabominable|20/321\n|move|p2a: Crabominable|Ice Hammer|p1a: Arceus\n|-damage|p1a: Arceus|0 fnt\n|-unboost|p2a: Crabominable|spe|1\n|faint|p1a: Arceus\n|\n|upkeep\n|\n|t:|1782740489\n|switch|p1a: Honchkrow|Honchkrow, L86, M|312/312\n|turn|16\n|\n|t:|1782740494\n|switch|p2a: Pelipper|Pelipper, L86, F|166/243\n|-weather|RainDance|[from] ability: Drizzle|[of] p2a: Pelipper\n|move|p1a: Honchkrow|Brave Bird|p2a: Pelipper\n|-damage|p2a: Pelipper|12/243\n|-damage|p1a: Honchkrow|261/312|[from] Recoil\n|\n|-weather|RainDance|[upkeep]\n|upkeep\n|turn|17\n|inactive|hamni82 has 90 seconds left.\n|\n|t:|1782740503\n|switch|p2a: Probopass|Probopass, L91, M|26/257\n|move|p1a: Honchkrow|Brave Bird|p2a: Probopass\n|-resisted|p2a: Probopass\n|-damage|p2a: Probopass|0 fnt\n|faint|p2a: Probopass\n|-ability|p1a: Honchkrow|Moxie|boost\n|-boost|p1a: Honchkrow|atk|1\n|-damage|p1a: Honchkrow|252/312|[from] Recoil\n|\n|-weather|RainDance|[upkeep]\n|upkeep\n|\n|t:|1782740504\n|switch|p2a: Basculin|Basculin-Blue-Striped, L86, M|261/261\n|turn|18\n|\n|t:|1782740512\n|-terastallize|p2a: Basculin|Water\n|move|p2a: Basculin|Wave Crash|p1a: Honchkrow\n|-damage|p1a: Honchkrow|0 fnt\n|faint|p1a: Honchkrow\n|-damage|p2a: Basculin|178/261|[from] Recoil\n|\n|-weather|RainDance|[upkeep]\n|upkeep\n|\n|t:|1782740522\n|switch|p1a: Cinccino|Cinccino, L83, F|260/260\n|turn|19\n|\n|t:|1782740534\n|switch|p2a: Crabominable|Crabominable, L90, M|20/321\n|move|p1a: Cinccino|Bullet Seed|p2a: Crabominable\n|-damage|p2a: Crabominable|0 fnt\n|faint|p2a: Crabominable\n|-hitcount|p2: Crabominable|1\n|\n|-weather|RainDance|[upkeep]\n|upkeep\n|\n|t:|1782740538\n|switch|p2a: Iron Jugulis|Iron Jugulis, L77|271/271\n|turn|20\n|inactive|hamni82 has 120 seconds left.\n|\n|t:|1782740566\n|move|p1a: Cinccino|Triple Axel|p2a: Iron Jugulis\n|-supereffective|p2a: Iron Jugulis\n|-damage|p2a: Iron Jugulis|225/271\n|-supereffective|p2a: Iron Jugulis\n|-damage|p2a: Iron Jugulis|135/271\n|-supereffective|p2a: Iron Jugulis\n|-damage|p2a: Iron Jugulis|0 fnt\n|faint|p2a: Iron Jugulis\n|-end|p2a: Iron Jugulis|Quark Drive|[silent]\n|-hitcount|p2: Iron Jugulis|3\n|\n|-weather|none\n|upkeep\n|\n|t:|1782740572\n|switch|p2a: Pelipper|Pelipper, L86, F|12/243\n|-weather|RainDance|[from] ability: Drizzle|[of] p2a: Pelipper\n|turn|21\n|inactive|hamni82 has 90 seconds left.\n|\n|t:|1782740622\n|move|p1a: Cinccino|Bullet Seed|p2a: Pelipper\n|-damage|p2a: Pelipper|0 fnt\n|faint|p2a: Pelipper\n|-hitcount|p2: Pelipper|1\n|\n|-weather|RainDance|[upkeep]\n|upkeep\n|inactive|nortonaf has 120 seconds left.\n|\n|t:|1782740666\n|switch|p2a: Basculin|Basculin-Blue-Striped, L86, M, tera:Water|178/261\n|turn|22\n|\n|t:|1782740671\n|move|p1a: Cinccino|Bullet Seed|p2a: Basculin\n|-supereffective|p2a: Basculin\n|-damage|p2a: Basculin|114/261\n|-supereffective|p2a: Basculin\n|-damage|p2a: Basculin|54/261\n|-supereffective|p2a: Basculin\n|-damage|p2a: Basculin|0 fnt\n|faint|p2a: Basculin\n|-hitcount|p2: Basculin|3\n|\n|win|hamni82\n", "inputlog": ">version f8ac14003a5f27e1bdc8d8c59608a773c1cb96e5\n>start {\"formatid\":\"gen9randombattle\",\"seed\":\"sodium,39f67ab7a90fd7b831496c39969bd2ee\",\"rated\":\"Rated battle\"}\n>player p1 {\"name\":\"hamni82\",\"avatar\":\"169\",\"rating\":1967,\"seed\":\"sodium,87a20dcdca6f2c3b076895813ab14351\"}\n>player p2 {\"name\":\"nortonaf\",\"avatar\":\"pokekid\",\"rating\":2069,\"seed\":\"sodium,062421e299ef497459361908a05ff1c2\"}\n>p1 move bravebird\n>p2 switch 2\n>p1 switch 4\n>p2 move thunderwave\n>p1 move closecombat\n>p2 switch 4\n>p1 move icepunch\n>p2 move headlongrush\n>p2 switch 5\n>p1 move thunderpunch\n>p2 move flipturn\n>p2 switch 3\n>p1 switch 3\n>p1 move fierydance\n>p2 switch 4\n>p1 move fierydance\n>p2 move thunderwave\n>p1 move fierydance\n>p2 switch 2\n>p1 move energyball\n>p2 move weatherball\n>p1 switch 4\n>p1 switch 6\n>p2 switch 2\n>p1 move earthquake\n>p2 move thunderwave\n>p1 move liquidation\n>p2 switch 2\n>p1 move dragondance\n>p2 switch 4\n>p1 move gunkshot\n>p2 move icehammer\n>p1 move earthquake\n>p2 move icehammer\n>p1 switch 2\n>p1 move bravebird\n>p2 switch 4\n>p1 move bravebird\n>p2 switch 2\n>p2 switch 3\n>p1 move lashout\n>p2 move wavecrash terastallize\n>p1 switch 5\n>p1 move bulletseed\n>p2 switch 4\n>p2 switch 6\n>p1 move tripleaxel\n>p2 move hurricane\n>p2 switch 2\n>p1 move bulletseed\n>p2 move weatherball\n>p2 switch 4\n>p1 move bulletseed\n>p2 move wavecrash", "uploadtime": 1782740004, "views": 3, "formatid": "gen9randombattle", "rating": null, "private": 0, "password": null, "player_dets": [{"name": "hamni82", "avatar": "169", "rating": 1967, "seed": "sodium,87a20dcdca6f2c3b076895813ab14351"}, {"name": "nortonaf", "avatar": "pokekid", "rating": 2069, "seed": "sodium,062421e299ef497459361908a05ff1c2"}], "teams_full": [{"Articuno": {"name": "Articuno", "species": "Articuno", "speciesId": "articuno", "gender": "N", "shiny": false, "level": 86, "moves": ["roost", "haze", "bravebird", "freezedry"], "ability": "Pressure", "evs": {"hp": 85, "atk": 85, "def": 85, "spa": 85, "spd": 85, "spe": 85}, "ivs": {"hp": 31, "atk": 31, "def": 31, "spa": 31, "spd": 31, "spe": 31}, "item": "Heavy-Duty Boots", "teraType": "Ground", "role": "Bulky Support", "bvs": {"hp": 90, "atk": 85, "def": 100, "spa": 95, "spd": 125, "spe": 85}, "stats": {"hp": 295, "atk": 195, "def": 221, "spa": 213, "spd": 264, "spe": 195}, "types": ["Ice", "Flying"]}, "Honchkrow": {"name": "Honchkrow", "species": "Honchkrow", "speciesId": "honchkrow", "gender": "M", "shiny": false, "level": 86, "moves": ["bravebird", "suckerpunch", "heatwave", "lashout"], "ability": "Moxie", "evs": {"hp": 85, "atk": 85, "def": 85, "spa": 85, "spd": 85, "spe": 85}, "ivs": {"hp": 31, "atk": 31, "def": 31, "spa": 31, "spd": 31, "spe": 31}, "item": "Heavy-Duty Boots", "teraType": "Dark", "role": "Wallbreaker", "bvs": {"hp": 100, "atk": 125, "def": 52, "spa": 105, "spd": 52, "spe": 71}, "stats": {"hp": 312, "atk": 264, "def": 139, "spa": 230, "spd": 139, "spe": 171}, "types": ["Dark", "Flying"]}, "Iron Moth": {"name": "Iron Moth", "species": "Iron Moth", "speciesId": "ironmoth", "gender": "N", "shiny": false, "level": 78, "moves": ["sludgewave", "energyball", "fierydance", "morningsun"], "ability": "Quark Drive", "evs": {"hp": 85, "atk": 0, "def": 85, "spa": 85, "spd": 85, "spe": 85}, "ivs": {"hp": 31, "atk": 0, "def": 31, "spa": 31, "spd": 31, "spe": 31}, "item": "Heavy-Duty Boots", "teraType": "Grass", "role": "Fast Attacker", "bvs": {"hp": 80, "atk": 70, "def": 60, "spa": 140, "spd": 110, "spe": 110}, "stats": {"hp": 253, "atk": 114, "def": 139, "spa": 263, "spd": 217, "spe": 217}, "types": ["Fire", "Poison"]}, "Iron Hands": {"name": "Iron Hands", "species": "Iron Hands", "speciesId": "ironhands", "gender": "N", "shiny": false, "level": 79, "moves": ["thunderpunch", "icepunch", "voltswitch", "closecombat"], "ability": "Quark Drive", "evs": {"hp": 85, "atk": 85, "def": 85, "spa": 85, "spd": 85, "spe": 85}, "ivs": {"hp": 31, "atk": 31, "def": 31, "spa": 31, "spd": 31, "spe": 31}, "item": "Assault Vest", "teraType": "Fighting", "role": "AV Pivot", "bvs": {"hp": 154, "atk": 140, "def": 108, "spa": 50, "spd": 68, "spe": 50}, "stats": {"hp": 373, "atk": 267, "def": 216, "spa": 125, "spd": 153, "spe": 125}, "types": ["Fighting", "Electric"]}, "Cinccino": {"name": "Cinccino", "species": "Cinccino", "speciesId": "cinccino", "gender": "F", "shiny": false, "level": 83, "moves": ["tripleaxel", "bulletseed", "tailslap", "uturn"], "ability": "Technician", "evs": {"hp": 85, "atk": 85, "def": 85, "spa": 85, "spd": 85, "spe": 85}, "ivs": {"hp": 31, "atk": 31, "def": 31, "spa": 31, "spd": 31, "spe": 31}, "item": "Loaded Dice", "teraType": "Normal", "role": "Fast Attacker", "bvs": {"hp": 75, "atk": 95, "def": 60, "spa": 65, "spd": 60, "spe": 115}, "stats": {"hp": 260, "atk": 205, "def": 147, "spa": 156, "spd": 147, "spe": 239}, "types": ["Normal"]}, "Arceus": {"name": "Arceus", "species": "Arceus-Poison", "speciesId": "arceuspoison", "gender": "N", "shiny": false, "level": 70, "moves": ["dragondance", "earthquake", "gunkshot", "liquidation"], "ability": "Multitype", "evs": {"hp": 85, "atk": 85, "def": 85, "spa": 85, "spd": 85, "spe": 85}, "ivs": {"hp": 31, "atk": 31, "def": 31, "spa": 31, "spd": 31, "spe": 31}, "item": "Toxic Plate", "teraType": "Ground", "role": "Setup Sweeper", "bvs": {"hp": 120, "atk": 120, "def": 120, "spa": 120, "spd": 120, "spe": 120}, "stats": {"hp": 284, "atk": 209, "def": 209, "spa": 209, "spd": 209, "spe": 209}, "types": ["Poison"]}}, {"Pelipper": {"name": "Pelipper", "species": "Pelipper", "speciesId": "pelipper", "gender": "F", "shiny": false, "level": 86, "moves": ["hurricane", "weatherball", "uturn", "hydropump"], "ability": "Drizzle", "evs": {"hp": 85, "atk": 85, "def": 85, "spa": 85, "spd": 85, "spe": 85}, "ivs": {"hp": 31, "atk": 31, "def": 31, "spa": 31, "spd": 31, "spe": 31}, "item": "Choice Specs", "teraType": "Flying", "role": "Wallbreaker", "bvs": {"hp": 60, "atk": 50, "def": 100, "spa": 95, "spd": 70, "spe": 65}, "stats": {"hp": 243, "atk": 135, "def": 221, "spa": 213, "spd": 170, "spe": 161}, "types": ["Water", "Flying"]}, "Probopass": {"name": "Probopass", "species": "Probopass", "speciesId": "probopass", "gender": "M", "shiny": false, "level": 91, "moves": ["thunderwave", "bodypress", "irondefense", "flashcannon"], "ability": "Magnet Pull", "evs": {"hp": 85, "atk": 0, "def": 85, "spa": 85, "spd": 85, "spe": 85}, "ivs": {"hp": 31, "atk": 0, "def": 31, "spa": 31, "spd": 31, "spe": 31}, "item": "Leftovers", "teraType": "Fighting", "role": "Bulky Setup", "bvs": {"hp": 60, "atk": 55, "def": 145, "spa": 75, "spd": 150, "spe": 40}, "stats": {"hp": 257, "atk": 105, "def": 316, "spa": 188, "spd": 325, "spe": 125}, "types": ["Rock", "Steel"]}, "Crabominable": {"name": "Crabominable", "species": "Crabominable", "speciesId": "crabominable", "gender": "M", "shiny": false, "level": 90, "moves": ["earthquake", "drainpunch", "icehammer", "gunkshot"], "ability": "Iron Fist", "evs": {"hp": 85, "atk": 85, "def": 85, "spa": 85, "spd": 85, "spe": 85}, "ivs": {"hp": 31, "atk": 31, "def": 31, "spa": 31, "spd": 31, "spe": 31}, "item": "Choice Band", "teraType": "Ground", "role": "Wallbreaker", "bvs": {"hp": 97, "atk": 132, "def": 77, "spa": 62, "spd": 67, "spe": 43}, "stats": {"hp": 321, "atk": 289, "def": 190, "spa": 163, "spd": 172, "spe": 129}, "types": ["Fighting", "Ice"]}, "Torterra": {"name": "Torterra", "species": "Torterra", "speciesId": "torterra", "gender": "F", "shiny": false, "level": 78, "moves": ["bulletseed", "shellsmash", "rockblast", "headlongrush"], "ability": "Overgrow", "evs": {"hp": 85, "atk": 85, "def": 85, "spa": 85, "spd": 85, "spe": 85}, "ivs": {"hp": 31, "atk": 31, "def": 31, "spa": 31, "spd": 31, "spe": 31}, "item": "Loaded Dice", "teraType": "Ground", "role": "Setup Sweeper", "bvs": {"hp": 95, "atk": 109, "def": 105, "spa": 75, "spd": 85, "spe": 56}, "stats": {"hp": 276, "atk": 215, "def": 209, "spa": 162, "spd": 178, "spe": 132}, "types": ["Grass", "Ground"]}, "Basculin": {"name": "Basculin", "species": "Basculin-Blue-Striped", "speciesId": "basculin", "gender": "M", "shiny": false, "level": 86, "moves": ["flipturn", "wavecrash", "doubleedge", "aquajet"], "ability": "Adaptability", "evs": {"hp": 85, "atk": 85, "def": 85, "spa": 85, "spd": 85, "spe": 85}, "ivs": {"hp": 31, "atk": 31, "def": 31, "spa": 31, "spd": 31, "spe": 31}, "item": "Choice Band", "teraType": "Water", "role": "Wallbreaker", "bvs": {"hp": 70, "atk": 92, "def": 65, "spa": 80, "spd": 55, "spe": 98}, "stats": {"hp": 261, "atk": 207, "def": 161, "spa": 187, "spd": 144, "spe": 218}, "types": ["Water"]}, "Iron Jugulis": {"name": "Iron Jugulis", "species": "Iron Jugulis", "speciesId": "ironjugulis", "gender": "N", "shiny": false, "level": 77, "moves": ["earthpower", "hurricane", "darkpulse", "meteorbeam"], "ability": "Quark Drive", "evs": {"hp": 85, "atk": 0, "def": 85, "spa": 85, "spd": 85, "spe": 85}, "ivs": {"hp": 31, "atk": 0, "def": 31, "spa": 31, "spd": 31, "spe": 31}, "item": "Power Herb", "teraType": "Ground", "role": "Setup Sweeper", "bvs": {"hp": 94, "atk": 80, "def": 86, "spa": 122, "spd": 80, "spe": 108}, "stats": {"hp": 271, "atk": 128, "def": 177, "spa": 232, "spd": 168, "spe": 211}, "types": ["Dark", "Flying"]}}]}