{"id": "gen9randombattle-2641067033", "format": "[Gen 9] Random Battle", "players": ["Third Mo0n", "LewisBavin"], "log": "|j|\u2606Third Mo0n\n|j|\u2606LewisBavin\n|t:|1782735456\n|gametype|singles\n|player|p1|Third Mo0n|plasmagrunt|1966\n|player|p2|LewisBavin|169|1989\n|gen|9\n|tier|[Gen 9] Random Battle\n|rated|\n|rule|Species Clause: Limit one of each Pok\u00e9mon\n|rule|HP Percentage Mod: HP is shown in percentages\n|rule|Sleep Clause Mod: Limit one foe put to sleep\n|rule|Illusion Level Mod: Illusion disguises the Pok\u00e9mon's true level\n|\n|t:|1782735456\n|teamsize|p1|6\n|teamsize|p2|6\n|start\n|switch|p1a: Arcanine|Arcanine, L84, M|288/288\n|switch|p2a: Rayquaza|Rayquaza, L72|270/270\n|-ability|p1a: Arcanine|Intimidate|boost\n|-unboost|p2a: Rayquaza|atk|1\n|-ability|p2a: Rayquaza|Air Lock\n|turn|1\n|inactive|Battle timer is ON: inactive players will automatically lose when time's up. (requested by LewisBavin)\n|inactive|Third Mo0n also wants the timer to be on.\n|\n|t:|1782735470\n|switch|p2a: Hypno|Hypno, L95, F|315/315\n|move|p1a: Arcanine|Will-O-Wisp|p2a: Hypno\n|-status|p2a: Hypno|brn\n|\n|-damage|p2a: Hypno|296/315 brn|[from] brn\n|upkeep\n|turn|2\n|\n|t:|1782735482\n|switch|p1a: Slowbro|Slowbro-Galar, L87, F|307/307\n|move|p2a: Hypno|Toxic|p1a: Slowbro\n|-immune|p1a: Slowbro\n|\n|-heal|p2a: Hypno|315/315 brn|[from] item: Leftovers\n|-damage|p2a: Hypno|296/315 brn|[from] brn\n|upkeep\n|turn|3\n|\n|t:|1782735499\n|move|p2a: Hypno|Psychic Noise|p1a: Slowbro\n|-damage|p1a: Slowbro|243/307\n|-start|p1a: Slowbro|move: Heal Block\n|move|p1a: Slowbro|Shell Side Arm|p2a: Hypno|[anim] Shell Side Arm Physical\n|-damage|p2a: Hypno|179/315 brn\n|-hint|Physical Shell Side Arm\n|\n|-heal|p2a: Hypno|198/315 brn|[from] item: Leftovers\n|-damage|p2a: Hypno|179/315 brn|[from] brn\n|upkeep\n|turn|4\n|\n|t:|1782735509\n|switch|p2a: Rillaboom|Rillaboom, L79, M|288/288\n|-fieldstart|move: Grassy Terrain|[from] ability: Grassy Surge|[of] p2a: Rillaboom\n|move|p1a: Slowbro|Foul Play|p2a: Rillaboom\n|-damage|p2a: Rillaboom|198/288\n|\n|-heal|p2a: Rillaboom|216/288|[from] Grassy Terrain\n|-end|p1a: Slowbro|move: Heal Block\n|upkeep\n|turn|5\n|\n|t:|1782735521\n|switch|p1a: Arcanine|Arcanine, L84, M|288/288\n|-ability|p1a: Arcanine|Intimidate|boost\n|-unboost|p2a: Rillaboom|atk|1\n|move|p2a: Rillaboom|Knock Off|p1a: Arcanine\n|-damage|p1a: Arcanine|209/288\n|-enditem|p1a: Arcanine|Heavy-Duty Boots|[from] move: Knock Off|[of] p2a: Rillaboom\n|\n|-heal|p1a: Arcanine|227/288|[from] Grassy Terrain\n|-heal|p2a: Rillaboom|234/288|[from] Grassy Terrain\n|upkeep\n|turn|6\n|\n|t:|1782735531\n|switch|p2a: Florges|Florges-Blue, L85, F|271/271\n|move|p1a: Arcanine|Flare Blitz|p2a: Florges\n|-damage|p2a: Florges|112/271\n|-damage|p1a: Arcanine|175/288|[from] Recoil\n|\n|-heal|p1a: Arcanine|193/288|[from] Grassy Terrain\n|-heal|p2a: Florges|128/271|[from] Grassy Terrain\n|-heal|p2a: Florges|144/271|[from] item: Leftovers\n|upkeep\n|turn|7\n|\n|t:|1782735544\n|switch|p2a: Rayquaza|Rayquaza, L72|270/270\n|-ability|p2a: Rayquaza|Air Lock\n|move|p1a: Arcanine|Flare Blitz|p2a: Rayquaza\n|-resisted|p2a: Rayquaza\n|-damage|p2a: Rayquaza|188/270\n|-damage|p1a: Arcanine|166/288|[from] Recoil\n|\n|-heal|p1a: Arcanine|184/288|[from] Grassy Terrain\n|upkeep\n|turn|8\n|\n|t:|1782735555\n|switch|p2a: Hypno|Hypno, L95, F|179/315 brn\n|move|p1a: Arcanine|Will-O-Wisp|p2a: Hypno\n|-fail|p2a: Hypno|brn\n|\n|-heal|p1a: Arcanine|202/288|[from] Grassy Terrain\n|-heal|p2a: Hypno|198/315 brn|[from] Grassy Terrain\n|-heal|p2a: Hypno|217/315 brn|[from] item: Leftovers\n|-damage|p2a: Hypno|198/315 brn|[from] brn\n|-fieldend|move: Grassy Terrain\n|upkeep\n|turn|9\n|-message|LewisBavin forfeited.\n|\n|win|Third Mo0n\n|raw|Third Mo0n's rating: 1966 &rarr; <strong>1987</strong><br />(+21 for winning)\n|raw|LewisBavin's rating: 1989 &rarr; <strong>1968</strong><br />(-21 for losing)\n", "inputlog": ">version 3f8ef8cf60cebd2b18892af2794d10415e14a302\n>start {\"formatid\":\"gen9randombattle\",\"seed\":\"sodium,2a7aa7ddc43d0fd0d1c3e0426b2139d6\",\"rated\":\"Rated battle\"}\n>player p1 {\"name\":\"Third Mo0n\",\"avatar\":\"plasmagrunt\",\"rating\":1966,\"seed\":\"sodium,ea28ec34210a767773562b329d830abb\"}\n>player p2 {\"name\":\"LewisBavin\",\"avatar\":\"169\",\"rating\":1989,\"seed\":\"sodium,afbde8264cb767f52594fdcd4632c4be\"}\n>p1 move willowisp\n>p2 switch 5\n>p1 switch 6\n>p2 move toxic\n>p1 move shellsidearm\n>p2 move psychicnoise\n>p1 move foulplay\n>p2 switch 4\n>p1 switch 6\n>p2 move knockoff\n>p1 move flareblitz\n>p2 switch 6\n>p1 move flareblitz\n>p2 switch 5\n>p1 move willowisp\n>p2 switch 4\n>forcelose p2", "uploadtime": 1782735458, "views": 7, "formatid": "gen9randombattle", "rating": 1968, "private": 0, "password": null, "player_dets": [{"name": "Third Mo0n", "avatar": "plasmagrunt", "rating": 1966, "seed": "sodium,ea28ec34210a767773562b329d830abb"}, {"name": "LewisBavin", "avatar": "169", "rating": 1989, "seed": "sodium,afbde8264cb767f52594fdcd4632c4be"}], "teams_full": [{"Arcanine": {"name": "Arcanine", "species": "Arcanine", "speciesId": "arcanine", "gender": "M", "shiny": false, "level": 84, "moves": ["willowisp", "flareblitz", "closecombat", "morningsun"], "ability": "Intimidate", "evs": {"hp": 85, "atk": 85, "def": 85, "spa": 85, "spd": 85, "spe": 85}, "ivs": {"hp": 31, "atk": 31, "def": 31, "spa": 31, "spd": 31, "spe": 31}, "item": "Heavy-Duty Boots", "teraType": "Fighting", "role": "Bulky Attacker", "bvs": {"hp": 90, "atk": 110, "def": 80, "spa": 100, "spd": 80, "spe": 95}, "stats": {"hp": 288, "atk": 233, "def": 183, "spa": 216, "spd": 183, "spe": 208}, "types": ["Fire"]}, "Ogerpon": {"name": "Ogerpon", "species": "Ogerpon-Wellspring", "speciesId": "ogerponwellspring", "gender": "F", "shiny": false, "level": 76, "moves": ["hornleech", "ivycudgel", "playrough", "swordsdance"], "ability": "Water Absorb", "evs": {"hp": 85, "atk": 85, "def": 85, "spa": 85, "spd": 85, "spe": 85}, "ivs": {"hp": 31, "atk": 31, "def": 31, "spa": 31, "spd": 31, "spe": 31}, "item": "Wellspring Mask", "teraType": "Water", "role": "Setup Sweeper", "bvs": {"hp": 80, "atk": 120, "def": 84, "spa": 60, "spd": 96, "spe": 110}, "stats": {"hp": 247, "atk": 226, "def": 172, "spa": 135, "spd": 190, "spe": 211}, "types": ["Grass", "Water"]}, "Dondozo": {"name": "Dondozo", "species": "Dondozo", "speciesId": "dondozo", "gender": "F", "shiny": false, "level": 78, "moves": ["sleeptalk", "rest", "wavecrash", "curse"], "ability": "Unaware", "evs": {"hp": 85, "atk": 85, "def": 85, "spa": 85, "spd": 85, "spe": 85}, "ivs": {"hp": 31, "atk": 31, "def": 31, "spa": 31, "spd": 31, "spe": 31}, "item": "Leftovers", "teraType": "Dragon", "role": "Bulky Setup", "bvs": {"hp": 150, "atk": 100, "def": 115, "spa": 65, "spd": 65, "spe": 35}, "stats": {"hp": 362, "atk": 201, "def": 224, "spa": 146, "spd": 146, "spe": 100}, "types": ["Water"]}, "Volcarona": {"name": "Volcarona", "species": "Volcarona", "speciesId": "volcarona", "gender": "F", "shiny": false, "level": 77, "moves": ["fierydance", "terablast", "quiverdance", "bugbuzz"], "ability": "Flame Body", "evs": {"hp": 85, "atk": 0, "def": 85, "spa": 85, "spd": 85, "spe": 85}, "ivs": {"hp": 31, "atk": 0, "def": 31, "spa": 31, "spd": 31, "spe": 31}, "item": "Heavy-Duty Boots", "teraType": "Ground", "role": "Tera Blast user", "bvs": {"hp": 85, "atk": 60, "def": 65, "spa": 135, "spd": 105, "spe": 100}, "stats": {"hp": 257, "atk": 97, "def": 145, "spa": 252, "spd": 206, "spe": 199}, "types": ["Bug", "Fire"]}, "Koraidon": {"name": "Koraidon", "species": "Koraidon", "speciesId": "koraidon", "gender": "N", "shiny": false, "level": 64, "moves": ["outrage", "uturn", "closecombat", "flareblitz"], "ability": "Orichalcum Pulse", "evs": {"hp": 85, "atk": 85, "def": 85, "spa": 85, "spd": 85, "spe": 85}, "ivs": {"hp": 31, "atk": 31, "def": 31, "spa": 31, "spd": 31, "spe": 31}, "item": "Choice Band", "teraType": "Fire", "role": "Fast Attacker", "bvs": {"hp": 100, "atk": 135, "def": 115, "spa": 85, "spd": 100, "spe": 135}, "stats": {"hp": 235, "atk": 211, "def": 185, "spa": 147, "spd": 166, "spe": 211}, "types": ["Fighting", "Dragon"]}, "Slowbro": {"name": "Slowbro", "species": "Slowbro-Galar", "speciesId": "slowbrogalar", "gender": "F", "shiny": false, "level": 87, "moves": ["fireblast", "foulplay", "psychic", "shellsidearm"], "ability": "Regenerator", "evs": {"hp": 85, "atk": 85, "def": 85, "spa": 85, "spd": 85, "spe": 85}, "ivs": {"hp": 31, "atk": 31, "def": 31, "spa": 31, "spd": 31, "spe": 31}, "item": "Assault Vest", "teraType": "Dark", "role": "AV Pivot", "bvs": {"hp": 95, "atk": 100, "def": 95, "spa": 100, "spd": 70, "spe": 30}, "stats": {"hp": 307, "atk": 224, "def": 215, "spa": 224, "spd": 172, "spe": 102}, "types": ["Poison", "Psychic"]}}, {"Rayquaza": {"name": "Rayquaza", "species": "Rayquaza", "speciesId": "rayquaza", "gender": "N", "shiny": false, "level": 72, "moves": ["outrage", "dragondance", "earthquake", "dragonascent"], "ability": "Air Lock", "evs": {"hp": 85, "atk": 85, "def": 85, "spa": 85, "spd": 85, "spe": 85}, "ivs": {"hp": 31, "atk": 31, "def": 31, "spa": 31, "spd": 31, "spe": 31}, "item": "Heavy-Duty Boots", "teraType": "Steel", "role": "Setup Sweeper", "bvs": {"hp": 105, "atk": 150, "def": 90, "spa": 150, "spd": 90, "spe": 95}, "stats": {"hp": 270, "atk": 258, "def": 172, "spa": 258, "spd": 172, "spe": 179}, "types": ["Dragon", "Flying"]}, "Kyurem": {"name": "Kyurem", "species": "Kyurem-Black", "speciesId": "kyuremblack", "gender": "N", "shiny": false, "level": 71, "moves": ["iciclespear", "scaleshot", "dragondance", "fusionbolt"], "ability": "Teravolt", "evs": {"hp": 85, "atk": 85, "def": 85, "spa": 85, "spd": 85, "spe": 85}, "ivs": {"hp": 31, "atk": 31, "def": 31, "spa": 31, "spd": 31, "spe": 31}, "item": "Loaded Dice", "teraType": "Electric", "role": "Setup Sweeper", "bvs": {"hp": 125, "atk": 170, "def": 100, "spa": 120, "spd": 90, "spe": 95}, "stats": {"hp": 295, "atk": 283, "def": 183, "spa": 212, "spd": 169, "spe": 176}, "types": ["Dragon", "Ice"]}, "Oricorio": {"name": "Oricorio", "species": "Oricorio-Sensu", "speciesId": "oricoriosensu", "gender": "M", "shiny": false, "level": 85, "moves": ["roost", "revelationdance", "hurricane", "quiverdance"], "ability": "Dancer", "evs": {"hp": 85, "atk": 0, "def": 85, "spa": 85, "spd": 85, "spe": 85}, "ivs": {"hp": 31, "atk": 0, "def": 31, "spa": 31, "spd": 31, "spe": 31}, "item": "Heavy-Duty Boots", "teraType": "Fighting", "role": "Setup Sweeper", "bvs": {"hp": 75, "atk": 70, "def": 70, "spa": 98, "spd": 70, "spe": 93}, "stats": {"hp": 266, "atk": 124, "def": 168, "spa": 215, "spd": 168, "spe": 207}, "types": ["Ghost", "Flying"]}, "Rillaboom": {"name": "Rillaboom", "species": "Rillaboom", "speciesId": "rillaboom", "gender": "M", "shiny": false, "level": 79, "moves": ["woodhammer", "knockoff", "uturn", "grassyglide"], "ability": "Grassy Surge", "evs": {"hp": 85, "atk": 85, "def": 85, "spa": 85, "spd": 85, "spe": 85}, "ivs": {"hp": 31, "atk": 31, "def": 31, "spa": 31, "spd": 31, "spe": 31}, "item": "Choice Band", "teraType": "Grass", "role": "Wallbreaker", "bvs": {"hp": 100, "atk": 125, "def": 90, "spa": 60, "spd": 70, "spe": 85}, "stats": {"hp": 288, "atk": 243, "def": 188, "spa": 140, "spd": 156, "spe": 180}, "types": ["Grass"]}, "Hypno": {"name": "Hypno", "species": "Hypno", "speciesId": "hypno", "gender": "F", "shiny": false, "level": 95, "moves": ["toxic", "psychicnoise", "protect", "focusblast"], "ability": "Insomnia", "evs": {"hp": 85, "atk": 0, "def": 85, "spa": 85, "spd": 85, "spe": 85}, "ivs": {"hp": 31, "atk": 0, "def": 31, "spa": 31, "spd": 31, "spe": 31}, "item": "Leftovers", "teraType": "Dark", "role": "Bulky Attacker", "bvs": {"hp": 85, "atk": 73, "def": 70, "spa": 73, "spd": 115, "spe": 67}, "stats": {"hp": 315, "atk": 143, "def": 187, "spa": 193, "spd": 272, "spe": 181}, "types": ["Psychic"]}, "Florges": {"name": "Florges", "species": "Florges-Blue", "speciesId": "florges", "gender": "F", "shiny": false, "level": 85, "moves": ["terablast", "synthesis", "moonblast", "calmmind"], "ability": "Flower Veil", "evs": {"hp": 85, "atk": 0, "def": 85, "spa": 85, "spd": 85, "spe": 85}, "ivs": {"hp": 31, "atk": 0, "def": 31, "spa": 31, "spd": 31, "spe": 31}, "item": "Leftovers", "teraType": "Ground", "role": "Tera Blast user", "bvs": {"hp": 78, "atk": 65, "def": 68, "spa": 112, "spd": 154, "spe": 75}, "stats": {"hp": 271, "atk": 115, "def": 164, "spa": 239, "spd": 311, "spe": 176}, "types": ["Fairy"]}}]}