{"id": "gen9randombattle-2641717622", "format": "[Gen 9] Random Battle", "players": ["dandandandandandan", "ezdreamz"], "log": "|j|\u2606dandandandandandan\n|j|\u2606ezdreamz\n|t:|1782833566\n|gametype|singles\n|player|p1|dandandandandandan|chili|1137\n|player|p2|ezdreamz|li|1106\n|gen|9\n|tier|[Gen 9] Random Battle\n|rated|\n|rule|Species Clause: Limit one of each Pok\u00e9mon\n|rule|HP Percentage Mod: HP is shown in percentages\n|rule|Sleep Clause Mod: Limit one foe put to sleep\n|rule|Illusion Level Mod: Illusion disguises the Pok\u00e9mon's true level\n|\n|t:|1782833566\n|teamsize|p1|6\n|teamsize|p2|6\n|start\n|switch|p1a: Weezing|Weezing, L88, M|258/258\n|switch|p2a: Salazzle|Salazzle, L83, F|249/249\n|turn|1\n|c|\u2606dandandandandandan|glhf!!\n|\n|t:|1782833595\n|move|p2a: Salazzle|Flamethrower|p1a: Weezing\n|-damage|p1a: Weezing|140/258\n|move|p1a: Weezing|Toxic Spikes|p2a: Salazzle\n|-sidestart|p2: ezdreamz|move: Toxic Spikes\n|\n|-heal|p1a: Weezing|156/258|[from] item: Leftovers\n|upkeep\n|turn|2\n|\n|t:|1782833617\n|move|p2a: Salazzle|Flamethrower|p1a: Weezing\n|-crit|p1a: Weezing\n|-damage|p1a: Weezing|0 fnt\n|faint|p1a: Weezing\n|\n|upkeep\n|\n|t:|1782833646\n|switch|p1a: Snorlax|Snorlax, L82, F|397/397\n|turn|3\n|\n|t:|1782833666\n|move|p2a: Salazzle|Toxic|p1a: Snorlax\n|-status|p1a: Snorlax|tox\n|move|p1a: Snorlax|Earthquake|p2a: Salazzle\n|-supereffective|p2a: Salazzle\n|-damage|p2a: Salazzle|0 fnt\n|faint|p2a: Salazzle\n|\n|-damage|p1a: Snorlax|373/397 tox|[from] psn\n|upkeep\n|\n|t:|1782833675\n|switch|p2a: Eiscue|Eiscue, L88, F|274/274\n|-status|p2a: Eiscue|psn\n|turn|4\n|\n|t:|1782833694\n|move|p2a: Eiscue|Ice Spinner|p1a: Snorlax\n|-damage|p1a: Snorlax|321/397 tox\n|move|p1a: Snorlax|Curse|p1a: Snorlax\n|-unboost|p1a: Snorlax|spe|1\n|-boost|p1a: Snorlax|atk|1\n|-boost|p1a: Snorlax|def|1\n|\n|-damage|p2a: Eiscue|240/274 psn|[from] psn\n|-damage|p1a: Snorlax|273/397 tox|[from] psn\n|upkeep\n|turn|5\n|\n|t:|1782833713\n|move|p2a: Eiscue|Belly Drum|p2a: Eiscue\n|-damage|p2a: Eiscue|103/274 psn\n|-setboost|p2a: Eiscue|atk|6|[from] move: Belly Drum\n|-enditem|p2a: Eiscue|Sitrus Berry|[eat]\n|-heal|p2a: Eiscue|171/274 psn|[from] item: Sitrus Berry\n|move|p1a: Snorlax|Earthquake|p2a: Eiscue\n|-activate|p2a: Eiscue|ability: Ice Face\n|-damage|p2a: Eiscue|171/274 psn\n|detailschange|p2a: Eiscue|Eiscue-Noice, L88, F\n|\n|-damage|p2a: Eiscue|137/274 psn|[from] psn\n|-damage|p1a: Snorlax|201/397 tox|[from] psn\n|upkeep\n|turn|6\n|\n|t:|1782833739\n|move|p2a: Eiscue|Liquidation|p1a: Snorlax\n|-damage|p1a: Snorlax|0 fnt\n|faint|p1a: Snorlax\n|\n|-damage|p2a: Eiscue|103/274 psn|[from] psn\n|upkeep\n|\n|t:|1782833750\n|switch|p1a: Bombirdier|Bombirdier, L85, M|258/258\n|turn|7\n|\n|t:|1782833764\n|move|p1a: Bombirdier|Stone Edge|p2a: Eiscue\n|-supereffective|p2a: Eiscue\n|-damage|p2a: Eiscue|0 fnt\n|faint|p2a: Eiscue\n|\n|upkeep\n|\n|t:|1782833777\n|switch|p2a: Luxray|Luxray, L88, M|284/284\n|-status|p2a: Luxray|psn\n|-ability|p2a: Luxray|Intimidate|boost\n|-unboost|p1a: Bombirdier|atk|1\n|turn|8\n|\n|t:|1782833809\n|switch|p1a: Carbink|Carbink, L90|236/236\n|move|p2a: Luxray|Wild Charge|p1a: Carbink\n|-damage|p1a: Carbink|155/236\n|-damage|p2a: Luxray|264/284 psn|[from] Recoil\n|\n|-damage|p2a: Luxray|229/284 psn|[from] psn\n|upkeep\n|turn|9\n|\n|t:|1782833841\n|move|p2a: Luxray|Volt Switch|p1a: Carbink\n|-damage|p1a: Carbink|104/236\n|\n|t:|1782833847\n|switch|p2a: Gurdurr|Gurdurr, L85, F|283/283|[from] Volt Switch\n|-status|p2a: Gurdurr|psn\n|move|p1a: Carbink|Iron Defense|p1a: Carbink\n|-boost|p1a: Carbink|def|2\n|\n|-damage|p2a: Gurdurr|248/283 psn|[from] psn\n|upkeep\n|turn|10\n|\n|t:|1782833860\n|move|p1a: Carbink|Iron Defense|p1a: Carbink\n|-boost|p1a: Carbink|def|2\n|move|p2a: Gurdurr|Knock Off|p1a: Carbink\n|-resisted|p1a: Carbink\n|-damage|p1a: Carbink|92/236\n|-enditem|p1a: Carbink|Chesto Berry|[from] move: Knock Off|[of] p2a: Gurdurr\n|\n|-damage|p2a: Gurdurr|213/283 psn|[from] psn\n|upkeep\n|turn|11\n|\n|t:|1782833882\n|move|p2a: Gurdurr|Mach Punch|p1a: Carbink\n|-damage|p1a: Carbink|77/236\n|move|p1a: Carbink|Rest|p1a: Carbink\n|-status|p1a: Carbink|slp|[from] move: Rest\n|-heal|p1a: Carbink|236/236 slp|[silent]\n|\n|-damage|p2a: Gurdurr|178/283 psn|[from] psn\n|upkeep\n|turn|12\n|\n|t:|1782833898\n|switch|p2a: Chesnaught|Chesnaught, L84, F|285/285\n|-status|p2a: Chesnaught|psn\n|cant|p1a: Carbink|slp\n|\n|-damage|p2a: Chesnaught|250/285 psn|[from] psn\n|upkeep\n|turn|13\n|\n|t:|1782833911\n|move|p2a: Chesnaught|Trailblaze|p1a: Carbink\n|-supereffective|p1a: Carbink\n|-damage|p1a: Carbink|212/236 slp\n|-boost|p2a: Chesnaught|spe|1\n|cant|p1a: Carbink|slp\n|\n|-heal|p2a: Chesnaught|267/285 psn|[from] item: Leftovers\n|-damage|p2a: Chesnaught|232/285 psn|[from] psn\n|upkeep\n|turn|14\n|\n|t:|1782833938\n|move|p2a: Chesnaught|Iron Defense|p2a: Chesnaught\n|-boost|p2a: Chesnaught|def|2\n|-curestatus|p1a: Carbink|slp|[msg]\n|move|p1a: Carbink|Iron Defense|p1a: Carbink\n|-boost|p1a: Carbink|def|2\n|\n|-heal|p2a: Chesnaught|249/285 psn|[from] item: Leftovers\n|-damage|p2a: Chesnaught|214/285 psn|[from] psn\n|upkeep\n|turn|15\n|\n|t:|1782833954\n|move|p2a: Chesnaught|Trailblaze|p1a: Carbink\n|-supereffective|p1a: Carbink\n|-damage|p1a: Carbink|192/236\n|-boost|p2a: Chesnaught|spe|1\n|move|p1a: Carbink|Moonblast|p2a: Chesnaught\n|-supereffective|p2a: Chesnaught\n|-damage|p2a: Chesnaught|58/285 psn\n|\n|-heal|p2a: Chesnaught|75/285 psn|[from] item: Leftovers\n|-damage|p2a: Chesnaught|40/285 psn|[from] psn\n|upkeep\n|turn|16\n|-message|ezdreamz forfeited.\n|\n|win|dandandandandandan\n|raw|dandandandandandan's rating: 1137 &rarr; <strong>1160</strong><br />(+23 for winning)\n|raw|ezdreamz's rating: 1106 &rarr; <strong>1083</strong><br />(-23 for losing)\n|l|\u2606ezdreamz\n|player|p2|\n|c|\u2606dandandandandandan|ggwp\n", "inputlog": ">version f8ac14003a5f27e1bdc8d8c59608a773c1cb96e5\n>start {\"formatid\":\"gen9randombattle\",\"seed\":\"sodium,1b753fc40a78259a883bea027f877980\",\"rated\":\"Rated battle\"}\n>player p1 {\"name\":\"dandandandandandan\",\"avatar\":\"chili\",\"rating\":1137,\"seed\":\"sodium,2d90439cd31f6dc35c9039e22181f9d3\"}\n>player p2 {\"name\":\"ezdreamz\",\"avatar\":\"li\",\"rating\":1106,\"seed\":\"sodium,6178b0209c66386341274061f0a319be\"}\n>chat \u2606dandandandandandan|glhf!!\n>p1 move toxicspikes\n>p2 move flamethrower\n>p1 move toxicspikes\n>p2 move flamethrower\n>p1 switch 4\n>p1 move earthquake\n>p2 move toxic\n>p2 switch 2\n>p1 move curse\n>p2 move icespinner\n>p1 move earthquake\n>p2 move bellydrum\n>p1 move rest\n>p2 move liquidation\n>p1 switch 2\n>p1 move stoneedge\n>p2 move icespinner\n>p2 switch 5\n>p1 switch 5\n>p2 move wildcharge\n>p1 move irondefense\n>p2 move voltswitch\n>p2 switch 3\n>p1 move irondefense\n>p2 move knockoff\n>p1 move rest\n>p2 move machpunch\n>p1 move irondefense\n>p2 switch 6\n>p1 move irondefense\n>p2 move trailblaze\n>p1 move irondefense\n>p2 move irondefense\n>p1 move moonblast\n>p2 move trailblaze\n>forcelose p2", "uploadtime": 1782833967, "views": 4, "formatid": "gen9randombattle", "rating": 1083, "private": 0, "password": null, "player_dets": [{"name": "dandandandandandan", "avatar": "chili", "rating": 1137, "seed": "sodium,2d90439cd31f6dc35c9039e22181f9d3"}, {"name": "ezdreamz", "avatar": "li", "rating": 1106, "seed": "sodium,6178b0209c66386341274061f0a319be"}], "teams_full": [{"Weezing": {"name": "Weezing", "species": "Weezing", "speciesId": "weezing", "gender": "M", "shiny": false, "level": 88, "moves": ["painsplit", "fireblast", "toxicspikes", "sludgebomb"], "ability": "Levitate", "evs": {"hp": 85, "atk": 0, "def": 85, "spa": 85, "spd": 85, "spe": 85}, "ivs": {"hp": 31, "atk": 0, "def": 31, "spa": 31, "spd": 31, "spe": 31}, "item": "Leftovers", "teraType": "Steel", "role": "Bulky Attacker", "bvs": {"hp": 65, "atk": 90, "def": 120, "spa": 85, "spd": 70, "spe": 60}, "stats": {"hp": 258, "atk": 163, "def": 261, "spa": 200, "spd": 173, "spe": 156}, "types": ["Poison"]}, "Bombirdier": {"name": "Bombirdier", "species": "Bombirdier", "speciesId": "bombirdier", "gender": "M", "shiny": false, "level": 85, "moves": ["stoneedge", "bravebird", "uturn", "knockoff"], "ability": "Rocky Payload", "evs": {"hp": 85, "atk": 85, "def": 85, "spa": 85, "spd": 85, "spe": 85}, "ivs": {"hp": 31, "atk": 31, "def": 31, "spa": 31, "spd": 31, "spe": 31}, "item": "Choice Scarf", "teraType": "Rock", "role": "Fast Attacker", "bvs": {"hp": 70, "atk": 103, "def": 85, "spa": 60, "spd": 85, "spe": 82}, "stats": {"hp": 258, "atk": 224, "def": 193, "spa": 151, "spd": 193, "spe": 188}, "types": ["Flying", "Dark"]}, "Pincurchin": {"name": "Pincurchin", "species": "Pincurchin", "speciesId": "pincurchin", "gender": "F", "shiny": false, "level": 100, "moves": ["liquidation", "curse", "recover", "zingzap"], "ability": "Electric Surge", "evs": {"hp": 85, "atk": 85, "def": 85, "spa": 85, "spd": 85, "spe": 85}, "ivs": {"hp": 31, "atk": 31, "def": 31, "spa": 31, "spd": 31, "spe": 31}, "item": "Leftovers", "teraType": "Grass", "role": "Bulky Setup", "bvs": {"hp": 48, "atk": 101, "def": 95, "spa": 91, "spd": 85, "spe": 15}, "stats": {"hp": 258, "atk": 259, "def": 247, "spa": 239, "spd": 227, "spe": 87}, "types": ["Electric"]}, "Snorlax": {"name": "Snorlax", "species": "Snorlax", "speciesId": "snorlax", "gender": "F", "shiny": false, "level": 82, "moves": ["earthquake", "bodyslam", "rest", "curse"], "ability": "Thick Fat", "evs": {"hp": 85, "atk": 85, "def": 85, "spa": 85, "spd": 85, "spe": 85}, "ivs": {"hp": 31, "atk": 31, "def": 31, "spa": 31, "spd": 31, "spe": 31}, "item": "Chesto Berry", "teraType": "Ground", "role": "Bulky Setup", "bvs": {"hp": 160, "atk": 110, "def": 65, "spa": 65, "spd": 110, "spe": 30}, "stats": {"hp": 397, "atk": 228, "def": 154, "spa": 154, "spd": 228, "spe": 96}, "types": ["Normal"]}, "Carbink": {"name": "Carbink", "species": "Carbink", "speciesId": "carbink", "gender": "N", "shiny": false, "level": 90, "moves": ["rest", "irondefense", "moonblast", "bodypress"], "ability": "Clear Body", "evs": {"hp": 85, "atk": 0, "def": 85, "spa": 85, "spd": 85, "spe": 85}, "ivs": {"hp": 31, "atk": 0, "def": 31, "spa": 31, "spd": 31, "spe": 31}, "item": "Chesto Berry", "teraType": "Fighting", "role": "Fast Bulky Setup", "bvs": {"hp": 50, "atk": 50, "def": 150, "spa": 50, "spd": 150, "spe": 50}, "stats": {"hp": 236, "atk": 95, "def": 321, "spa": 141, "spd": 321, "spe": 141}, "types": ["Rock", "Fairy"]}, "Slowbro": {"name": "Slowbro", "species": "Slowbro", "speciesId": "slowbro", "gender": "F", "shiny": false, "level": 85, "moves": ["scald", "fireblast", "icebeam", "bodypress"], "ability": "Regenerator", "evs": {"hp": 85, "atk": 0, "def": 85, "spa": 85, "spd": 85, "spe": 85}, "ivs": {"hp": 31, "atk": 0, "def": 31, "spa": 31, "spd": 31, "spe": 31}, "item": "Assault Vest", "teraType": "Fighting", "role": "AV Pivot", "bvs": {"hp": 95, "atk": 75, "def": 110, "spa": 100, "spd": 80, "spe": 30}, "stats": {"hp": 300, "atk": 132, "def": 236, "spa": 219, "spd": 185, "spe": 100}, "types": ["Water", "Psychic"]}}, {"Salazzle": {"name": "Salazzle", "species": "Salazzle", "speciesId": "salazzle", "gender": "F", "shiny": false, "level": 83, "moves": ["protect", "toxic", "flamethrower", "substitute"], "ability": "Corrosion", "evs": {"hp": 85, "atk": 0, "def": 85, "spa": 85, "spd": 85, "spe": 85}, "ivs": {"hp": 31, "atk": 0, "def": 31, "spa": 31, "spd": 31, "spe": 31}, "item": "Leftovers", "teraType": "Grass", "role": "Fast Support", "bvs": {"hp": 68, "atk": 64, "def": 60, "spa": 111, "spd": 60, "spe": 117}, "stats": {"hp": 249, "atk": 111, "def": 147, "spa": 232, "spd": 147, "spe": 242}, "types": ["Poison", "Fire"]}, "Eiscue": {"name": "Eiscue", "species": "Eiscue", "speciesId": "eiscue", "gender": "F", "shiny": false, "level": 88, "moves": ["bellydrum", "icespinner", "terablast", "liquidation"], "ability": "Ice Face", "evs": {"hp": 81, "atk": 85, "def": 85, "spa": 85, "spd": 85, "spe": 85}, "ivs": {"hp": 31, "atk": 31, "def": 31, "spa": 31, "spd": 31, "spe": 31}, "item": "Sitrus Berry", "teraType": "Electric", "role": "Tera Blast user", "bvs": {"hp": 75, "atk": 80, "def": 110, "spa": 65, "spd": 90, "spe": 50}, "stats": {"hp": 274, "atk": 191, "def": 244, "spa": 165, "spd": 209, "spe": 138}, "types": ["Ice"]}, "Gurdurr": {"name": "Gurdurr", "species": "Gurdurr", "speciesId": "gurdurr", "gender": "F", "shiny": false, "level": 85, "moves": ["knockoff", "machpunch", "drainpunch", "defog"], "ability": "Guts", "evs": {"hp": 85, "atk": 85, "def": 85, "spa": 85, "spd": 85, "spe": 85}, "ivs": {"hp": 31, "atk": 31, "def": 31, "spa": 31, "spd": 31, "spe": 31}, "item": "Eviolite", "teraType": "Steel", "role": "Bulky Attacker", "bvs": {"hp": 85, "atk": 105, "def": 85, "spa": 40, "spd": 50, "spe": 40}, "stats": {"hp": 283, "atk": 227, "def": 193, "spa": 117, "spd": 134, "spe": 117}, "types": ["Fighting"]}, "Plusle": {"name": "Plusle", "species": "Plusle", "speciesId": "plusle", "gender": "M", "shiny": false, "level": 95, "moves": ["thunderbolt", "nastyplot", "encore", "grassknot"], "ability": "Lightning Rod", "evs": {"hp": 85, "atk": 0, "def": 85, "spa": 85, "spd": 85, "spe": 85}, "ivs": {"hp": 31, "atk": 0, "def": 31, "spa": 31, "spd": 31, "spe": 31}, "item": "Life Orb", "teraType": "Grass", "role": "Setup Sweeper", "bvs": {"hp": 60, "atk": 50, "def": 40, "spa": 85, "spd": 75, "spe": 95}, "stats": {"hp": 268, "atk": 100, "def": 130, "spa": 215, "spd": 196, "spe": 234}, "types": ["Electric"]}, "Luxray": {"name": "Luxray", "species": "Luxray", "speciesId": "luxray", "gender": "M", "shiny": false, "level": 88, "moves": ["voltswitch", "playrough", "throatchop", "wildcharge"], "ability": "Intimidate", "evs": {"hp": 85, "atk": 85, "def": 85, "spa": 85, "spd": 85, "spe": 85}, "ivs": {"hp": 31, "atk": 31, "def": 31, "spa": 31, "spd": 31, "spe": 31}, "item": "Assault Vest", "teraType": "Fairy", "role": "AV Pivot", "bvs": {"hp": 80, "atk": 120, "def": 79, "spa": 95, "spd": 79, "spe": 70}, "stats": {"hp": 284, "atk": 261, "def": 189, "spa": 217, "spd": 189, "spe": 173}, "types": ["Electric"]}, "Chesnaught": {"name": "Chesnaught", "species": "Chesnaught", "speciesId": "chesnaught", "gender": "F", "shiny": false, "level": 84, "moves": ["bodypress", "trailblaze", "synthesis", "irondefense"], "ability": "Bulletproof", "evs": {"hp": 85, "atk": 85, "def": 85, "spa": 85, "spd": 85, "spe": 85}, "ivs": {"hp": 31, "atk": 31, "def": 31, "spa": 31, "spd": 31, "spe": 31}, "item": "Leftovers", "teraType": "Steel", "role": "Fast Bulky Setup", "bvs": {"hp": 88, "atk": 107, "def": 122, "spa": 74, "spd": 75, "spe": 64}, "stats": {"hp": 285, "atk": 228, "def": 253, "spa": 173, "spd": 174, "spe": 156}, "types": ["Grass", "Fighting"]}}]}