{"id": "gen9randombattle-2641691777", "format": "[Gen 9] Random Battle", "players": ["jotapexxx", "Pangat26"], "log": "|j|\u2606jotapexxx\n|j|\u2606Pangat26\n|t:|1782830420\n|gametype|singles\n|player|p1|jotapexxx|170|1116\n|player|p2|Pangat26|biker|1132\n|gen|9\n|tier|[Gen 9] Random Battle\n|rated|\n|rule|Species Clause: Limit one of each Pok\u00e9mon\n|rule|HP Percentage Mod: HP is shown in percentages\n|rule|Sleep Clause Mod: Limit one foe put to sleep\n|rule|Illusion Level Mod: Illusion disguises the Pok\u00e9mon's true level\n|\n|t:|1782830420\n|teamsize|p1|6\n|teamsize|p2|6\n|start\n|switch|p1a: Rayquaza|Rayquaza, L72|270/270\n|switch|p2a: Sinistcha|Sinistcha-Masterpiece, L83|254/254\n|-ability|p1a: Rayquaza|Air Lock\n|turn|1\n|inactive|Battle timer is ON: inactive players will automatically lose when time's up. (requested by Pangat26)\n|\n|t:|1782830442\n|switch|p2a: Klefki|Klefki, L84, F|233/233\n|move|p1a: Rayquaza|Dragon Ascent|p2a: Klefki\n|-resisted|p2a: Klefki\n|-damage|p2a: Klefki|164/233\n|-unboost|p1a: Rayquaza|def|1\n|-unboost|p1a: Rayquaza|spd|1\n|\n|-heal|p2a: Klefki|178/233|[from] item: Leftovers\n|upkeep\n|turn|2\n|\n|t:|1782830461\n|move|p2a: Klefki|Thunder Wave|p1a: Rayquaza\n|-status|p1a: Rayquaza|par\n|move|p1a: Rayquaza|Earthquake|p2a: Klefki\n|-supereffective|p2a: Klefki\n|-damage|p2a: Klefki|36/233\n|\n|-heal|p2a: Klefki|50/233|[from] item: Leftovers\n|upkeep\n|turn|3\n|\n|t:|1782830470\n|move|p2a: Klefki|Play Rough|p1a: Rayquaza\n|-supereffective|p1a: Rayquaza\n|-damage|p1a: Rayquaza|0 fnt\n|faint|p1a: Rayquaza\n|\n|-heal|p2a: Klefki|64/233|[from] item: Leftovers\n|upkeep\n|\n|t:|1782830480\n|switch|p1a: Mienshao|Mienshao, L83, F|243/243\n|turn|4\n|\n|t:|1782830500\n|switch|p2a: Oricorio|Oricorio-Pom-Pom, L82, F|257/257\n|move|p1a: Mienshao|U-turn|p2a: Oricorio\n|-resisted|p2a: Oricorio\n|-damage|p2a: Oricorio|202/257\n|\n|t:|1782830515\n|switch|p1a: Palkia|Palkia-Origin, L72|249/249|[from] U-turn\n|-ability|p1a: Palkia|Pressure\n|\n|upkeep\n|turn|5\n|inactive|Pangat26 has 120 seconds left.\n|inactive|Pangat26 has 90 seconds left.\n|\n|t:|1782830574\n|switch|p2a: Vileplume|Vileplume, L85, M|266/266\n|-terastallize|p1a: Palkia|Dragon\n|move|p1a: Palkia|Draco Meteor|p2a: Vileplume\n|-crit|p2a: Vileplume\n|-damage|p2a: Vileplume|0 fnt\n|-unboost|p1a: Palkia|spa|2\n|faint|p2a: Vileplume\n|\n|upkeep\n|inactive|Pangat26 has 90 seconds left.\n|\n|t:|1782830604\n|switch|p2a: Probopass|Probopass, L91, F|257/257\n|turn|6\n|\n|t:|1782830619\n|move|p1a: Palkia|Hydro Pump|p2a: Probopass\n|-supereffective|p2a: Probopass\n|-damage|p2a: Probopass|171/257\n|move|p2a: Probopass|Iron Defense|p2a: Probopass\n|-boost|p2a: Probopass|def|2\n|\n|-heal|p2a: Probopass|187/257|[from] item: Leftovers\n|upkeep\n|turn|7\n|\n|t:|1782830626\n|-terastallize|p2a: Probopass|Fighting\n|move|p1a: Palkia|Hydro Pump|p2a: Probopass\n|-damage|p2a: Probopass|142/257\n|move|p2a: Probopass|Iron Defense|p2a: Probopass\n|-boost|p2a: Probopass|def|2\n|\n|-heal|p2a: Probopass|158/257|[from] item: Leftovers\n|upkeep\n|turn|8\n|\n|t:|1782830638\n|switch|p1a: Mienshao|Mienshao, L83, F|243/243\n|move|p2a: Probopass|Body Press|p1a: Mienshao\n|-damage|p1a: Mienshao|0 fnt\n|faint|p1a: Mienshao\n|\n|-heal|p2a: Probopass|174/257|[from] item: Leftovers\n|upkeep\n|\n|t:|1782830652\n|switch|p1a: Slowking|Slowking-Galar, L85, F|300/300\n|turn|9\n|inactive|Pangat26 has 60 seconds left.\n|\n|t:|1782830704\n|move|p2a: Probopass|Body Press|p1a: Slowking\n|-resisted|p1a: Slowking\n|-damage|p1a: Slowking|189/300\n|move|p1a: Slowking|Psyshock|p2a: Probopass\n|-supereffective|p2a: Probopass\n|-damage|p2a: Probopass|132/257\n|\n|-heal|p2a: Probopass|148/257|[from] item: Leftovers\n|-heal|p1a: Slowking|207/300|[from] item: Leftovers\n|upkeep\n|turn|10\n|\n|t:|1782830722\n|move|p2a: Probopass|Body Press|p1a: Slowking\n|-resisted|p1a: Slowking\n|-damage|p1a: Slowking|101/300\n|move|p1a: Slowking|Sludge Bomb|p2a: Probopass\n|-damage|p2a: Probopass|82/257\n|\n|-heal|p2a: Probopass|98/257|[from] item: Leftovers\n|-heal|p1a: Slowking|119/300|[from] item: Leftovers\n|upkeep\n|turn|11\n|\n|t:|1782830729\n|move|p2a: Probopass|Body Press|p1a: Slowking\n|-resisted|p1a: Slowking\n|-damage|p1a: Slowking|10/300\n|move|p1a: Slowking|Slack Off|p1a: Slowking\n|-heal|p1a: Slowking|160/300\n|\n|-heal|p2a: Probopass|114/257|[from] item: Leftovers\n|-heal|p1a: Slowking|178/300|[from] item: Leftovers\n|upkeep\n|turn|12\n|\n|t:|1782830737\n|move|p2a: Probopass|Body Press|p1a: Slowking\n|-resisted|p1a: Slowking\n|-damage|p1a: Slowking|79/300\n|move|p1a: Slowking|Slack Off|p1a: Slowking\n|-heal|p1a: Slowking|229/300\n|\n|-heal|p2a: Probopass|130/257|[from] item: Leftovers\n|-heal|p1a: Slowking|247/300|[from] item: Leftovers\n|upkeep\n|turn|13\n|inactive|Pangat26 has 60 seconds left.\n|\n|t:|1782830745\n|move|p2a: Probopass|Iron Defense|p2a: Probopass\n|-boost|p2a: Probopass|def|2\n|move|p1a: Slowking|Slack Off|p1a: Slowking\n|-heal|p1a: Slowking|300/300\n|\n|-heal|p2a: Probopass|146/257|[from] item: Leftovers\n|upkeep\n|turn|14\n|\n|t:|1782830751\n|move|p2a: Probopass|Body Press|p1a: Slowking\n|-resisted|p1a: Slowking\n|-damage|p1a: Slowking|160/300\n|move|p1a: Slowking|Sludge Bomb|p2a: Probopass\n|-damage|p2a: Probopass|77/257\n|\n|-heal|p2a: Probopass|93/257|[from] item: Leftovers\n|-heal|p1a: Slowking|178/300|[from] item: Leftovers\n|upkeep\n|turn|15\n|\n|t:|1782830759\n|move|p2a: Probopass|Body Press|p1a: Slowking\n|-resisted|p1a: Slowking\n|-damage|p1a: Slowking|25/300\n|move|p1a: Slowking|Slack Off|p1a: Slowking\n|-heal|p1a: Slowking|175/300\n|\n|-heal|p2a: Probopass|109/257|[from] item: Leftovers\n|-heal|p1a: Slowking|193/300|[from] item: Leftovers\n|upkeep\n|turn|16\n|\n|t:|1782830767\n|move|p2a: Probopass|Body Press|p1a: Slowking\n|-resisted|p1a: Slowking\n|-damage|p1a: Slowking|48/300\n|move|p1a: Slowking|Slack Off|p1a: Slowking\n|-heal|p1a: Slowking|198/300\n|\n|-heal|p2a: Probopass|125/257|[from] item: Leftovers\n|-heal|p1a: Slowking|216/300|[from] item: Leftovers\n|upkeep\n|turn|17\n|\n|t:|1782830775\n|move|p2a: Probopass|Body Press|p1a: Slowking\n|-resisted|p1a: Slowking\n|-damage|p1a: Slowking|60/300\n|move|p1a: Slowking|Slack Off|p1a: Slowking\n|-heal|p1a: Slowking|210/300\n|\n|-heal|p2a: Probopass|141/257|[from] item: Leftovers\n|-heal|p1a: Slowking|228/300|[from] item: Leftovers\n|upkeep\n|turn|18\n|\n|t:|1782830785\n|move|p2a: Probopass|Body Press|p1a: Slowking\n|-resisted|p1a: Slowking\n|-damage|p1a: Slowking|91/300\n|move|p1a: Slowking|Sludge Bomb|p2a: Probopass\n|-damage|p2a: Probopass|78/257\n|-status|p2a: Probopass|psn\n|\n|-heal|p2a: Probopass|94/257 psn|[from] item: Leftovers\n|-heal|p1a: Slowking|109/300|[from] item: Leftovers\n|-damage|p2a: Probopass|62/257 psn|[from] psn\n|upkeep\n|turn|19\n|\n|t:|1782830803\n|move|p2a: Probopass|Body Press|p1a: Slowking\n|-resisted|p1a: Slowking\n|-damage|p1a: Slowking|0 fnt\n|faint|p1a: Slowking\n|\n|-heal|p2a: Probopass|78/257 psn|[from] item: Leftovers\n|-damage|p2a: Probopass|46/257 psn|[from] psn\n|upkeep\n|\n|t:|1782830807\n|switch|p1a: Palkia|Palkia-Origin, L72, tera:Dragon|249/249\n|-ability|p1a: Palkia|Pressure\n|turn|20\n|inactive|Pangat26 has 120 seconds left.\n|\n|t:|1782830840\n|move|p1a: Palkia|Draco Meteor|p2a: Probopass\n|-damage|p2a: Probopass|0 fnt\n|-unboost|p1a: Palkia|spa|2\n|faint|p2a: Probopass\n|\n|upkeep\n|inactive|Pangat26 has 90 seconds left.\n|\n|t:|1782830854\n|switch|p2a: Phione|Phione, L91|293/293\n|turn|21\n|\n|t:|1782830874\n|switch|p1a: Oinkologne|Oinkologne-F, L92, F|361/361\n|move|p2a: Phione|Take Heart|p2a: Phione\n|-boost|p2a: Phione|spa|1\n|-boost|p2a: Phione|spd|1\n|\n|upkeep\n|turn|22\n|\n|t:|1782830887\n|move|p2a: Phione|Take Heart|p2a: Phione\n|-boost|p2a: Phione|spa|1\n|-boost|p2a: Phione|spd|1\n|move|p1a: Oinkologne|Curse|p1a: Oinkologne\n|-unboost|p1a: Oinkologne|spe|1\n|-boost|p1a: Oinkologne|atk|1\n|-boost|p1a: Oinkologne|def|1\n|\n|upkeep\n|turn|23\n|\n|t:|1782830899\n|move|p2a: Phione|Scald|p1a: Oinkologne\n|-damage|p1a: Oinkologne|198/361\n|-status|p1a: Oinkologne|brn\n|move|p1a: Oinkologne|Curse|p1a: Oinkologne\n|-unboost|p1a: Oinkologne|spe|1\n|-boost|p1a: Oinkologne|atk|1\n|-boost|p1a: Oinkologne|def|1\n|\n|-heal|p1a: Oinkologne|220/361 brn|[from] item: Leftovers\n|-damage|p1a: Oinkologne|198/361 brn|[from] brn\n|upkeep\n|turn|24\n|\n|t:|1782830912\n|move|p2a: Phione|Scald|p1a: Oinkologne\n|-damage|p1a: Oinkologne|41/361 brn\n|move|p1a: Oinkologne|Double-Edge|p2a: Phione\n|-damage|p2a: Phione|146/293\n|-damage|p1a: Oinkologne|0 fnt|[from] Recoil\n|faint|p1a: Oinkologne\n|\n|-heal|p2a: Phione|164/293|[from] item: Leftovers\n|upkeep\n|\n|t:|1782830925\n|switch|p1a: Palkia|Palkia-Origin, L72, tera:Dragon|249/249\n|-ability|p1a: Palkia|Pressure\n|turn|25\n|inactive|Pangat26 has 90 seconds left.\n|\n|t:|1782830951\n|move|p1a: Palkia|Draco Meteor|p2a: Phione\n|-damage|p2a: Phione|58/293\n|-unboost|p1a: Palkia|spa|2\n|move|p2a: Phione|Rest|p2a: Phione\n|-status|p2a: Phione|slp|[from] move: Rest\n|-heal|p2a: Phione|293/293 slp|[silent]\n|\n|upkeep\n|turn|26\n|\n|t:|1782830969\n|move|p1a: Palkia|Draco Meteor|p2a: Phione\n|-damage|p2a: Phione|233/293 slp\n|-unboost|p1a: Palkia|spa|2\n|cant|p2a: Phione|slp\n|move|p2a: Phione|Sleep Talk|p2a: Phione\n|move|p2a: Phione|Scald|p1a: Palkia|[from] move: Sleep Talk\n|-resisted|p1a: Palkia\n|-damage|p1a: Palkia|168/249\n|\n|-heal|p2a: Phione|251/293 slp|[from] item: Leftovers\n|upkeep\n|turn|27\n|\n|t:|1782830980\n|switch|p1a: Swampert|Swampert, L83, F|302/302\n|cant|p2a: Phione|slp\n|move|p2a: Phione|Sleep Talk|p2a: Phione\n|move|p2a: Phione|Scald|p1a: Swampert|[from] move: Sleep Talk\n|-damage|p1a: Swampert|140/302\n|\n|-heal|p2a: Phione|269/293 slp|[from] item: Leftovers\n|-heal|p1a: Swampert|158/302|[from] item: Leftovers\n|upkeep\n|turn|28\n|-message|jotapexxx forfeited.\n|\n|win|Pangat26\n|raw|jotapexxx's rating: 1116 &rarr; <strong>1092</strong><br />(-24 for losing)\n|raw|Pangat26's rating: 1132 &rarr; <strong>1156</strong><br />(+24 for winning)\n|l|\u2606jotapexxx\n|player|p1|\n|l|\u2606Pangat26\n|player|p2|\n|j|\u2606Pangat26\n|player|p2|Pangat26|biker|\n|l|\u2606Pangat26\n|player|p2|\n|j|\u2606Pangat26\n|player|p2|Pangat26|biker|\n", "inputlog": ">version f8ac14003a5f27e1bdc8d8c59608a773c1cb96e5\n>start {\"formatid\":\"gen9randombattle\",\"seed\":\"sodium,da2e525b0229c459a3666155131e1f17\",\"rated\":\"Rated battle\"}\n>player p1 {\"name\":\"jotapexxx\",\"avatar\":\"170\",\"rating\":1116,\"seed\":\"sodium,106237294461e720edb8e69a4489813b\"}\n>player p2 {\"name\":\"Pangat26\",\"avatar\":\"biker\",\"rating\":1132,\"seed\":\"sodium,37e368e17f154235e345161b00fdfea4\"}\n>p1 move dragonascent\n>p2 switch 4\n>p1 move earthquake\n>p2 move thunderwave\n>p1 move earthquake\n>p2 move playrough\n>p1 switch 2\n>p1 move uturn\n>p2 switch 2\n>p1 switch 6\n>p1 move dracometeor terastallize\n>p2 switch 3\n>p2 switch 6\n>p1 move hydropump\n>p2 move irondefense\n>p1 move hydropump\n>p2 move irondefense terastallize\n>p1 switch 6\n>p2 move bodypress\n>p1 switch 4\n>p1 move psyshock\n>p2 move bodypress\n>p1 move sludgebomb\n>p2 move bodypress\n>p1 move slackoff\n>p2 move bodypress\n>p1 move slackoff\n>p2 move bodypress\n>p1 move slackoff\n>p2 move irondefense\n>p1 move sludgebomb\n>p2 move bodypress\n>p1 move slackoff\n>p2 move bodypress\n>p1 move slackoff\n>p2 move bodypress\n>p1 move slackoff\n>p2 move bodypress\n>p1 move sludgebomb\n>p2 move bodypress\n>p1 move slackoff\n>p2 move bodypress\n>p1 switch 6\n>p1 move dracometeor\n>p2 move bodypress\n>p2 switch 5\n>p1 switch 5\n>p2 move takeheart\n>p1 move curse\n>p2 move takeheart\n>p1 move curse\n>p2 move scald\n>p1 move doubleedge\n>p2 move scald\n>p1 switch 5\n>p1 move dracometeor\n>p2 move rest\n>p1 move dracometeor\n>p2 move sleeptalk\n>p1 switch 3\n>p2 move sleeptalk\n>forcelose p1", "uploadtime": 1782831956, "views": 2, "formatid": "gen9randombattle", "rating": 1092, "private": 0, "password": null, "player_dets": [{"name": "jotapexxx", "avatar": "170", "rating": 1116, "seed": "sodium,106237294461e720edb8e69a4489813b"}, {"name": "Pangat26", "avatar": "biker", "rating": 1132, "seed": "sodium,37e368e17f154235e345161b00fdfea4"}], "teams_full": [{"Rayquaza": {"name": "Rayquaza", "species": "Rayquaza", "speciesId": "rayquaza", "gender": "N", "shiny": false, "level": 72, "moves": ["scaleshot", "earthquake", "dragonascent", "swordsdance"], "ability": "Air Lock", "evs": {"hp": 85, "atk": 85, "def": 85, "spa": 85, "spd": 85, "spe": 85}, "ivs": {"hp": 31, "atk": 31, "def": 31, "spa": 31, "spd": 31, "spe": 31}, "item": "Loaded Dice", "teraType": "Steel", "role": "Fast Bulky Setup", "bvs": {"hp": 105, "atk": 150, "def": 90, "spa": 150, "spd": 90, "spe": 95}, "stats": {"hp": 270, "atk": 258, "def": 172, "spa": 258, "spd": 172, "spe": 179}, "types": ["Dragon", "Flying"]}, "Mienshao": {"name": "Mienshao", "species": "Mienshao", "speciesId": "mienshao", "gender": "F", "shiny": false, "level": 83, "moves": ["highjumpkick", "stoneedge", "uturn", "knockoff"], "ability": "Reckless", "evs": {"hp": 81, "atk": 85, "def": 85, "spa": 85, "spd": 85, "spe": 85}, "ivs": {"hp": 31, "atk": 31, "def": 31, "spa": 31, "spd": 31, "spe": 31}, "item": "Choice Band", "teraType": "Fighting", "role": "Wallbreaker", "bvs": {"hp": 65, "atk": 125, "def": 60, "spa": 95, "spd": 60, "spe": 105}, "stats": {"hp": 243, "atk": 255, "def": 147, "spa": 205, "spd": 147, "spe": 222}, "types": ["Fighting"]}, "Swampert": {"name": "Swampert", "species": "Swampert", "speciesId": "swampert", "gender": "F", "shiny": false, "level": 83, "moves": ["earthquake", "icebeam", "yawn", "stealthrock"], "ability": "Damp", "evs": {"hp": 85, "atk": 85, "def": 85, "spa": 85, "spd": 85, "spe": 85}, "ivs": {"hp": 31, "atk": 31, "def": 31, "spa": 31, "spd": 31, "spe": 31}, "item": "Leftovers", "teraType": "Steel", "role": "Bulky Support", "bvs": {"hp": 100, "atk": 110, "def": 90, "spa": 85, "spd": 90, "spe": 60}, "stats": {"hp": 302, "atk": 230, "def": 197, "spa": 189, "spd": 197, "spe": 147}, "types": ["Water", "Ground"]}, "Slowking": {"name": "Slowking", "species": "Slowking-Galar", "speciesId": "slowkinggalar", "gender": "F", "shiny": false, "level": 85, "moves": ["slackoff", "psyshock", "thunderwave", "sludgebomb"], "ability": "Regenerator", "evs": {"hp": 85, "atk": 0, "def": 85, "spa": 85, "spd": 85, "spe": 85}, "ivs": {"hp": 31, "atk": 0, "def": 31, "spa": 31, "spd": 31, "spe": 31}, "item": "Leftovers", "teraType": "Fairy", "role": "Bulky Attacker", "bvs": {"hp": 95, "atk": 65, "def": 80, "spa": 110, "spd": 110, "spe": 30}, "stats": {"hp": 300, "atk": 115, "def": 185, "spa": 236, "spd": 236, "spe": 100}, "types": ["Poison", "Psychic"]}, "Oinkologne": {"name": "Oinkologne", "species": "Oinkologne-F", "speciesId": "oinkolognef", "gender": "F", "shiny": false, "level": 92, "moves": ["lashout", "curse", "highhorsepower", "doubleedge"], "ability": "Thick Fat", "evs": {"hp": 85, "atk": 85, "def": 85, "spa": 85, "spd": 85, "spe": 85}, "ivs": {"hp": 31, "atk": 31, "def": 31, "spa": 31, "spd": 31, "spe": 31}, "item": "Leftovers", "teraType": "Ground", "role": "Bulky Setup", "bvs": {"hp": 115, "atk": 90, "def": 70, "spa": 59, "spd": 90, "spe": 65}, "stats": {"hp": 361, "atk": 218, "def": 181, "spa": 161, "spd": 218, "spe": 172}, "types": ["Normal"]}, "Palkia": {"name": "Palkia", "species": "Palkia-Origin", "speciesId": "palkiaorigin", "gender": "N", "shiny": false, "level": 72, "moves": ["thunderwave", "dracometeor", "fireblast", "hydropump"], "ability": "Pressure", "evs": {"hp": 85, "atk": 0, "def": 85, "spa": 85, "spd": 85, "spe": 85}, "ivs": {"hp": 31, "atk": 0, "def": 31, "spa": 31, "spd": 31, "spe": 31}, "item": "Lustrous Globe", "teraType": "Dragon", "role": "Bulky Attacker", "bvs": {"hp": 90, "atk": 100, "def": 100, "spa": 150, "spd": 120, "spe": 120}, "stats": {"hp": 249, "atk": 149, "def": 186, "spa": 258, "spd": 215, "spe": 215}, "types": ["Water", "Dragon"]}}, {"Sinistcha": {"name": "Sinistcha", "species": "Sinistcha-Masterpiece", "speciesId": "sinistcha", "gender": "N", "shiny": false, "level": 83, "moves": ["strengthsap", "calmmind", "shadowball", "matchagotcha"], "ability": "Heatproof", "evs": {"hp": 85, "atk": 0, "def": 85, "spa": 85, "spd": 85, "spe": 85}, "ivs": {"hp": 31, "atk": 0, "def": 31, "spa": 31, "spd": 31, "spe": 31}, "item": "Leftovers", "teraType": "Steel", "role": "Bulky Setup", "bvs": {"hp": 71, "atk": 60, "def": 106, "spa": 121, "spd": 80, "spe": 70}, "stats": {"hp": 254, "atk": 104, "def": 224, "spa": 249, "spd": 180, "spe": 164}, "types": ["Grass", "Ghost"]}, "Oricorio": {"name": "Oricorio", "species": "Oricorio-Pom-Pom", "speciesId": "oricoriopompom", "gender": "F", "shiny": false, "level": 82, "moves": ["hurricane", "roost", "revelationdance", "quiverdance"], "ability": "Dancer", "evs": {"hp": 85, "atk": 0, "def": 85, "spa": 85, "spd": 85, "spe": 85}, "ivs": {"hp": 31, "atk": 0, "def": 31, "spa": 31, "spd": 31, "spe": 31}, "item": "Heavy-Duty Boots", "teraType": "Ground", "role": "Setup Sweeper", "bvs": {"hp": 75, "atk": 70, "def": 70, "spa": 98, "spd": 70, "spe": 93}, "stats": {"hp": 257, "atk": 119, "def": 162, "spa": 208, "spd": 162, "spe": 200}, "types": ["Electric", "Flying"]}, "Vileplume": {"name": "Vileplume", "species": "Vileplume", "speciesId": "vileplume", "gender": "M", "shiny": false, "level": 85, "moves": ["gigadrain", "sludgebomb", "strengthsap", "leechseed"], "ability": "Effect Spore", "evs": {"hp": 85, "atk": 0, "def": 85, "spa": 85, "spd": 85, "spe": 85}, "ivs": {"hp": 31, "atk": 0, "def": 31, "spa": 31, "spd": 31, "spe": 31}, "item": "Leftovers", "teraType": "Steel", "role": "Bulky Attacker", "bvs": {"hp": 75, "atk": 80, "def": 85, "spa": 110, "spd": 90, "spe": 50}, "stats": {"hp": 266, "atk": 141, "def": 193, "spa": 236, "spd": 202, "spe": 134}, "types": ["Grass", "Poison"]}, "Klefki": {"name": "Klefki", "species": "Klefki", "speciesId": "klefki", "gender": "F", "shiny": false, "level": 84, "moves": ["thunderwave", "magnetrise", "playrough", "spikes"], "ability": "Prankster", "evs": {"hp": 85, "atk": 85, "def": 85, "spa": 85, "spd": 85, "spe": 85}, "ivs": {"hp": 31, "atk": 31, "def": 31, "spa": 31, "spd": 31, "spe": 31}, "item": "Leftovers", "teraType": "Water", "role": "Bulky Support", "bvs": {"hp": 57, "atk": 80, "def": 91, "spa": 80, "spd": 87, "spe": 75}, "stats": {"hp": 233, "atk": 183, "def": 201, "spa": 183, "spd": 194, "spe": 174}, "types": ["Steel", "Fairy"]}, "Phione": {"name": "Phione", "species": "Phione", "speciesId": "phione", "gender": "N", "shiny": false, "level": 91, "moves": ["scald", "sleeptalk", "rest", "takeheart"], "ability": "Hydration", "evs": {"hp": 85, "atk": 0, "def": 85, "spa": 85, "spd": 85, "spe": 85}, "ivs": {"hp": 31, "atk": 0, "def": 31, "spa": 31, "spd": 31, "spe": 31}, "item": "Leftovers", "teraType": "Steel", "role": "Bulky Setup", "bvs": {"hp": 80, "atk": 80, "def": 80, "spa": 80, "spd": 80, "spe": 80}, "stats": {"hp": 293, "atk": 150, "def": 197, "spa": 197, "spd": 197, "spe": 197}, "types": ["Water"]}, "Probopass": {"name": "Probopass", "species": "Probopass", "speciesId": "probopass", "gender": "F", "shiny": false, "level": 91, "moves": ["bodypress", "irondefense", "powergem", "flashcannon"], "ability": "Magnet Pull", "evs": {"hp": 85, "atk": 0, "def": 85, "spa": 85, "spd": 85, "spe": 85}, "ivs": {"hp": 31, "atk": 0, "def": 31, "spa": 31, "spd": 31, "spe": 31}, "item": "Leftovers", "teraType": "Fighting", "role": "Bulky Setup", "bvs": {"hp": 60, "atk": 55, "def": 145, "spa": 75, "spd": 150, "spe": 40}, "stats": {"hp": 257, "atk": 105, "def": 316, "spa": 188, "spd": 325, "spe": 125}, "types": ["Rock", "Steel"]}}]}