{"id": "gen9randombattle-2641491779", "format": "[Gen 9] Random Battle", "players": ["testbotcif", "pokewerbo"], "log": "|j|\u2606testbotcif\n|j|\u2606pokewerbo\n|t:|1782793686\n|gametype|singles\n|player|p1|testbotcif|266|1182\n|player|p2|pokewerbo|colress|1221\n|gen|9\n|tier|[Gen 9] Random Battle\n|rated|\n|rule|Species Clause: Limit one of each Pok\u00e9mon\n|rule|HP Percentage Mod: HP is shown in percentages\n|rule|Sleep Clause Mod: Limit one foe put to sleep\n|rule|Illusion Level Mod: Illusion disguises the Pok\u00e9mon's true level\n|\n|t:|1782793686\n|teamsize|p1|6\n|teamsize|p2|6\n|start\n|switch|p1a: Typhlosion|Typhlosion-Hisui, L83, M|257/257\n|switch|p2a: Ariados|Ariados, L95, M|287/287\n|turn|1\n|inactive|Battle timer is ON: inactive players will automatically lose when time's up. (requested by testbotcif)\n|c|\u2606testbotcif|rlhf\n|\n|t:|1782793695\n|move|p1a: Typhlosion|Eruption|p2a: Ariados\n|-supereffective|p2a: Ariados\n|-enditem|p2a: Ariados|Focus Sash\n|-damage|p2a: Ariados|1/287\n|move|p2a: Ariados|Sticky Web|p1a: Typhlosion\n|-sidestart|p1: testbotcif|move: Sticky Web\n|\n|upkeep\n|turn|2\n|\n|t:|1782793705\n|move|p1a: Typhlosion|Eruption|p2a: Ariados\n|-supereffective|p2a: Ariados\n|-damage|p2a: Ariados|0 fnt\n|faint|p2a: Ariados\n|\n|upkeep\n|\n|t:|1782793714\n|switch|p2a: Clefable|Clefable, L83, M|293/293\n|turn|3\n|\n|t:|1782793721\n|move|p1a: Typhlosion|Eruption|p2a: Clefable\n|-damage|p2a: Clefable|110/293\n|move|p2a: Clefable|Stealth Rock|p1a: Typhlosion\n|-sidestart|p1: testbotcif|move: Stealth Rock\n|\n|upkeep\n|turn|4\n|\n|t:|1782793726\n|move|p1a: Typhlosion|Eruption|p2a: Clefable\n|-damage|p2a: Clefable|0 fnt\n|faint|p2a: Clefable\n|\n|upkeep\n|\n|t:|1782793738\n|switch|p2a: Polteageist|Polteageist, L78|222/222\n|turn|5\n|\n|t:|1782793746\n|-terastallize|p2a: Polteageist|Dark\n|move|p1a: Typhlosion|Eruption|p2a: Polteageist\n|-damage|p2a: Polteageist|63/222\n|-start|p1a: Typhlosion|Disable|Eruption|[from] ability: Cursed Body|[of] p2a: Polteageist\n|move|p2a: Polteageist|Shadow Ball|p1a: Typhlosion\n|-supereffective|p1a: Typhlosion\n|-crit|p1a: Typhlosion\n|-damage|p1a: Typhlosion|0 fnt\n|faint|p1a: Typhlosion\n|\n|upkeep\n|\n|t:|1782793746\n|switch|p1a: Chien-Pao|Chien-Pao, L72|234/234\n|-activate|p1a: Chien-Pao|move: Sticky Web\n|-unboost|p1a: Chien-Pao|spe|1\n|-damage|p1a: Chien-Pao|176/234|[from] Stealth Rock\n|-ability|p1a: Chien-Pao|Sword of Ruin\n|turn|6\n|\n|t:|1782793761\n|move|p1a: Chien-Pao|Ice Shard|p2a: Polteageist\n|-damage|p2a: Polteageist|0 fnt\n|faint|p2a: Polteageist\n|\n|upkeep\n|\n|t:|1782793766\n|switch|p2a: Chandelure|Chandelure, L83, F|235/235\n|turn|7\n|\n|t:|1782793771\n|switch|p1a: Staraptor|Staraptor, L79, F|263/263\n|-damage|p1a: Staraptor|198/263|[from] Stealth Rock\n|move|p2a: Chandelure|Fire Blast|p1a: Staraptor\n|-damage|p1a: Staraptor|0 fnt\n|faint|p1a: Staraptor\n|\n|upkeep\n|\n|t:|1782793771\n|switch|p1a: Minun|Minun, L95, M|268/268\n|-activate|p1a: Minun|move: Sticky Web\n|-unboost|p1a: Minun|spe|1\n|-damage|p1a: Minun|235/268|[from] Stealth Rock\n|turn|8\n|\n|t:|1782793782\n|move|p2a: Chandelure|Calm Mind|p2a: Chandelure\n|-boost|p2a: Chandelure|spa|1\n|-boost|p2a: Chandelure|spd|1\n|move|p1a: Minun|Nasty Plot|p1a: Minun\n|-boost|p1a: Minun|spa|2\n|\n|upkeep\n|turn|9\n|\n|t:|1782793788\n|move|p2a: Chandelure|Shadow Ball|p1a: Minun\n|-damage|p1a: Minun|81/268\n|move|p1a: Minun|Thunderbolt|p2a: Chandelure\n|-damage|p2a: Chandelure|70/235\n|-damage|p1a: Minun|55/268|[from] item: Life Orb\n|\n|upkeep\n|turn|10\n|\n|t:|1782793795\n|move|p2a: Chandelure|Shadow Ball|p1a: Minun\n|-damage|p1a: Minun|0 fnt\n|faint|p1a: Minun\n|\n|upkeep\n|\n|t:|1782793795\n|switch|p1a: Chien-Pao|Chien-Pao, L72|176/234\n|-activate|p1a: Chien-Pao|move: Sticky Web\n|-unboost|p1a: Chien-Pao|spe|1\n|-damage|p1a: Chien-Pao|118/234|[from] Stealth Rock\n|-ability|p1a: Chien-Pao|Sword of Ruin\n|turn|11\n|\n|t:|1782793805\n|move|p1a: Chien-Pao|Ice Shard|p2a: Chandelure\n|-resisted|p2a: Chandelure\n|-damage|p2a: Chandelure|31/235\n|move|p2a: Chandelure|Fire Blast|p1a: Chien-Pao\n|-supereffective|p1a: Chien-Pao\n|-damage|p1a: Chien-Pao|0 fnt\n|faint|p1a: Chien-Pao\n|\n|upkeep\n|\n|t:|1782793805\n|switch|p1a: Goodra|Goodra-Hisui, L82, F|265/265\n|-activate|p1a: Goodra|move: Sticky Web\n|-unboost|p1a: Goodra|spe|1\n|-damage|p1a: Goodra|249/265|[from] Stealth Rock\n|turn|12\n|\n|t:|1782793819\n|move|p2a: Chandelure|Shadow Ball|p1a: Goodra\n|-damage|p1a: Goodra|164/265\n|move|p1a: Goodra|Dragon Tail|p2a: Chandelure\n|-damage|p2a: Chandelure|0 fnt\n|faint|p2a: Chandelure\n|\n|upkeep\n|\n|t:|1782793830\n|switch|p2a: Brute Bonnet|Brute Bonnet, L80|309/309\n|turn|13\n|\n|t:|1782793833\n|move|p2a: Brute Bonnet|Spore|p1a: Goodra\n|-ability|p1a: Goodra|Sap Sipper|boost\n|-boost|p1a: Goodra|atk|1\n|move|p1a: Goodra|Draco Meteor|p2a: Brute Bonnet\n|-damage|p2a: Brute Bonnet|182/309\n|-unboost|p1a: Goodra|spa|2\n|\n|-heal|p2a: Brute Bonnet|201/309|[from] item: Leftovers\n|upkeep\n|turn|14\n|\n|t:|1782793843\n|move|p2a: Brute Bonnet|Close Combat|p1a: Goodra\n|-supereffective|p1a: Goodra\n|-damage|p1a: Goodra|0 fnt\n|-unboost|p2a: Brute Bonnet|def|1\n|-unboost|p2a: Brute Bonnet|spd|1\n|faint|p1a: Goodra\n|\n|-heal|p2a: Brute Bonnet|220/309|[from] item: Leftovers\n|upkeep\n|\n|t:|1782793843\n|switch|p1a: Slither Wing|Slither Wing, L81|270/270\n|turn|15\n|\n|t:|1782793858\n|move|p1a: Slither Wing|U-turn|p2a: Brute Bonnet\n|-supereffective|p2a: Brute Bonnet\n|-damage|p2a: Brute Bonnet|0 fnt\n|faint|p2a: Brute Bonnet\n|-end|p2a: Brute Bonnet|Protosynthesis|[silent]\n|\n|upkeep\n|\n|t:|1782793865\n|switch|p2a: Yanmega|Yanmega, L82, M|275/275\n|turn|16\n|\n|t:|1782793868\n|-terastallize|p1a: Slither Wing|Steel\n|move|p2a: Yanmega|Giga Drain|p1a: Slither Wing\n|-resisted|p1a: Slither Wing\n|-crit|p1a: Slither Wing\n|-damage|p1a: Slither Wing|156/270\n|move|p1a: Slither Wing|Will-O-Wisp|p2a: Yanmega\n|-status|p2a: Yanmega|brn\n|\n|-damage|p2a: Yanmega|258/275 brn|[from] brn\n|upkeep\n|turn|17\n|\n|t:|1782793877\n|move|p2a: Yanmega|Giga Drain|p1a: Slither Wing\n|-resisted|p1a: Slither Wing\n|-damage|p1a: Slither Wing|84/270\n|-heal|p2a: Yanmega|275/275 brn|[from] drain|[of] p1a: Slither Wing\n|move|p1a: Slither Wing|Morning Sun|p1a: Slither Wing\n|-heal|p1a: Slither Wing|219/270\n|\n|-damage|p2a: Yanmega|258/275 brn|[from] brn\n|upkeep\n|turn|18\n|\n|t:|1782793885\n|move|p2a: Yanmega|Giga Drain|p1a: Slither Wing\n|-resisted|p1a: Slither Wing\n|-damage|p1a: Slither Wing|147/270\n|-heal|p2a: Yanmega|275/275 brn|[from] drain|[of] p1a: Slither Wing\n|move|p1a: Slither Wing|U-turn|p2a: Yanmega\n|-resisted|p2a: Yanmega\n|-damage|p2a: Yanmega|227/275 brn\n|\n|-damage|p2a: Yanmega|210/275 brn|[from] brn\n|upkeep\n|turn|19\n|\n|t:|1782793893\n|move|p2a: Yanmega|Giga Drain|p1a: Slither Wing\n|-resisted|p1a: Slither Wing\n|-damage|p1a: Slither Wing|75/270\n|-heal|p2a: Yanmega|246/275 brn|[from] drain|[of] p1a: Slither Wing\n|move|p1a: Slither Wing|Morning Sun|p1a: Slither Wing\n|-heal|p1a: Slither Wing|210/270\n|\n|-damage|p2a: Yanmega|229/275 brn|[from] brn\n|upkeep\n|turn|20\n|\n|t:|1782793901\n|move|p2a: Yanmega|Giga Drain|p1a: Slither Wing\n|-resisted|p1a: Slither Wing\n|-damage|p1a: Slither Wing|138/270\n|-heal|p2a: Yanmega|265/275 brn|[from] drain|[of] p1a: Slither Wing\n|move|p1a: Slither Wing|U-turn|p2a: Yanmega\n|-resisted|p2a: Yanmega\n|-damage|p2a: Yanmega|214/275 brn\n|\n|-damage|p2a: Yanmega|197/275 brn|[from] brn\n|upkeep\n|turn|21\n|\n|t:|1782793910\n|move|p2a: Yanmega|Giga Drain|p1a: Slither Wing\n|-resisted|p1a: Slither Wing\n|-crit|p1a: Slither Wing\n|-damage|p1a: Slither Wing|18/270\n|-heal|p2a: Yanmega|257/275 brn|[from] drain|[of] p1a: Slither Wing\n|move|p1a: Slither Wing|Morning Sun|p1a: Slither Wing\n|-heal|p1a: Slither Wing|153/270\n|\n|-damage|p2a: Yanmega|240/275 brn|[from] brn\n|upkeep\n|turn|22\n|\n|t:|1782793918\n|move|p2a: Yanmega|Giga Drain|p1a: Slither Wing\n|-resisted|p1a: Slither Wing\n|-damage|p1a: Slither Wing|79/270\n|-heal|p2a: Yanmega|275/275 brn|[from] drain|[of] p1a: Slither Wing\n|move|p1a: Slither Wing|Morning Sun|p1a: Slither Wing\n|-heal|p1a: Slither Wing|214/270\n|\n|-damage|p2a: Yanmega|258/275 brn|[from] brn\n|upkeep\n|turn|23\n|\n|t:|1782793927\n|move|p2a: Yanmega|Giga Drain|p1a: Slither Wing\n|-resisted|p1a: Slither Wing\n|-damage|p1a: Slither Wing|142/270\n|-heal|p2a: Yanmega|275/275 brn|[from] drain|[of] p1a: Slither Wing\n|move|p1a: Slither Wing|U-turn|p2a: Yanmega\n|-resisted|p2a: Yanmega\n|-damage|p2a: Yanmega|227/275 brn\n|\n|-damage|p2a: Yanmega|210/275 brn|[from] brn\n|upkeep\n|turn|24\n|\n|t:|1782793935\n|move|p2a: Yanmega|Giga Drain|p1a: Slither Wing\n|-resisted|p1a: Slither Wing\n|-damage|p1a: Slither Wing|64/270\n|-heal|p2a: Yanmega|249/275 brn|[from] drain|[of] p1a: Slither Wing\n|move|p1a: Slither Wing|Morning Sun|p1a: Slither Wing\n|-heal|p1a: Slither Wing|199/270\n|\n|-damage|p2a: Yanmega|232/275 brn|[from] brn\n|upkeep\n|turn|25\n|\n|t:|1782793942\n|move|p2a: Yanmega|Giga Drain|p1a: Slither Wing\n|-resisted|p1a: Slither Wing\n|-damage|p1a: Slither Wing|127/270\n|-heal|p2a: Yanmega|268/275 brn|[from] drain|[of] p1a: Slither Wing\n|move|p1a: Slither Wing|U-turn|p2a: Yanmega\n|-resisted|p2a: Yanmega\n|-damage|p2a: Yanmega|223/275 brn\n|\n|-damage|p2a: Yanmega|206/275 brn|[from] brn\n|upkeep\n|turn|26\n|\n|t:|1782793950\n|move|p2a: Yanmega|Giga Drain|p1a: Slither Wing\n|-resisted|p1a: Slither Wing\n|-damage|p1a: Slither Wing|49/270\n|-heal|p2a: Yanmega|245/275 brn|[from] drain|[of] p1a: Slither Wing\n|move|p1a: Slither Wing|Morning Sun|p1a: Slither Wing\n|-heal|p1a: Slither Wing|184/270\n|\n|-damage|p2a: Yanmega|228/275 brn|[from] brn\n|upkeep\n|turn|27\n|\n|t:|1782793958\n|move|p2a: Yanmega|Giga Drain|p1a: Slither Wing\n|-resisted|p1a: Slither Wing\n|-damage|p1a: Slither Wing|112/270\n|-heal|p2a: Yanmega|264/275 brn|[from] drain|[of] p1a: Slither Wing\n|move|p1a: Slither Wing|U-turn|p2a: Yanmega\n|-resisted|p2a: Yanmega\n|-damage|p2a: Yanmega|217/275 brn\n|\n|-damage|p2a: Yanmega|200/275 brn|[from] brn\n|upkeep\n|turn|28\n|\n|t:|1782793966\n|move|p2a: Yanmega|Giga Drain|p1a: Slither Wing\n|-resisted|p1a: Slither Wing\n|-damage|p1a: Slither Wing|32/270\n|-heal|p2a: Yanmega|240/275 brn|[from] drain|[of] p1a: Slither Wing\n|move|p1a: Slither Wing|Morning Sun|p1a: Slither Wing\n|-heal|p1a: Slither Wing|167/270\n|\n|-damage|p2a: Yanmega|223/275 brn|[from] brn\n|upkeep\n|turn|29\n|\n|t:|1782793974\n|move|p2a: Yanmega|Giga Drain|p1a: Slither Wing\n|-resisted|p1a: Slither Wing\n|-damage|p1a: Slither Wing|95/270\n|-heal|p2a: Yanmega|259/275 brn|[from] drain|[of] p1a: Slither Wing\n|move|p1a: Slither Wing|U-turn|p2a: Yanmega\n|-resisted|p2a: Yanmega\n|-damage|p2a: Yanmega|213/275 brn\n|\n|-damage|p2a: Yanmega|196/275 brn|[from] brn\n|upkeep\n|turn|30\n|\n|t:|1782793982\n|move|p2a: Yanmega|Giga Drain|p1a: Slither Wing\n|-resisted|p1a: Slither Wing\n|-damage|p1a: Slither Wing|15/270\n|-heal|p2a: Yanmega|236/275 brn|[from] drain|[of] p1a: Slither Wing\n|move|p1a: Slither Wing|Morning Sun|p1a: Slither Wing\n|-heal|p1a: Slither Wing|150/270\n|\n|-damage|p2a: Yanmega|219/275 brn|[from] brn\n|upkeep\n|turn|31\n|\n|t:|1782793991\n|move|p2a: Yanmega|Giga Drain|p1a: Slither Wing\n|-resisted|p1a: Slither Wing\n|-damage|p1a: Slither Wing|68/270\n|-heal|p2a: Yanmega|260/275 brn|[from] drain|[of] p1a: Slither Wing\n|move|p1a: Slither Wing|U-turn|p2a: Yanmega\n|-resisted|p2a: Yanmega\n|-damage|p2a: Yanmega|210/275 brn\n|\n|-damage|p2a: Yanmega|193/275 brn|[from] brn\n|upkeep\n|turn|32\n|\n|t:|1782793999\n|-activate|p2a: Yanmega|move: Struggle\n|move|p2a: Yanmega|Struggle|p1a: Slither Wing\n|-damage|p1a: Slither Wing|53/270\n|-damage|p2a: Yanmega|124/275 brn|[from] recoil\n|move|p1a: Slither Wing|U-turn|p2a: Yanmega\n|-resisted|p2a: Yanmega\n|-damage|p2a: Yanmega|73/275 brn\n|\n|-damage|p2a: Yanmega|56/275 brn|[from] brn\n|upkeep\n|turn|33\n|\n|t:|1782794007\n|-activate|p2a: Yanmega|move: Struggle\n|move|p2a: Yanmega|Struggle|p1a: Slither Wing\n|-damage|p1a: Slither Wing|37/270\n|-damage|p2a: Yanmega|0 fnt|[from] recoil\n|faint|p2a: Yanmega\n|\n|win|testbotcif\n|raw|testbotcif's rating: 1182 &rarr; <strong>1210</strong><br />(+28 for winning)\n|raw|pokewerbo's rating: 1221 &rarr; <strong>1193</strong><br />(-28 for losing)\n", "inputlog": ">version f8ac14003a5f27e1bdc8d8c59608a773c1cb96e5\n>start {\"formatid\":\"gen9randombattle\",\"seed\":\"sodium,049c6f16908a7d961013bfcd5bec18fa\",\"rated\":\"Rated battle\"}\n>player p1 {\"name\":\"testbotcif\",\"avatar\":\"266\",\"rating\":1182,\"seed\":\"sodium,cdf8cf680b0c1e9cf6cf9ca32770874f\"}\n>player p2 {\"name\":\"pokewerbo\",\"avatar\":\"colress\",\"rating\":1221,\"seed\":\"sodium,4d0b50990f8f69c7ae58f2d7d034ea86\"}\n>chat \u2606testbotcif|rlhf\n>p1 move eruption\n>p2 move stickyweb\n>p1 move eruption\n>p2 move toxicspikes\n>p2 switch 4\n>p1 move eruption\n>p2 move stealthrock\n>p1 move eruption\n>p2 move moonblast\n>p2 switch 5\n>p1 move eruption\n>p2 move shadowball terastallize\n>p1 switch 5\n>p1 move iceshard\n>p2 move strengthsap\n>p2 switch 3\n>p1 switch 3\n>p2 move fireblast\n>p1 switch 6\n>p1 move nastyplot\n>p2 move calmmind\n>p1 move thunderbolt\n>p2 move shadowball\n>p1 move thunderbolt\n>p2 move shadowball\n>p1 switch 3\n>p1 move iceshard\n>p2 move fireblast\n>p1 switch 4\n>p1 move dragontail\n>p2 move shadowball\n>p2 switch 6\n>p1 move dracometeor\n>p2 move spore\n>p1 move dragontail\n>p2 move closecombat\n>p1 switch 2\n>p1 move uturn\n>p2 move spore\n>p2 switch 2\n>p1 move willowisp terastallize\n>p2 move gigadrain\n>p1 move morningsun\n>p2 move gigadrain\n>p1 move uturn\n>p2 move gigadrain\n>p1 move morningsun\n>p2 move gigadrain\n>p1 move uturn\n>p2 move gigadrain\n>p1 move morningsun\n>p2 move gigadrain\n>p1 move morningsun\n>p2 move gigadrain\n>p1 move uturn\n>p2 move gigadrain\n>p1 move morningsun\n>p2 move gigadrain\n>p1 move uturn\n>p2 move gigadrain\n>p1 move morningsun\n>p2 move gigadrain\n>p1 move uturn\n>p2 move gigadrain\n>p1 move morningsun\n>p2 move gigadrain\n>p1 move uturn\n>p2 move gigadrain\n>p1 move morningsun\n>p2 move gigadrain\n>p1 move uturn\n>p2 move gigadrain\n>p1 move uturn\n>p2 move struggle\n>p1 move uturn\n>p2 move struggle", "uploadtime": 1782794007, "views": 3, "formatid": "gen9randombattle", "rating": 1193, "private": 0, "password": null, "player_dets": [{"name": "testbotcif", "avatar": "266", "rating": 1182, "seed": "sodium,cdf8cf680b0c1e9cf6cf9ca32770874f"}, {"name": "pokewerbo", "avatar": "colress", "rating": 1221, "seed": "sodium,4d0b50990f8f69c7ae58f2d7d034ea86"}], "teams_full": [{"Typhlosion": {"name": "Typhlosion", "species": "Typhlosion-Hisui", "speciesId": "typhlosionhisui", "gender": "M", "shiny": false, "level": 83, "moves": ["focusblast", "eruption", "shadowball", "fireblast"], "ability": "Blaze", "evs": {"hp": 85, "atk": 0, "def": 85, "spa": 85, "spd": 85, "spe": 85}, "ivs": {"hp": 31, "atk": 0, "def": 31, "spa": 31, "spd": 31, "spe": 31}, "item": "Choice Scarf", "teraType": "Fire", "role": "Fast Attacker", "bvs": {"hp": 73, "atk": 84, "def": 78, "spa": 119, "spd": 85, "spe": 95}, "stats": {"hp": 257, "atk": 144, "def": 177, "spa": 245, "spd": 189, "spe": 205}, "types": ["Fire", "Ghost"]}, "Slither Wing": {"name": "Slither Wing", "species": "Slither Wing", "speciesId": "slitherwing", "gender": "N", "shiny": false, "level": 81, "moves": ["morningsun", "closecombat", "willowisp", "uturn"], "ability": "Protosynthesis", "evs": {"hp": 85, "atk": 85, "def": 85, "spa": 85, "spd": 85, "spe": 85}, "ivs": {"hp": 31, "atk": 31, "def": 31, "spa": 31, "spd": 31, "spe": 31}, "item": "Heavy-Duty Boots", "teraType": "Steel", "role": "Fast Support", "bvs": {"hp": 85, "atk": 135, "def": 79, "spa": 85, "spd": 105, "spe": 81}, "stats": {"hp": 270, "atk": 265, "def": 175, "spa": 184, "spd": 217, "spe": 178}, "types": ["Bug", "Fighting"]}, "Staraptor": {"name": "Staraptor", "species": "Staraptor", "speciesId": "staraptor", "gender": "F", "shiny": false, "level": 79, "moves": ["bravebird", "doubleedge", "quickattack", "closecombat"], "ability": "Reckless", "evs": {"hp": 81, "atk": 85, "def": 85, "spa": 85, "spd": 85, "spe": 85}, "ivs": {"hp": 31, "atk": 31, "def": 31, "spa": 31, "spd": 31, "spe": 31}, "item": "Choice Band", "teraType": "Fighting", "role": "Fast Attacker", "bvs": {"hp": 85, "atk": 120, "def": 70, "spa": 50, "spd": 60, "spe": 100}, "stats": {"hp": 263, "atk": 235, "def": 156, "spa": 125, "spd": 140, "spe": 204}, "types": ["Normal", "Flying"]}, "Goodra": {"name": "Goodra", "species": "Goodra-Hisui", "speciesId": "goodrahisui", "gender": "F", "shiny": false, "level": 82, "moves": ["dragontail", "heavyslam", "thunderbolt", "dracometeor"], "ability": "Sap Sipper", "evs": {"hp": 85, "atk": 85, "def": 85, "spa": 85, "spd": 85, "spe": 85}, "ivs": {"hp": 31, "atk": 31, "def": 31, "spa": 31, "spd": 31, "spe": 31}, "item": "Assault Vest", "teraType": "Flying", "role": "AV Pivot", "bvs": {"hp": 80, "atk": 100, "def": 100, "spa": 110, "spd": 150, "spe": 60}, "stats": {"hp": 265, "atk": 211, "def": 211, "spa": 228, "spd": 293, "spe": 146}, "types": ["Steel", "Dragon"]}, "Chien-Pao": {"name": "Chien-Pao", "species": "Chien-Pao", "speciesId": "chienpao", "gender": "N", "shiny": false, "level": 72, "moves": ["iciclecrash", "iceshard", "throatchop", "sacredsword"], "ability": "Sword of Ruin", "evs": {"hp": 85, "atk": 85, "def": 85, "spa": 85, "spd": 85, "spe": 85}, "ivs": {"hp": 31, "atk": 31, "def": 31, "spa": 31, "spd": 31, "spe": 31}, "item": "Choice Band", "teraType": "Ice", "role": "Wallbreaker", "bvs": {"hp": 80, "atk": 120, "def": 80, "spa": 90, "spd": 65, "spe": 135}, "stats": {"hp": 234, "atk": 215, "def": 157, "spa": 172, "spd": 136, "spe": 236}, "types": ["Dark", "Ice"]}, "Minun": {"name": "Minun", "species": "Minun", "speciesId": "minun", "gender": "M", "shiny": false, "level": 95, "moves": ["thunderbolt", "encore", "alluringvoice", "nastyplot"], "ability": "Volt Absorb", "evs": {"hp": 85, "atk": 0, "def": 85, "spa": 85, "spd": 85, "spe": 85}, "ivs": {"hp": 31, "atk": 0, "def": 31, "spa": 31, "spd": 31, "spe": 31}, "item": "Life Orb", "teraType": "Electric", "role": "Setup Sweeper", "bvs": {"hp": 60, "atk": 40, "def": 50, "spa": 75, "spd": 85, "spe": 95}, "stats": {"hp": 268, "atk": 81, "def": 149, "spa": 196, "spd": 215, "spe": 234}, "types": ["Electric"]}}, {"Ariados": {"name": "Ariados", "species": "Ariados", "speciesId": "ariados", "gender": "M", "shiny": false, "level": 95, "moves": ["poisonjab", "megahorn", "toxicspikes", "stickyweb"], "ability": "Insomnia", "evs": {"hp": 85, "atk": 85, "def": 85, "spa": 85, "spd": 85, "spe": 85}, "ivs": {"hp": 31, "atk": 31, "def": 31, "spa": 31, "spd": 31, "spe": 31}, "item": "Focus Sash", "teraType": "Ghost", "role": "Fast Support", "bvs": {"hp": 70, "atk": 90, "def": 70, "spa": 60, "spd": 70, "spe": 40}, "stats": {"hp": 287, "atk": 225, "def": 187, "spa": 168, "spd": 187, "spe": 130}, "types": ["Bug", "Poison"]}, "Yanmega": {"name": "Yanmega", "species": "Yanmega", "speciesId": "yanmega", "gender": "M", "shiny": false, "level": 82, "moves": ["airslash", "uturn", "bugbuzz", "gigadrain"], "ability": "Tinted Lens", "evs": {"hp": 85, "atk": 85, "def": 85, "spa": 85, "spd": 85, "spe": 85}, "ivs": {"hp": 31, "atk": 31, "def": 31, "spa": 31, "spd": 31, "spe": 31}, "item": "Choice Specs", "teraType": "Bug", "role": "Wallbreaker", "bvs": {"hp": 86, "atk": 76, "def": 86, "spa": 116, "spd": 56, "spe": 95}, "stats": {"hp": 275, "atk": 172, "def": 188, "spa": 237, "spd": 139, "spe": 203}, "types": ["Bug", "Flying"]}, "Chandelure": {"name": "Chandelure", "species": "Chandelure", "speciesId": "chandelure", "gender": "F", "shiny": false, "level": 83, "moves": ["fireblast", "shadowball", "calmmind", "energyball"], "ability": "Flash Fire", "evs": {"hp": 85, "atk": 0, "def": 85, "spa": 85, "spd": 85, "spe": 85}, "ivs": {"hp": 31, "atk": 0, "def": 31, "spa": 31, "spd": 31, "spe": 31}, "item": "Heavy-Duty Boots", "teraType": "Fire", "role": "Fast Bulky Setup", "bvs": {"hp": 60, "atk": 55, "def": 90, "spa": 145, "spd": 90, "spe": 80}, "stats": {"hp": 235, "atk": 96, "def": 197, "spa": 288, "spd": 197, "spe": 180}, "types": ["Ghost", "Fire"]}, "Clefable": {"name": "Clefable", "species": "Clefable", "speciesId": "clefable", "gender": "M", "shiny": false, "level": 83, "moves": ["moonlight", "stealthrock", "fireblast", "moonblast"], "ability": "Magic Guard", "evs": {"hp": 85, "atk": 0, "def": 85, "spa": 85, "spd": 85, "spe": 85}, "ivs": {"hp": 31, "atk": 0, "def": 31, "spa": 31, "spd": 31, "spe": 31}, "item": "Life Orb", "teraType": "Poison", "role": "Bulky Support", "bvs": {"hp": 95, "atk": 70, "def": 73, "spa": 95, "spd": 90, "spe": 60}, "stats": {"hp": 293, "atk": 121, "def": 169, "spa": 205, "spd": 197, "spe": 147}, "types": ["Fairy"]}, "Polteageist": {"name": "Polteageist", "species": "Polteageist", "speciesId": "polteageist", "gender": "N", "shiny": false, "level": 78, "moves": ["shadowball", "strengthsap", "storedpower", "shellsmash"], "ability": "Cursed Body", "evs": {"hp": 85, "atk": 0, "def": 85, "spa": 85, "spd": 85, "spe": 85}, "ivs": {"hp": 31, "atk": 0, "def": 31, "spa": 31, "spd": 31, "spe": 31}, "item": "White Herb", "teraType": "Dark", "role": "Setup Sweeper", "bvs": {"hp": 60, "atk": 65, "def": 65, "spa": 134, "spd": 114, "spe": 70}, "stats": {"hp": 222, "atk": 106, "def": 146, "spa": 254, "spd": 223, "spe": 154}, "types": ["Ghost"]}, "Brute Bonnet": {"name": "Brute Bonnet", "species": "Brute Bonnet", "speciesId": "brutebonnet", "gender": "N", "shiny": false, "level": 80, "moves": ["crunch", "closecombat", "suckerpunch", "spore"], "ability": "Protosynthesis", "evs": {"hp": 85, "atk": 85, "def": 85, "spa": 85, "spd": 85, "spe": 85}, "ivs": {"hp": 31, "atk": 31, "def": 31, "spa": 31, "spd": 31, "spe": 31}, "item": "Leftovers", "teraType": "Poison", "role": "Bulky Attacker", "bvs": {"hp": 111, "atk": 127, "def": 99, "spa": 79, "spd": 99, "spe": 55}, "stats": {"hp": 309, "atk": 249, "def": 205, "spa": 173, "spd": 205, "spe": 134}, "types": ["Grass", "Dark"]}}]}