{"id": "gen9randombattle-2641605621", "format": "[Gen 9] Random Battle", "players": ["mr clevage", "Dizay976"], "log": "|j|\u2606mr clevage\n|j|\u2606Dizay976\n|t:|1782817406\n|gametype|singles\n|player|p1|mr clevage|blaine|2097\n|player|p2|Dizay976|yellow|2157\n|gen|9\n|tier|[Gen 9] Random Battle\n|rated|\n|rule|Species Clause: Limit one of each Pok\u00e9mon\n|rule|HP Percentage Mod: HP is shown in percentages\n|rule|Sleep Clause Mod: Limit one foe put to sleep\n|rule|Illusion Level Mod: Illusion disguises the Pok\u00e9mon's true level\n|\n|t:|1782817406\n|teamsize|p1|6\n|teamsize|p2|6\n|start\n|switch|p1a: Houndoom|Houndoom, L87, M|272/272\n|switch|p2a: Clefable|Clefable, L83, M|293/293\n|turn|1\n|inactive|Battle timer is ON: inactive players will automatically lose when time's up. (requested by mr clevage)\n|\n|t:|1782817419\n|move|p1a: Houndoom|Sludge Bomb|p2a: Clefable\n|-supereffective|p2a: Clefable\n|-damage|p2a: Clefable|131/293\n|move|p2a: Clefable|Moonblast|p1a: Houndoom\n|-damage|p1a: Houndoom|170/272\n|\n|-heal|p2a: Clefable|149/293|[from] item: Leftovers\n|upkeep\n|turn|2\n|l|\u2606Dizay976\n|inactive|Dizay976 disconnected and has a minute to reconnect!\n|player|p2|\n|j|\u2606Dizay976\n|inactive|Dizay976 reconnected and has 130 seconds left.\n|player|p2|Dizay976|yellow|\n|\n|t:|1782817444\n|switch|p2a: Sneasler|Sneasler, L74, M|240/240\n|move|p1a: Houndoom|Sludge Bomb|p2a: Sneasler\n|-resisted|p2a: Sneasler\n|-damage|p2a: Sneasler|196/240\n|\n|upkeep\n|turn|3\n|\n|t:|1782817449\n|switch|p1a: Masquerain|Masquerain, L87, F|264/264\n|-ability|p1a: Masquerain|Intimidate|boost\n|-unboost|p2a: Sneasler|atk|1\n|-enditem|p2a: Sneasler|White Herb\n|-clearnegativeboost|p2a: Sneasler|[silent]\n|move|p2a: Sneasler|Close Combat|p1a: Masquerain\n|-resisted|p1a: Masquerain\n|-damage|p1a: Masquerain|228/264\n|-unboost|p2a: Sneasler|def|1\n|-unboost|p2a: Sneasler|spd|1\n|\n|upkeep\n|turn|4\n|\n|t:|1782817457\n|switch|p2a: Archaludon|Archaludon, L78, F|268/268\n|move|p1a: Masquerain|Quiver Dance|p1a: Masquerain\n|-boost|p1a: Masquerain|spa|1\n|-boost|p1a: Masquerain|spd|1\n|-boost|p1a: Masquerain|spe|1\n|\n|upkeep\n|turn|5\n|\n|t:|1782817472\n|switch|p1a: Oranguru|Oranguru, L92, F|315/315\n|move|p2a: Archaludon|Outrage|p1a: Oranguru\n|-damage|p1a: Oranguru|200/315\n|\n|-heal|p1a: Oranguru|219/315|[from] item: Leftovers\n|upkeep\n|turn|6\n|\n|t:|1782817484\n|move|p2a: Archaludon|Outrage|p1a: Oranguru|[from] lockedmove\n|-damage|p1a: Oranguru|108/315\n|move|p1a: Oranguru|Focus Blast|p2a: Archaludon\n|-supereffective|p2a: Archaludon\n|-damage|p2a: Archaludon|16/268\n|-unboost|p2a: Archaludon|spd|1\n|-ability|p2a: Archaludon|Stamina|boost\n|-boost|p2a: Archaludon|def|1\n|\n|-heal|p1a: Oranguru|127/315|[from] item: Leftovers\n|upkeep\n|turn|7\n|\n|t:|1782817490\n|move|p2a: Archaludon|Outrage|p1a: Oranguru|[from] lockedmove\n|-damage|p1a: Oranguru|10/315\n|-start|p2a: Archaludon|confusion|[fatigue]\n|-enditem|p2a: Archaludon|Lum Berry|[eat]\n|-end|p2a: Archaludon|confusion\n|move|p1a: Oranguru|Psyshock|p2a: Archaludon\n|-resisted|p2a: Archaludon\n|-damage|p2a: Archaludon|0 fnt\n|faint|p2a: Archaludon\n|\n|-heal|p1a: Oranguru|29/315|[from] item: Leftovers\n|upkeep\n|\n|t:|1782817512\n|switch|p2a: Sneasler|Sneasler, L74, M|196/240\n|turn|8\n|\n|t:|1782817517\n|move|p2a: Sneasler|Acrobatics|p1a: Oranguru\n|-damage|p1a: Oranguru|0 fnt\n|faint|p1a: Oranguru\n|\n|upkeep\n|\n|t:|1782817520\n|switch|p1a: Masquerain|Masquerain, L87, F|228/264\n|-ability|p1a: Masquerain|Intimidate|boost\n|-unboost|p2a: Sneasler|atk|1\n|turn|9\n|\n|t:|1782817532\n|switch|p2a: Clefable|Clefable, L83, M|149/293\n|move|p1a: Masquerain|Quiver Dance|p1a: Masquerain\n|-boost|p1a: Masquerain|spa|1\n|-boost|p1a: Masquerain|spd|1\n|-boost|p1a: Masquerain|spe|1\n|\n|-heal|p2a: Clefable|167/293|[from] item: Leftovers\n|upkeep\n|turn|10\n|\n|t:|1782817536\n|move|p1a: Masquerain|Hurricane|p2a: Clefable|[miss]\n|-miss|p1a: Masquerain|p2a: Clefable\n|move|p2a: Clefable|Moonlight|p2a: Clefable\n|-heal|p2a: Clefable|293/293\n|\n|upkeep\n|turn|11\n|\n|t:|1782817541\n|move|p1a: Masquerain|Hurricane|p2a: Clefable\n|-damage|p2a: Clefable|164/293\n|-start|p2a: Clefable|confusion\n|-activate|p2a: Clefable|confusion\n|-damage|p2a: Clefable|145/293|[from] confusion\n|\n|-heal|p2a: Clefable|163/293|[from] item: Leftovers\n|upkeep\n|turn|12\n|\n|t:|1782817548\n|move|p1a: Masquerain|Hurricane|p2a: Clefable\n|-damage|p2a: Clefable|28/293\n|-end|p2a: Clefable|confusion\n|move|p2a: Clefable|Moonlight|p2a: Clefable\n|-heal|p2a: Clefable|174/293\n|\n|-heal|p2a: Clefable|192/293|[from] item: Leftovers\n|upkeep\n|turn|13\n|\n|t:|1782817554\n|move|p1a: Masquerain|Hurricane|p2a: Clefable\n|-damage|p2a: Clefable|66/293\n|move|p2a: Clefable|Moonlight|p2a: Clefable\n|-heal|p2a: Clefable|212/293\n|\n|-heal|p2a: Clefable|230/293|[from] item: Leftovers\n|upkeep\n|turn|14\n|\n|t:|1782817565\n|switch|p1a: Lucario|Lucario, L84, F|255/255\n|move|p2a: Clefable|Moonlight|p2a: Clefable\n|-heal|p2a: Clefable|293/293\n|\n|upkeep\n|turn|15\n|\n|t:|1782817568\n|switch|p2a: Torkoal|Torkoal, L88, F|266/266\n|-weather|SunnyDay|[from] ability: Drought|[of] p2a: Torkoal\n|move|p1a: Lucario|Meteor Mash|p2a: Torkoal\n|-resisted|p2a: Torkoal\n|-damage|p2a: Torkoal|212/266\n|\n|-weather|SunnyDay|[upkeep]\n|upkeep\n|turn|16\n|\n|t:|1782817573\n|switch|p1a: Houndoom|Houndoom, L87, M|170/272\n|move|p2a: Torkoal|Yawn|p1a: Houndoom\n|-start|p1a: Houndoom|move: Yawn|[of] p2a: Torkoal\n|\n|-weather|SunnyDay|[upkeep]\n|upkeep\n|turn|17\n|\n|t:|1782817595\n|switch|p2a: Sneasler|Sneasler, L74, M|196/240\n|move|p1a: Houndoom|Sludge Bomb|p2a: Sneasler\n|-resisted|p2a: Sneasler\n|-damage|p2a: Sneasler|147/240\n|\n|-weather|SunnyDay|[upkeep]\n|-end|p1a: Houndoom|move: Yawn|[silent]\n|-status|p1a: Houndoom|slp\n|upkeep\n|turn|18\n|\n|t:|1782817610\n|switch|p1a: Sunflora|Sunflora, F|312/312\n|move|p2a: Sneasler|Swords Dance|p2a: Sneasler\n|-boost|p2a: Sneasler|atk|2\n|\n|-weather|SunnyDay|[upkeep]\n|upkeep\n|turn|19\n|\n|t:|1782817623\n|switch|p2a: Tropius|Tropius, L91, M|328/328\n|move|p1a: Sunflora|Weather Ball|p2a: Tropius\n|-supereffective|p2a: Tropius\n|-damage|p2a: Tropius|0 fnt\n|faint|p2a: Tropius\n|-damage|p1a: Sunflora|281/312|[from] item: Life Orb\n|\n|-weather|none\n|upkeep\n|\n|t:|1782817629\n|switch|p2a: Sneasler|Sneasler, L74, M|147/240\n|turn|20\n|\n|t:|1782817641\n|switch|p1a: Masquerain|Masquerain, L87, F|228/264\n|-ability|p1a: Masquerain|Intimidate|boost\n|-unboost|p2a: Sneasler|atk|1\n|move|p2a: Sneasler|Gunk Shot|p1a: Masquerain|[miss]\n|-miss|p2a: Sneasler|p1a: Masquerain\n|\n|upkeep\n|turn|21\n|\n|t:|1782817650\n|switch|p2a: Clefable|Clefable, L83, M|293/293\n|move|p1a: Masquerain|Quiver Dance|p1a: Masquerain\n|-boost|p1a: Masquerain|spa|1\n|-boost|p1a: Masquerain|spd|1\n|-boost|p1a: Masquerain|spe|1\n|\n|upkeep\n|turn|22\n|\n|t:|1782817661\n|switch|p1a: Lucario|Lucario, L84, F|255/255\n|move|p2a: Clefable|Fire Blast|p1a: Lucario\n|-supereffective|p1a: Lucario\n|-damage|p1a: Lucario|91/255\n|\n|upkeep\n|turn|23\n|\n|t:|1782817672\n|switch|p2a: Sneasler|Sneasler, L74, M|147/240\n|move|p1a: Lucario|Close Combat|p2a: Sneasler\n|-resisted|p2a: Sneasler\n|-damage|p2a: Sneasler|2/240\n|-unboost|p1a: Lucario|def|1\n|-unboost|p1a: Lucario|spd|1\n|\n|upkeep\n|turn|24\n|\n|t:|1782817678\n|switch|p1a: Houndoom|Houndoom, L87, M|170/272 slp\n|move|p2a: Sneasler|Swords Dance|p2a: Sneasler\n|-boost|p2a: Sneasler|atk|2\n|\n|upkeep\n|turn|25\n|\n|t:|1782817682\n|cant|p1a: Houndoom|slp\n|move|p2a: Sneasler|Acrobatics|p1a: Houndoom\n|-damage|p1a: Houndoom|0 fnt\n|faint|p1a: Houndoom\n|\n|upkeep\n|\n|t:|1782817685\n|switch|p1a: Lucario|Lucario, L84, F|91/255\n|turn|26\n|\n|t:|1782817698\n|switch|p2a: Arboliva|Arboliva, L91, F|290/290\n|move|p1a: Lucario|Extreme Speed|p2a: Arboliva\n|-damage|p2a: Arboliva|201/290\n|-fieldstart|move: Grassy Terrain|[from] ability: Seed Sower|[of] p2a: Arboliva\n|\n|-heal|p1a: Lucario|106/255|[from] Grassy Terrain\n|-heal|p2a: Arboliva|219/290|[from] Grassy Terrain\n|-heal|p2a: Arboliva|237/290|[from] item: Leftovers\n|upkeep\n|turn|27\n|\n|t:|1782817704\n|switch|p1a: Sunflora|Sunflora, F|281/312\n|move|p2a: Arboliva|Hyper Voice|p1a: Sunflora\n|-damage|p1a: Sunflora|161/312\n|\n|-heal|p2a: Arboliva|255/290|[from] Grassy Terrain\n|-heal|p2a: Arboliva|273/290|[from] item: Leftovers\n|-heal|p1a: Sunflora|180/312|[from] Grassy Terrain\n|upkeep\n|turn|28\n|\n|t:|1782817732\n|move|p2a: Arboliva|Hyper Voice|p1a: Sunflora\n|-damage|p1a: Sunflora|54/312\n|move|p1a: Sunflora|Sunny Day|p1a: Sunflora\n|-weather|SunnyDay\n|\n|-weather|SunnyDay|[upkeep]\n|-heal|p1a: Sunflora|73/312|[from] Grassy Terrain\n|-heal|p2a: Arboliva|290/290|[from] Grassy Terrain\n|upkeep\n|turn|29\n|\n|t:|1782817736\n|-terastallize|p2a: Arboliva|Ground\n|move|p1a: Sunflora|Weather Ball|p2a: Arboliva\n|-crit|p2a: Arboliva\n|-damage|p2a: Arboliva|47/290\n|-damage|p1a: Sunflora|42/312|[from] item: Life Orb\n|move|p2a: Arboliva|Hyper Voice|p1a: Sunflora\n|-damage|p1a: Sunflora|0 fnt\n|faint|p1a: Sunflora\n|\n|-weather|SunnyDay|[upkeep]\n|-heal|p2a: Arboliva|65/290|[from] Grassy Terrain\n|-heal|p2a: Arboliva|83/290|[from] item: Leftovers\n|upkeep\n|\n|t:|1782817756\n|switch|p1a: Alcremie|Alcremie, L90, F|263/263\n|turn|30\n|\n|t:|1782817764\n|switch|p2a: Torkoal|Torkoal, L88, F|212/266\n|move|p1a: Alcremie|Alluring Voice|p2a: Torkoal\n|-resisted|p2a: Torkoal\n|-damage|p2a: Torkoal|155/266\n|\n|-weather|SunnyDay|[upkeep]\n|-heal|p2a: Torkoal|171/266|[from] Grassy Terrain\n|-fieldend|move: Grassy Terrain\n|upkeep\n|turn|31\n|\n|t:|1782817771\n|move|p1a: Alcremie|Calm Mind|p1a: Alcremie\n|-boost|p1a: Alcremie|spa|1\n|-boost|p1a: Alcremie|spd|1\n|move|p2a: Torkoal|Lava Plume|p1a: Alcremie\n|-damage|p1a: Alcremie|197/263\n|\n|-weather|SunnyDay|[upkeep]\n|-heal|p1a: Alcremie|213/263|[from] item: Leftovers\n|upkeep\n|turn|32\n|\n|t:|1782817793\n|move|p1a: Alcremie|Psyshock|p2a: Torkoal\n|-damage|p2a: Torkoal|105/266\n|move|p2a: Torkoal|Yawn|p1a: Alcremie\n|-start|p1a: Alcremie|move: Yawn|[of] p2a: Torkoal\n|\n|-weather|none\n|-heal|p1a: Alcremie|229/263|[from] item: Leftovers\n|upkeep\n|turn|33\n|\n|t:|1782817800\n|move|p1a: Alcremie|Alluring Voice|p2a: Torkoal\n|-resisted|p2a: Torkoal\n|-damage|p2a: Torkoal|20/266\n|move|p2a: Torkoal|Rapid Spin|p1a: Alcremie\n|-damage|p1a: Alcremie|194/263\n|-boost|p2a: Torkoal|spe|1\n|\n|-heal|p1a: Alcremie|210/263|[from] item: Leftovers\n|-end|p1a: Alcremie|move: Yawn|[silent]\n|-status|p1a: Alcremie|slp\n|upkeep\n|turn|34\n|\n|t:|1782817809\n|switch|p2a: Sneasler|Sneasler, L74, M|2/240\n|cant|p1a: Alcremie|slp\n|\n|-heal|p1a: Alcremie|226/263 slp|[from] item: Leftovers\n|upkeep\n|turn|35\n|\n|t:|1782817821\n|move|p2a: Sneasler|Gunk Shot|p1a: Alcremie\n|-supereffective|p1a: Alcremie\n|-damage|p1a: Alcremie|0 fnt\n|faint|p1a: Alcremie\n|\n|upkeep\n|\n|t:|1782817829\n|switch|p1a: Lucario|Lucario, L84, F|106/255\n|turn|36\n|\n|t:|1782817850\n|switch|p2a: Torkoal|Torkoal, L88, F|20/266\n|-weather|SunnyDay|[from] ability: Drought|[of] p2a: Torkoal\n|move|p1a: Lucario|Extreme Speed|p2a: Torkoal\n|-damage|p2a: Torkoal|0 fnt\n|faint|p2a: Torkoal\n|\n|-weather|SunnyDay|[upkeep]\n|upkeep\n|\n|t:|1782817853\n|switch|p2a: Clefable|Clefable, L83, M|293/293\n|turn|37\n|\n|t:|1782817858\n|switch|p1a: Masquerain|Masquerain, L87, F|228/264\n|-ability|p1a: Masquerain|Intimidate|boost\n|-unboost|p2a: Clefable|atk|1\n|move|p2a: Clefable|Calm Mind|p2a: Clefable\n|-boost|p2a: Clefable|spa|1\n|-boost|p2a: Clefable|spd|1\n|\n|-weather|SunnyDay|[upkeep]\n|upkeep\n|turn|38\n|\n|t:|1782817870\n|-terastallize|p1a: Masquerain|Water\n|move|p1a: Masquerain|Quiver Dance|p1a: Masquerain\n|-boost|p1a: Masquerain|spa|1\n|-boost|p1a: Masquerain|spd|1\n|-boost|p1a: Masquerain|spe|1\n|move|p2a: Clefable|Fire Blast|p1a: Masquerain\n|-resisted|p1a: Masquerain\n|-damage|p1a: Masquerain|135/264\n|\n|-weather|SunnyDay|[upkeep]\n|upkeep\n|turn|39\n|\n|t:|1782817876\n|move|p1a: Masquerain|Hurricane|p2a: Clefable\n|-damage|p2a: Clefable|208/293\n|move|p2a: Clefable|Moonblast|p1a: Masquerain\n|-damage|p1a: Masquerain|0 fnt\n|faint|p1a: Masquerain\n|\n|-weather|SunnyDay|[upkeep]\n|-heal|p2a: Clefable|226/293|[from] item: Leftovers\n|upkeep\n|\n|t:|1782817879\n|switch|p1a: Lucario|Lucario, L84, F|106/255\n|turn|40\n|\n|t:|1782817884\n|move|p1a: Lucario|Meteor Mash|p2a: Clefable\n|-supereffective|p2a: Clefable\n|-damage|p2a: Clefable|0 fnt\n|faint|p2a: Clefable\n|\n|-weather|none\n|upkeep\n|\n|t:|1782817889\n|switch|p2a: Sneasler|Sneasler, L74, M|2/240\n|turn|41\n|\n|t:|1782817893\n|move|p2a: Sneasler|Close Combat|p1a: Lucario\n|-supereffective|p1a: Lucario\n|-damage|p1a: Lucario|0 fnt\n|-unboost|p2a: Sneasler|def|1\n|-unboost|p2a: Sneasler|spd|1\n|faint|p1a: Lucario\n|\n|win|Dizay976\n|raw|mr clevage's rating: 2097 &rarr; <strong>2080</strong><br />(-17 for losing)\n|raw|Dizay976's rating: 2157 &rarr; <strong>2174</strong><br />(+17 for winning)\n", "inputlog": ">version f8ac14003a5f27e1bdc8d8c59608a773c1cb96e5\n>start {\"formatid\":\"gen9randombattle\",\"seed\":\"sodium,c08ac10851711586b623f023a318147d\",\"rated\":\"Rated battle\"}\n>player p1 {\"name\":\"mr clevage\",\"avatar\":\"blaine\",\"rating\":2097,\"seed\":\"sodium,f4f13bd83723f495b3259ee1b70e5261\"}\n>player p2 {\"name\":\"Dizay976\",\"avatar\":\"yellow\",\"rating\":2157,\"seed\":\"sodium,afb8adeb9b8bc07963bf154050e7d1d3\"}\n>p1 move sludgebomb\n>p2 move moonblast\n>p1 move sludgebomb\n>p2 switch 4\n>p1 switch 2\n>p2 move closecombat\n>p1 move quiverdance\n>p2 switch 2\n>p1 switch 6\n>p2 move outrage\n>p1 move focusblast\n>p2 move outrage\n>p1 move psyshock\n>p2 move outrage\n>p2 switch 2\n>p1 move psyshock\n>p2 move acrobatics\n>p1 switch 6\n>p1 move quiverdance\n>p2 switch 4\n>p1 move hurricane\n>p2 move moonlight\n>p1 move hurricane\n>p2 move calmmind\n>p1 move hurricane\n>p2 move moonlight\n>p1 move hurricane\n>p2 move moonlight\n>p1 switch 5\n>p2 move moonlight\n>p1 move meteormash\n>p2 switch 5\n>p1 switch 2\n>p2 move yawn\n>p1 move sludgebomb\n>p2 switch 4\n>p1 switch 3\n>p2 move swordsdance\n>p1 move weatherball\n>p2 switch 6\n>p2 switch 6\n>p1 switch 5\n>p2 move gunkshot\n>p1 move quiverdance\n>p2 switch 5\n>p1 switch 2\n>p2 move fireblast\n>p1 move closecombat\n>p2 switch 5\n>p1 switch 3\n>p2 move swordsdance\n>p1 move suckerpunch\n>p2 move acrobatics\n>p1 switch 3\n>p1 move extremespeed\n>p2 switch 3\n>p1 switch 5\n>p2 move hypervoice\n>p1 move sunnyday\n>p2 move hypervoice\n>p1 move weatherball\n>p2 move hypervoice terastallize\n>p1 switch 4\n>p1 move alluringvoice\n>p2 switch 4\n>p1 move calmmind\n>p2 move lavaplume\n>p1 move psyshock\n>p2 move yawn\n>p1 move alluringvoice\n>p2 move rapidspin\n>p1 move alluringvoice\n>p2 switch 3\n>p1 move alluringvoice\n>p2 move gunkshot\n>p1 switch 5\n>p1 move extremespeed\n>p2 switch 3\n>p2 switch 5\n>p1 switch 2\n>p2 move calmmind\n>p1 move quiverdance terastallize\n>p2 move fireblast\n>p1 move hurricane\n>p2 move moonblast\n>p1 switch 2\n>p1 move meteormash\n>p2 move moonblast\n>p2 switch 3\n>p1 move meteormash\n>p2 move closecombat", "uploadtime": 1782817408, "views": 4, "formatid": "gen9randombattle", "rating": 2080, "private": 0, "password": null, "player_dets": [{"name": "mr clevage", "avatar": "blaine", "rating": 2097, "seed": "sodium,f4f13bd83723f495b3259ee1b70e5261"}, {"name": "Dizay976", "avatar": "yellow", "rating": 2157, "seed": "sodium,afb8adeb9b8bc07963bf154050e7d1d3"}], "teams_full": [{"Houndoom": {"name": "Houndoom", "species": "Houndoom", "speciesId": "houndoom", "gender": "M", "shiny": false, "level": 87, "moves": ["suckerpunch", "sludgebomb", "fireblast", "darkpulse"], "ability": "Flash Fire", "evs": {"hp": 85, "atk": 85, "def": 85, "spa": 85, "spd": 85, "spe": 85}, "ivs": {"hp": 31, "atk": 31, "def": 31, "spa": 31, "spd": 31, "spe": 31}, "item": "Heavy-Duty Boots", "teraType": "Dark", "role": "Fast Attacker", "bvs": {"hp": 75, "atk": 90, "def": 50, "spa": 110, "spd": 80, "spe": 95}, "stats": {"hp": 272, "atk": 206, "def": 137, "spa": 241, "spd": 189, "spe": 215}, "types": ["Dark", "Fire"]}, "Masquerain": {"name": "Masquerain", "species": "Masquerain", "speciesId": "masquerain", "gender": "F", "shiny": false, "level": 87, "moves": ["hurricane", "bugbuzz", "hydropump", "quiverdance"], "ability": "Intimidate", "evs": {"hp": 85, "atk": 0, "def": 85, "spa": 85, "spd": 85, "spe": 85}, "ivs": {"hp": 31, "atk": 0, "def": 31, "spa": 31, "spd": 31, "spe": 31}, "item": "Heavy-Duty Boots", "teraType": "Water", "role": "Setup Sweeper", "bvs": {"hp": 70, "atk": 60, "def": 62, "spa": 100, "spd": 82, "spe": 80}, "stats": {"hp": 264, "atk": 109, "def": 158, "spa": 224, "spd": 192, "spe": 189}, "types": ["Bug", "Flying"]}, "Sunflora": {"name": "Sunflora", "species": "Sunflora", "speciesId": "sunflora", "gender": "F", "shiny": false, "level": 100, "moves": ["solarbeam", "weatherball", "sunnyday", "earthpower"], "ability": "Chlorophyll", "evs": {"hp": 85, "atk": 0, "def": 85, "spa": 85, "spd": 85, "spe": 85}, "ivs": {"hp": 31, "atk": 0, "def": 31, "spa": 31, "spd": 31, "spe": 31}, "item": "Life Orb", "teraType": "Fire", "role": "Setup Sweeper", "bvs": {"hp": 75, "atk": 75, "def": 55, "spa": 105, "spd": 85, "spe": 30}, "stats": {"hp": 312, "atk": 155, "def": 167, "spa": 267, "spd": 227, "spe": 117}, "types": ["Grass"]}, "Alcremie": {"name": "Alcremie", "species": "Alcremie", "speciesId": "alcremie", "gender": "F", "shiny": false, "level": 90, "moves": ["calmmind", "recover", "psyshock", "alluringvoice"], "ability": "Aroma Veil", "evs": {"hp": 85, "atk": 0, "def": 85, "spa": 85, "spd": 85, "spe": 85}, "ivs": {"hp": 31, "atk": 0, "def": 31, "spa": 31, "spd": 31, "spe": 31}, "item": "Leftovers", "teraType": "Steel", "role": "Bulky Setup", "bvs": {"hp": 65, "atk": 60, "def": 75, "spa": 110, "spd": 121, "spe": 64}, "stats": {"hp": 263, "atk": 113, "def": 186, "spa": 249, "spd": 269, "spe": 167}, "types": ["Fairy"]}, "Lucario": {"name": "Lucario", "species": "Lucario", "speciesId": "lucario", "gender": "F", "shiny": false, "level": 84, "moves": ["closecombat", "stoneedge", "meteormash", "extremespeed"], "ability": "Justified", "evs": {"hp": 85, "atk": 85, "def": 85, "spa": 85, "spd": 85, "spe": 85}, "ivs": {"hp": 31, "atk": 31, "def": 31, "spa": 31, "spd": 31, "spe": 31}, "item": "Choice Band", "teraType": "Normal", "role": "Fast Attacker", "bvs": {"hp": 70, "atk": 110, "def": 70, "spa": 115, "spd": 70, "spe": 90}, "stats": {"hp": 255, "atk": 233, "def": 166, "spa": 241, "spd": 166, "spe": 199}, "types": ["Fighting", "Steel"]}, "Oranguru": {"name": "Oranguru", "species": "Oranguru", "speciesId": "oranguru", "gender": "F", "shiny": false, "level": 92, "moves": ["focusblast", "nastyplot", "thunderbolt", "psyshock"], "ability": "Inner Focus", "evs": {"hp": 85, "atk": 0, "def": 85, "spa": 85, "spd": 85, "spe": 85}, "ivs": {"hp": 31, "atk": 0, "def": 31, "spa": 31, "spd": 31, "spe": 31}, "item": "Leftovers", "teraType": "Fighting", "role": "Bulky Attacker", "bvs": {"hp": 90, "atk": 60, "def": 80, "spa": 90, "spd": 110, "spe": 60}, "stats": {"hp": 315, "atk": 115, "def": 200, "spa": 218, "spd": 255, "spe": 163}, "types": ["Normal", "Psychic"]}}, {"Clefable": {"name": "Clefable", "species": "Clefable", "speciesId": "clefable", "gender": "M", "shiny": false, "level": 83, "moves": ["calmmind", "fireblast", "moonblast", "moonlight"], "ability": "Unaware", "evs": {"hp": 85, "atk": 0, "def": 85, "spa": 85, "spd": 85, "spe": 85}, "ivs": {"hp": 31, "atk": 0, "def": 31, "spa": 31, "spd": 31, "spe": 31}, "item": "Leftovers", "teraType": "Steel", "role": "Bulky Setup", "bvs": {"hp": 95, "atk": 70, "def": 73, "spa": 95, "spd": 90, "spe": 60}, "stats": {"hp": 293, "atk": 121, "def": 169, "spa": 205, "spd": 197, "spe": 147}, "types": ["Fairy"]}, "Archaludon": {"name": "Archaludon", "species": "Archaludon", "speciesId": "archaludon", "gender": "F", "shiny": false, "level": 78, "moves": ["outrage", "earthquake", "swordsdance", "ironhead"], "ability": "Stamina", "evs": {"hp": 85, "atk": 85, "def": 85, "spa": 85, "spd": 85, "spe": 85}, "ivs": {"hp": 31, "atk": 31, "def": 31, "spa": 31, "spd": 31, "spe": 31}, "item": "Lum Berry", "teraType": "Ground", "role": "Bulky Setup", "bvs": {"hp": 90, "atk": 105, "def": 130, "spa": 125, "spd": 65, "spe": 85}, "stats": {"hp": 268, "atk": 209, "def": 248, "spa": 240, "spd": 146, "spe": 178}, "types": ["Steel", "Dragon"]}, "Arboliva": {"name": "Arboliva", "species": "Arboliva", "speciesId": "arboliva", "gender": "F", "shiny": false, "level": 91, "moves": ["energyball", "hypervoice", "strengthsap", "earthpower"], "ability": "Seed Sower", "evs": {"hp": 85, "atk": 0, "def": 85, "spa": 85, "spd": 85, "spe": 85}, "ivs": {"hp": 31, "atk": 0, "def": 31, "spa": 31, "spd": 31, "spe": 31}, "item": "Leftovers", "teraType": "Ground", "role": "Bulky Attacker", "bvs": {"hp": 78, "atk": 69, "def": 90, "spa": 125, "spd": 109, "spe": 39}, "stats": {"hp": 290, "atk": 130, "def": 216, "spa": 279, "spd": 250, "spe": 123}, "types": ["Grass", "Normal"]}, "Sneasler": {"name": "Sneasler", "species": "Sneasler", "speciesId": "sneasler", "gender": "M", "shiny": false, "level": 74, "moves": ["closecombat", "gunkshot", "acrobatics", "swordsdance"], "ability": "Unburden", "evs": {"hp": 85, "atk": 85, "def": 85, "spa": 85, "spd": 85, "spe": 85}, "ivs": {"hp": 31, "atk": 31, "def": 31, "spa": 31, "spd": 31, "spe": 31}, "item": "White Herb", "teraType": "Flying", "role": "Setup Sweeper", "bvs": {"hp": 80, "atk": 130, "def": 60, "spa": 40, "spd": 80, "spe": 120}, "stats": {"hp": 240, "atk": 235, "def": 132, "spa": 102, "spd": 161, "spe": 221}, "types": ["Fighting", "Poison"]}, "Torkoal": {"name": "Torkoal", "species": "Torkoal", "speciesId": "torkoal", "gender": "F", "shiny": false, "level": 88, "moves": ["yawn", "lavaplume", "solarbeam", "rapidspin"], "ability": "Drought", "evs": {"hp": 85, "atk": 85, "def": 85, "spa": 85, "spd": 85, "spe": 85}, "ivs": {"hp": 31, "atk": 31, "def": 31, "spa": 31, "spd": 31, "spe": 31}, "item": "Heavy-Duty Boots", "teraType": "Grass", "role": "Bulky Support", "bvs": {"hp": 70, "atk": 85, "def": 140, "spa": 85, "spd": 70, "spe": 20}, "stats": {"hp": 266, "atk": 200, "def": 297, "spa": 200, "spd": 173, "spe": 85}, "types": ["Fire"]}, "Tropius": {"name": "Tropius", "species": "Tropius", "speciesId": "tropius", "gender": "M", "shiny": false, "level": 91, "moves": ["substitute", "leechseed", "airslash", "protect"], "ability": "Harvest", "evs": {"hp": 85, "atk": 0, "def": 85, "spa": 85, "spd": 85, "spe": 85}, "ivs": {"hp": 31, "atk": 0, "def": 31, "spa": 31, "spd": 31, "spe": 31}, "item": "Sitrus Berry", "teraType": "Steel", "role": "Bulky Support", "bvs": {"hp": 99, "atk": 68, "def": 83, "spa": 72, "spd": 87, "spe": 51}, "stats": {"hp": 328, "atk": 128, "def": 203, "spa": 183, "spd": 210, "spe": 145}, "types": ["Grass", "Flying"]}}]}