{"id": "gen9randombattle-2641655254", "format": "[Gen 9] Random Battle", "players": ["firerom", "cuerodeolancho"], "log": "|j|\u203dfirerom\n|j|\u2606cuerodeolancho\n|t:|1782825619\n|gametype|singles\n|player|p1|firerom|102|1900\n|player|p2|cuerodeolancho|janitor|1920\n|gen|9\n|tier|[Gen 9] Random Battle\n|rated|\n|rule|Species Clause: Limit one of each Pok\u00e9mon\n|rule|HP Percentage Mod: HP is shown in percentages\n|rule|Sleep Clause Mod: Limit one foe put to sleep\n|rule|Illusion Level Mod: Illusion disguises the Pok\u00e9mon's true level\n|\n|t:|1782825619\n|teamsize|p1|6\n|teamsize|p2|6\n|start\n|switch|p1a: Bruxish|Bruxish, L85, F|254/254\n|switch|p2a: Ursaring|Ursaring, L84, M|288/288\n|turn|1\n|inactive|Battle timer is ON: inactive players will automatically lose when time's up. (requested by cuerodeolancho)\n|\n|t:|1782825638\n|move|p1a: Bruxish|Swords Dance|p1a: Bruxish\n|-boost|p1a: Bruxish|atk|2\n|move|p2a: Ursaring|Crunch|p1a: Bruxish\n|-supereffective|p1a: Bruxish\n|-damage|p1a: Bruxish|78/254\n|\n|-status|p2a: Ursaring|tox|[from] item: Toxic Orb\n|upkeep\n|turn|2\n|\n|t:|1782825648\n|move|p1a: Bruxish|Aqua Jet|p2a: Ursaring\n|-damage|p2a: Ursaring|152/288 tox\n|-damage|p1a: Bruxish|53/254|[from] item: Life Orb\n|move|p2a: Ursaring|Facade|p1a: Bruxish\n|-damage|p1a: Bruxish|0 fnt\n|faint|p1a: Bruxish\n|\n|-damage|p2a: Ursaring|134/288 tox|[from] psn\n|upkeep\n|\n|t:|1782825662\n|switch|p1a: Arceus|Arceus-Rock, L74|300/300\n|turn|3\n|\n|t:|1782825669\n|switch|p1a: Volbeat|Volbeat, L90, M|263/263\n|move|p2a: Ursaring|Close Combat|p1a: Volbeat\n|-resisted|p1a: Volbeat\n|-damage|p1a: Volbeat|208/263\n|-unboost|p2a: Ursaring|def|1\n|-unboost|p2a: Ursaring|spd|1\n|\n|-damage|p2a: Ursaring|98/288 tox|[from] psn\n|upkeep\n|turn|4\n|\n|t:|1782825674\n|move|p1a: Volbeat|Encore|p2a: Ursaring\n|-start|p2a: Ursaring|Encore\n|move|p2a: Ursaring|Close Combat|p1a: Volbeat\n|-resisted|p1a: Volbeat\n|-damage|p1a: Volbeat|154/263\n|-unboost|p2a: Ursaring|def|1\n|-unboost|p2a: Ursaring|spd|1\n|\n|-damage|p2a: Ursaring|44/288 tox|[from] psn\n|upkeep\n|turn|5\n|\n|t:|1782825678\n|move|p1a: Volbeat|Roost|p1a: Volbeat\n|-heal|p1a: Volbeat|263/263\n|-singleturn|p1a: Volbeat|move: Roost\n|move|p2a: Ursaring|Close Combat|p1a: Volbeat\n|-resisted|p1a: Volbeat\n|-damage|p1a: Volbeat|209/263\n|-unboost|p2a: Ursaring|def|1\n|-unboost|p2a: Ursaring|spd|1\n|\n|-damage|p2a: Ursaring|0 fnt|[from] psn\n|faint|p2a: Ursaring\n|upkeep\n|inactive|cuerodeolancho has 120 seconds left.\n|\n|t:|1782825719\n|switch|p2a: Wigglytuff|Wigglytuff, L96, M|424/424\n|turn|6\n|\n|t:|1782825733\n|move|p1a: Volbeat|Thunder Wave|p2a: Wigglytuff\n|-status|p2a: Wigglytuff|par\n|cant|p2a: Wigglytuff|par\n|\n|upkeep\n|turn|7\n|\n|t:|1782825740\n|switch|p1a: Rillaboom|Rillaboom, L79, F|288/288\n|-fieldstart|move: Grassy Terrain|[from] ability: Grassy Surge|[of] p1a: Rillaboom\n|cant|p2a: Wigglytuff|par\n|\n|upkeep\n|turn|8\n|\n|t:|1782825743\n|move|p1a: Rillaboom|Swords Dance|p1a: Rillaboom\n|-boost|p1a: Rillaboom|atk|2\n|move|p2a: Wigglytuff|Thunder Wave|p1a: Rillaboom|[miss]\n|-miss|p2a: Wigglytuff|p1a: Rillaboom\n|\n|upkeep\n|turn|9\n|\n|t:|1782825751\n|move|p1a: Rillaboom|Wood Hammer|p2a: Wigglytuff\n|-damage|p2a: Wigglytuff|0 fnt\n|faint|p2a: Wigglytuff\n|-damage|p1a: Rillaboom|148/288|[from] Recoil\n|-damage|p1a: Rillaboom|120/288|[from] item: Life Orb\n|\n|-heal|p1a: Rillaboom|138/288|[from] Grassy Terrain\n|upkeep\n|\n|t:|1782825761\n|switch|p2a: Enamorus|Enamorus, L79, F|247/247\n|turn|10\n|\n|t:|1782825768\n|switch|p1a: Volbeat|Volbeat, L90, M|209/263\n|move|p2a: Enamorus|Moonblast|p1a: Volbeat\n|-damage|p1a: Volbeat|89/263\n|\n|-heal|p1a: Volbeat|105/263|[from] Grassy Terrain\n|upkeep\n|turn|11\n|\n|t:|1782825773\n|move|p1a: Volbeat|Roost|p1a: Volbeat\n|-heal|p1a: Volbeat|237/263\n|-singleturn|p1a: Volbeat|move: Roost\n|move|p2a: Enamorus|Mystical Fire|p1a: Volbeat\n|-supereffective|p1a: Volbeat\n|-damage|p1a: Volbeat|117/263\n|-unboost|p1a: Volbeat|spa|1\n|\n|-heal|p1a: Volbeat|133/263|[from] Grassy Terrain\n|-fieldend|move: Grassy Terrain\n|upkeep\n|turn|12\n|\n|t:|1782825777\n|move|p1a: Volbeat|Thunder Wave|p2a: Enamorus\n|-status|p2a: Enamorus|par\n|move|p2a: Enamorus|Moonblast|p1a: Volbeat\n|-damage|p1a: Volbeat|19/263\n|\n|upkeep\n|turn|13\n|\n|t:|1782825783\n|move|p1a: Volbeat|Roost|p1a: Volbeat\n|-heal|p1a: Volbeat|151/263\n|-singleturn|p1a: Volbeat|move: Roost\n|move|p2a: Enamorus|Moonblast|p1a: Volbeat\n|-damage|p1a: Volbeat|49/263\n|-unboost|p1a: Volbeat|spa|1\n|\n|upkeep\n|turn|14\n|\n|t:|1782825786\n|switch|p2a: Chi-Yu|Chi-Yu, L77|211/211\n|-ability|p2a: Chi-Yu|Beads of Ruin\n|move|p1a: Volbeat|Roost|p1a: Volbeat\n|-heal|p1a: Volbeat|181/263\n|-singleturn|p1a: Volbeat|move: Roost\n|\n|upkeep\n|turn|15\n|\n|t:|1782825791\n|switch|p1a: Kingdra|Kingdra, L84, M|263/263\n|move|p2a: Chi-Yu|Fire Blast|p1a: Kingdra\n|-resisted|p1a: Kingdra\n|-damage|p1a: Kingdra|224/263\n|\n|upkeep\n|turn|16\n|\n|t:|1782825794\n|switch|p2a: Enamorus|Enamorus, L79, F|247/247 par\n|move|p1a: Kingdra|Rain Dance|p1a: Kingdra\n|-weather|RainDance\n|\n|-weather|RainDance|[upkeep]\n|upkeep\n|turn|17\n|\n|t:|1782825798\n|switch|p2a: Dewgong|Dewgong, L94, M|322/322\n|move|p1a: Kingdra|Wave Crash|p2a: Dewgong\n|-resisted|p2a: Dewgong\n|-damage|p2a: Dewgong|213/322\n|-damage|p1a: Kingdra|188/263|[from] Recoil\n|-damage|p1a: Kingdra|162/263|[from] item: Life Orb\n|\n|-weather|RainDance|[upkeep]\n|upkeep\n|turn|18\n|\n|t:|1782825811\n|move|p1a: Kingdra|Draco Meteor|p2a: Dewgong\n|-damage|p2a: Dewgong|119/322\n|-unboost|p1a: Kingdra|spa|2\n|-damage|p1a: Kingdra|136/263|[from] item: Life Orb\n|move|p2a: Dewgong|Triple Axel|p1a: Kingdra\n|-damage|p1a: Kingdra|117/263\n|-damage|p1a: Kingdra|77/263\n|-crit|p1a: Kingdra\n|-damage|p1a: Kingdra|0 fnt\n|faint|p1a: Kingdra\n|-hitcount|p1: Kingdra|3\n|\n|-weather|RainDance|[upkeep]\n|upkeep\n|\n|t:|1782825817\n|switch|p1a: Rillaboom|Rillaboom, L79, F|138/288\n|-fieldstart|move: Grassy Terrain|[from] ability: Grassy Surge|[of] p1a: Rillaboom\n|turn|19\n|\n|t:|1782825822\n|move|p1a: Rillaboom|Grassy Glide|p2a: Dewgong\n|-supereffective|p2a: Dewgong\n|-damage|p2a: Dewgong|0 fnt\n|faint|p2a: Dewgong\n|-damage|p1a: Rillaboom|110/288|[from] item: Life Orb\n|\n|-weather|RainDance|[upkeep]\n|-heal|p1a: Rillaboom|128/288|[from] Grassy Terrain\n|upkeep\n|\n|t:|1782825824\n|switch|p2a: Enamorus|Enamorus, L79, F|247/247 par\n|turn|20\n|\n|t:|1782825831\n|move|p1a: Rillaboom|Wood Hammer|p2a: Enamorus\n|-resisted|p2a: Enamorus\n|-damage|p2a: Enamorus|99/247 par\n|-damage|p1a: Rillaboom|79/288|[from] Recoil\n|-damage|p1a: Rillaboom|51/288|[from] item: Life Orb\n|cant|p2a: Enamorus|par\n|\n|-weather|none\n|-heal|p1a: Rillaboom|69/288|[from] Grassy Terrain\n|upkeep\n|turn|21\n|\n|t:|1782825838\n|move|p1a: Rillaboom|Wood Hammer|p2a: Enamorus\n|-resisted|p2a: Enamorus\n|-damage|p2a: Enamorus|0 fnt\n|faint|p2a: Enamorus\n|-damage|p1a: Rillaboom|36/288|[from] Recoil\n|-damage|p1a: Rillaboom|8/288|[from] item: Life Orb\n|\n|-heal|p1a: Rillaboom|26/288|[from] Grassy Terrain\n|upkeep\n|\n|t:|1782825852\n|switch|p2a: Chi-Yu|Chi-Yu, L77|211/211\n|-ability|p2a: Chi-Yu|Beads of Ruin\n|turn|22\n|\n|t:|1782825856\n|move|p2a: Chi-Yu|Dark Pulse|p1a: Rillaboom\n|-damage|p1a: Rillaboom|0 fnt\n|faint|p1a: Rillaboom\n|\n|upkeep\n|\n|t:|1782825863\n|switch|p1a: Arceus|Arceus-Rock, L74|300/300\n|turn|23\n|\n|t:|1782825868\n|switch|p2a: Koraidon|Koraidon, L64|235/235\n|-weather|SunnyDay|[from] ability: Orichalcum Pulse|[of] p2a: Koraidon\n|-activate|p2a: Koraidon|Orichalcum Pulse|[source]\n|move|p1a: Arceus|Judgment|p2a: Koraidon\n|-resisted|p2a: Koraidon\n|-crit|p2a: Koraidon\n|-damage|p2a: Koraidon|126/235\n|\n|-weather|SunnyDay|[upkeep]\n|-heal|p2a: Koraidon|140/235|[from] Grassy Terrain\n|-fieldend|move: Grassy Terrain\n|upkeep\n|turn|24\n|\n|t:|1782825880\n|switch|p1a: Volbeat|Volbeat, L90, M|181/263\n|move|p2a: Koraidon|Flare Blitz|p1a: Volbeat\n|-supereffective|p1a: Volbeat\n|-damage|p1a: Volbeat|0 fnt\n|faint|p1a: Volbeat\n|-damage|p2a: Koraidon|80/235|[from] Recoil\n|\n|-weather|SunnyDay|[upkeep]\n|upkeep\n|\n|t:|1782825887\n|switch|p1a: Baxcalibur|Baxcalibur, L75, F|296/296\n|turn|25\n|\n|t:|1782825892\n|move|p2a: Koraidon|Collision Course|p1a: Baxcalibur\n|-supereffective|p1a: Baxcalibur\n|-damage|p1a: Baxcalibur|2/296\n|move|p1a: Baxcalibur|Dragon Dance|p1a: Baxcalibur\n|-boost|p1a: Baxcalibur|atk|1\n|-boost|p1a: Baxcalibur|spe|1\n|\n|-weather|SunnyDay|[upkeep]\n|upkeep\n|turn|26\n|\n|t:|1782825899\n|move|p1a: Baxcalibur|Glaive Rush|p2a: Koraidon\n|-supereffective|p2a: Koraidon\n|-damage|p2a: Koraidon|0 fnt\n|-singlemove|p1a: Baxcalibur|Glaive Rush|[silent]\n|faint|p2a: Koraidon\n|\n|-weather|SunnyDay|[upkeep]\n|upkeep\n|\n|t:|1782825902\n|switch|p2a: Chi-Yu|Chi-Yu, L77|211/211\n|-ability|p2a: Chi-Yu|Beads of Ruin\n|turn|27\n|\n|t:|1782825907\n|move|p1a: Baxcalibur|Earthquake|p2a: Chi-Yu\n|-supereffective|p2a: Chi-Yu\n|-damage|p2a: Chi-Yu|0 fnt\n|faint|p2a: Chi-Yu\n|\n|win|firerom\n", "inputlog": ">version f8ac14003a5f27e1bdc8d8c59608a773c1cb96e5\n>start {\"formatid\":\"gen9randombattle\",\"seed\":\"sodium,e7c88dd2044911071fa42ba553f026a3\",\"rated\":\"Rated battle\"}\n>player p1 {\"name\":\"firerom\",\"avatar\":\"102\",\"rating\":1900,\"seed\":\"sodium,a1bdb5386f9961926d777f87fa8e1507\"}\n>player p2 {\"name\":\"cuerodeolancho\",\"avatar\":\"janitor\",\"rating\":1920,\"seed\":\"sodium,3f37ca4bb74d7111d7040a62fa1aee64\"}\n>p1 move swordsdance\n>p2 move crunch\n>p1 move aquajet\n>p2 move facade\n>p1 switch 3\n>p1 switch 4\n>p2 move closecombat\n>p1 move encore\n>p2 move closecombat\n>p1 move roost\n>p2 move closecombat\n>p2 switch 6\n>p1 move thunderwave\n>p2 move thunderwave\n>p1 switch 6\n>p2 move thunderwave\n>p1 move swordsdance\n>p2 move thunderwave\n>p1 move woodhammer\n>p2 move thunderwave\n>p2 switch 2\n>p1 switch 6\n>p2 move moonblast\n>p1 move roost\n>p2 move mysticalfire\n>p1 move thunderwave\n>p2 move moonblast\n>p1 move roost\n>p2 move moonblast\n>p1 move roost\n>p2 switch 4\n>p1 switch 2\n>p2 move fireblast\n>p1 move raindance\n>p2 switch 4\n>p1 move wavecrash\n>p2 switch 3\n>p1 move dracometeor\n>p2 move tripleaxel\n>p1 switch 6\n>p1 move grassyglide\n>p2 move tripleaxel\n>p2 switch 3\n>p1 move woodhammer\n>p2 move moonblast\n>p1 move woodhammer\n>p2 move moonblast\n>p2 switch 4\n>p1 move highhorsepower\n>p2 move darkpulse\n>p1 switch 4\n>p1 move judgment\n>p2 switch 5\n>p1 switch 2\n>p2 move flareblitz\n>p1 switch 5\n>p1 move dragondance\n>p2 move collisioncourse\n>p1 move glaiverush\n>p2 move collisioncourse\n>p2 switch 5\n>p1 move earthquake\n>p2 move darkpulse", "uploadtime": 1782825622, "views": 6, "formatid": "gen9randombattle", "rating": null, "private": 0, "password": null, "player_dets": [{"name": "firerom", "avatar": "102", "rating": 1900, "seed": "sodium,a1bdb5386f9961926d777f87fa8e1507"}, {"name": "cuerodeolancho", "avatar": "janitor", "rating": 1920, "seed": "sodium,3f37ca4bb74d7111d7040a62fa1aee64"}], "teams_full": [{"Bruxish": {"name": "Bruxish", "species": "Bruxish", "speciesId": "bruxish", "gender": "F", "shiny": false, "level": 85, "moves": ["wavecrash", "swordsdance", "aquajet", "psychicfangs"], "ability": "Strong Jaw", "evs": {"hp": 85, "atk": 85, "def": 85, "spa": 85, "spd": 85, "spe": 85}, "ivs": {"hp": 31, "atk": 31, "def": 31, "spa": 31, "spd": 31, "spe": 31}, "item": "Life Orb", "teraType": "Psychic", "role": "Fast Attacker", "bvs": {"hp": 68, "atk": 105, "def": 70, "spa": 70, "spd": 70, "spe": 92}, "stats": {"hp": 254, "atk": 227, "def": 168, "spa": 168, "spd": 168, "spe": 205}, "types": ["Water", "Psychic"]}, "Kingdra": {"name": "Kingdra", "species": "Kingdra", "speciesId": "kingdra", "gender": "M", "shiny": false, "level": 84, "moves": ["raindance", "hurricane", "dracometeor", "wavecrash"], "ability": "Swift Swim", "evs": {"hp": 85, "atk": 85, "def": 85, "spa": 85, "spd": 85, "spe": 85}, "ivs": {"hp": 31, "atk": 31, "def": 31, "spa": 31, "spd": 31, "spe": 31}, "item": "Life Orb", "teraType": "Water", "role": "Fast Attacker", "bvs": {"hp": 75, "atk": 95, "def": 95, "spa": 95, "spd": 95, "spe": 85}, "stats": {"hp": 263, "atk": 208, "def": 208, "spa": 208, "spd": 208, "spe": 191}, "types": ["Water", "Dragon"]}, "Arceus": {"name": "Arceus", "species": "Arceus-Rock", "speciesId": "arceusrock", "gender": "N", "shiny": false, "level": 74, "moves": ["calmmind", "recover", "judgment", "earthpower"], "ability": "Multitype", "evs": {"hp": 85, "atk": 0, "def": 85, "spa": 85, "spd": 85, "spe": 85}, "ivs": {"hp": 31, "atk": 0, "def": 31, "spa": 31, "spd": 31, "spe": 31}, "item": "Stone Plate", "teraType": "Ground", "role": "Bulky Setup", "bvs": {"hp": 120, "atk": 120, "def": 120, "spa": 120, "spd": 120, "spe": 120}, "stats": {"hp": 300, "atk": 182, "def": 221, "spa": 221, "spd": 221, "spe": 221}, "types": ["Rock"]}, "Volbeat": {"name": "Volbeat", "species": "Volbeat", "speciesId": "volbeat", "gender": "M", "shiny": false, "level": 90, "moves": ["thunderwave", "encore", "lunge", "roost"], "ability": "Prankster", "evs": {"hp": 85, "atk": 85, "def": 85, "spa": 85, "spd": 85, "spe": 85}, "ivs": {"hp": 31, "atk": 31, "def": 31, "spa": 31, "spd": 31, "spe": 31}, "item": "Heavy-Duty Boots", "teraType": "Water", "role": "Bulky Attacker", "bvs": {"hp": 65, "atk": 73, "def": 75, "spa": 47, "spd": 85, "spe": 85}, "stats": {"hp": 263, "atk": 183, "def": 186, "spa": 136, "spd": 204, "spe": 204}, "types": ["Bug"]}, "Baxcalibur": {"name": "Baxcalibur", "species": "Baxcalibur", "speciesId": "baxcalibur", "gender": "F", "shiny": false, "level": 75, "moves": ["iciclecrash", "dragondance", "earthquake", "glaiverush"], "ability": "Thermal Exchange", "evs": {"hp": 85, "atk": 85, "def": 85, "spa": 85, "spd": 85, "spe": 85}, "ivs": {"hp": 31, "atk": 31, "def": 31, "spa": 31, "spd": 31, "spe": 31}, "item": "Heavy-Duty Boots", "teraType": "Dragon", "role": "Setup Sweeper", "bvs": {"hp": 115, "atk": 145, "def": 92, "spa": 75, "spd": 86, "spe": 87}, "stats": {"hp": 296, "atk": 261, "def": 182, "spa": 156, "spd": 173, "spe": 174}, "types": ["Dragon", "Ice"]}, "Rillaboom": {"name": "Rillaboom", "species": "Rillaboom", "speciesId": "rillaboom", "gender": "F", "shiny": false, "level": 79, "moves": ["grassyglide", "swordsdance", "highhorsepower", "woodhammer"], "ability": "Grassy Surge", "evs": {"hp": 85, "atk": 85, "def": 85, "spa": 85, "spd": 85, "spe": 85}, "ivs": {"hp": 31, "atk": 31, "def": 31, "spa": 31, "spd": 31, "spe": 31}, "item": "Life Orb", "teraType": "Grass", "role": "Fast Attacker", "bvs": {"hp": 100, "atk": 125, "def": 90, "spa": 60, "spd": 70, "spe": 85}, "stats": {"hp": 288, "atk": 243, "def": 188, "spa": 140, "spd": 156, "spe": 180}, "types": ["Grass"]}}, {"Ursaring": {"name": "Ursaring", "species": "Ursaring", "speciesId": "ursaring", "gender": "M", "shiny": false, "level": 84, "moves": ["closecombat", "swordsdance", "facade", "crunch"], "ability": "Quick Feet", "evs": {"hp": 85, "atk": 85, "def": 85, "spa": 85, "spd": 85, "spe": 85}, "ivs": {"hp": 31, "atk": 31, "def": 31, "spa": 31, "spd": 31, "spe": 31}, "item": "Toxic Orb", "teraType": "Normal", "role": "Setup Sweeper", "bvs": {"hp": 90, "atk": 130, "def": 75, "spa": 75, "spd": 75, "spe": 55}, "stats": {"hp": 288, "atk": 267, "def": 174, "spa": 174, "spd": 174, "spe": 141}, "types": ["Normal"]}, "Enamorus": {"name": "Enamorus", "species": "Enamorus", "speciesId": "enamorus", "gender": "F", "shiny": false, "level": 79, "moves": ["mysticalfire", "earthpower", "calmmind", "moonblast"], "ability": "Cute Charm", "evs": {"hp": 85, "atk": 0, "def": 85, "spa": 85, "spd": 85, "spe": 85}, "ivs": {"hp": 31, "atk": 0, "def": 31, "spa": 31, "spd": 31, "spe": 31}, "item": "Heavy-Duty Boots", "teraType": "Ground", "role": "Fast Bulky Setup", "bvs": {"hp": 74, "atk": 115, "def": 70, "spa": 135, "spd": 80, "spe": 106}, "stats": {"hp": 247, "atk": 186, "def": 156, "spa": 259, "spd": 172, "spe": 213}, "types": ["Fairy", "Flying"]}, "Dewgong": {"name": "Dewgong", "species": "Dewgong", "speciesId": "dewgong", "gender": "M", "shiny": false, "level": 94, "moves": ["flipturn", "surf", "tripleaxel", "knockoff"], "ability": "Thick Fat", "evs": {"hp": 85, "atk": 85, "def": 85, "spa": 85, "spd": 85, "spe": 85}, "ivs": {"hp": 31, "atk": 31, "def": 31, "spa": 31, "spd": 31, "spe": 31}, "item": "Assault Vest", "teraType": "Grass", "role": "Bulky Attacker", "bvs": {"hp": 90, "atk": 70, "def": 80, "spa": 70, "spd": 95, "spe": 70}, "stats": {"hp": 322, "atk": 185, "def": 204, "spa": 185, "spd": 232, "spe": 185}, "types": ["Water", "Ice"]}, "Chi-Yu": {"name": "Chi-Yu", "species": "Chi-Yu", "speciesId": "chiyu", "gender": "N", "shiny": false, "level": 77, "moves": ["nastyplot", "fireblast", "darkpulse", "psychic"], "ability": "Beads of Ruin", "evs": {"hp": 85, "atk": 0, "def": 85, "spa": 85, "spd": 85, "spe": 85}, "ivs": {"hp": 31, "atk": 0, "def": 31, "spa": 31, "spd": 31, "spe": 31}, "item": "Heavy-Duty Boots", "teraType": "Dark", "role": "Setup Sweeper", "bvs": {"hp": 55, "atk": 80, "def": 80, "spa": 135, "spd": 120, "spe": 100}, "stats": {"hp": 211, "atk": 128, "def": 168, "spa": 252, "spd": 229, "spe": 199}, "types": ["Dark", "Fire"]}, "Koraidon": {"name": "Koraidon", "species": "Koraidon", "speciesId": "koraidon", "gender": "N", "shiny": false, "level": 64, "moves": ["collisioncourse", "swordsdance", "flareblitz", "scaleshot"], "ability": "Orichalcum Pulse", "evs": {"hp": 85, "atk": 85, "def": 85, "spa": 85, "spd": 85, "spe": 85}, "ivs": {"hp": 31, "atk": 31, "def": 31, "spa": 31, "spd": 31, "spe": 31}, "item": "Loaded Dice", "teraType": "Fire", "role": "Setup Sweeper", "bvs": {"hp": 100, "atk": 135, "def": 115, "spa": 85, "spd": 100, "spe": 135}, "stats": {"hp": 235, "atk": 211, "def": 185, "spa": 147, "spd": 166, "spe": 211}, "types": ["Fighting", "Dragon"]}, "Wigglytuff": {"name": "Wigglytuff", "species": "Wigglytuff", "speciesId": "wigglytuff", "gender": "M", "shiny": false, "level": 96, "moves": ["alluringvoice", "thunderwave", "fireblast", "knockoff"], "ability": "Competitive", "evs": {"hp": 85, "atk": 85, "def": 85, "spa": 85, "spd": 85, "spe": 85}, "ivs": {"hp": 31, "atk": 31, "def": 31, "spa": 31, "spd": 31, "spe": 31}, "item": "Leftovers", "teraType": "Steel", "role": "Bulky Support", "bvs": {"hp": 140, "atk": 70, "def": 45, "spa": 85, "spd": 50, "spe": 45}, "stats": {"hp": 424, "atk": 189, "def": 141, "spa": 218, "spd": 150, "spe": 141}, "types": ["Normal", "Fairy"]}}]}