{"id": "gen9randombattle-2641195161", "format": "[Gen 9] Random Battle", "players": ["RentnerHaehnchen", "Vividedenne"], "log": "|j|\u2606RentnerHaehnchen\n|j|\u2606Vividedenne\n|t:|1782752147\n|gametype|singles\n|player|p1|RentnerHaehnchen|giovanni|\n|player|p2|Vividedenne|#npl2023|\n|gen|9\n|tier|[Gen 9] Random Battle\n|rule|Species Clause: Limit one of each Pok\u00e9mon\n|rule|HP Percentage Mod: HP is shown in percentages\n|rule|Sleep Clause Mod: Limit one foe put to sleep\n|rule|Illusion Level Mod: Illusion disguises the Pok\u00e9mon's true level\n|\n|t:|1782752147\n|teamsize|p1|6\n|teamsize|p2|6\n|start\n|switch|p1a: Garganacl|Garganacl, L80, M|291/291\n|switch|p2a: Palkia|Palkia, L75|259/259\n|-ability|p2a: Palkia|Pressure\n|turn|1\n|inactive|Battle timer is ON: inactive players will automatically lose when time's up. (requested by RentnerHaehnchen)\n|inactive|Vividedenne also wants the timer to be on.\n|\n|t:|1782752163\n|switch|p1a: Poliwrath|Poliwrath, L88, M|302/302\n|move|p2a: Palkia|Hydro Pump|p1a: Poliwrath\n|-immune|p1a: Poliwrath|[from] ability: Water Absorb\n|\n|upkeep\n|turn|2\n|\n|t:|1782752172\n|switch|p2a: Zebstrika|Zebstrika, L87, M|272/272\n|move|p1a: Poliwrath|Bulk Up|p1a: Poliwrath\n|-boost|p1a: Poliwrath|atk|1\n|-boost|p1a: Poliwrath|def|1\n|\n|upkeep\n|turn|3\n|\n|t:|1782752178\n|move|p2a: Zebstrika|Supercell Slam|p1a: Poliwrath\n|-supereffective|p1a: Poliwrath\n|-damage|p1a: Poliwrath|112/302\n|-damage|p2a: Zebstrika|245/272|[from] item: Life Orb\n|move|p1a: Poliwrath|Drain Punch|p2a: Zebstrika\n|-damage|p2a: Zebstrika|88/272\n|-heal|p1a: Poliwrath|191/302|[from] drain|[of] p2a: Zebstrika\n|\n|-heal|p1a: Poliwrath|209/302|[from] item: Leftovers\n|upkeep\n|turn|4\n|\n|t:|1782752187\n|move|p2a: Zebstrika|Supercell Slam|p1a: Poliwrath\n|-supereffective|p1a: Poliwrath\n|-damage|p1a: Poliwrath|35/302\n|-damage|p2a: Zebstrika|61/272|[from] item: Life Orb\n|move|p1a: Poliwrath|Drain Punch|p2a: Zebstrika\n|-damage|p2a: Zebstrika|0 fnt\n|-heal|p1a: Poliwrath|66/302|[from] drain|[of] p2a: Zebstrika\n|faint|p2a: Zebstrika\n|\n|-heal|p1a: Poliwrath|84/302|[from] item: Leftovers\n|upkeep\n|\n|t:|1782752201\n|switch|p2a: Sandy Shocks|Sandy Shocks, L80|267/267\n|turn|5\n|\n|t:|1782752210\n|move|p2a: Sandy Shocks|Thunderbolt|p1a: Poliwrath\n|-supereffective|p1a: Poliwrath\n|-damage|p1a: Poliwrath|0 fnt\n|faint|p1a: Poliwrath\n|\n|upkeep\n|\n|t:|1782752216\n|switch|p1a: Glalie|Glalie, L96, M|309/309\n|turn|6\n|\n|t:|1782752235\n|move|p1a: Glalie|Spikes|p2a: Sandy Shocks\n|-sidestart|p2: Vividedenne|Spikes\n|move|p2a: Sandy Shocks|Volt Switch|p1a: Glalie\n|-damage|p1a: Glalie|231/309\n|\n|t:|1782752238\n|-end|p2a: Sandy Shocks|Protosynthesis|[silent]\n|switch|p2a: Solgaleo|Solgaleo, L74|325/325|[from] Volt Switch\n|-damage|p2a: Solgaleo|285/325|[from] Spikes\n|\n|upkeep\n|turn|7\n|\n|t:|1782752241\n|move|p1a: Glalie|Taunt|p2a: Solgaleo\n|-start|p2a: Solgaleo|move: Taunt\n|move|p2a: Solgaleo|Flame Charge|p1a: Glalie\n|-supereffective|p1a: Glalie\n|-damage|p1a: Glalie|159/309\n|-boost|p2a: Solgaleo|spe|1\n|\n|upkeep\n|turn|8\n|\n|t:|1782752260\n|switch|p1a: Garganacl|Garganacl, L80, M|291/291\n|move|p2a: Solgaleo|Flame Charge|p1a: Garganacl\n|-resisted|p1a: Garganacl\n|-damage|p1a: Garganacl|275/291\n|-boost|p2a: Solgaleo|spe|1\n|\n|-heal|p1a: Garganacl|291/291|[from] item: Leftovers\n|upkeep\n|turn|9\n|\n|t:|1782752267\n|move|p2a: Solgaleo|Sunsteel Strike|p1a: Garganacl\n|-supereffective|p1a: Garganacl\n|-damage|p1a: Garganacl|109/291\n|move|p1a: Garganacl|Salt Cure|p2a: Solgaleo\n|-resisted|p2a: Solgaleo\n|-damage|p2a: Solgaleo|267/325\n|-start|p2a: Solgaleo|Salt Cure\n|\n|-heal|p1a: Garganacl|127/291|[from] item: Leftovers\n|-damage|p2a: Solgaleo|186/325|[from] Salt Cure\n|-end|p2a: Solgaleo|move: Taunt\n|upkeep\n|turn|10\n|\n|t:|1782752275\n|move|p1a: Garganacl|Protect|p1a: Garganacl\n|-singleturn|p1a: Garganacl|Protect\n|move|p2a: Solgaleo|Sunsteel Strike|p1a: Garganacl\n|-activate|p1a: Garganacl|move: Protect\n|\n|-heal|p1a: Garganacl|145/291|[from] item: Leftovers\n|-damage|p2a: Solgaleo|105/325|[from] Salt Cure\n|upkeep\n|turn|11\n|\n|t:|1782752287\n|switch|p1a: Arceus|Arceus-Bug, L73|295/295\n|move|p2a: Solgaleo|Sunsteel Strike|p1a: Arceus\n|-damage|p1a: Arceus|204/295\n|\n|-damage|p2a: Solgaleo|24/325|[from] Salt Cure\n|upkeep\n|turn|12\n|\n|t:|1782752294\n|move|p2a: Solgaleo|Sunsteel Strike|p1a: Arceus\n|-damage|p1a: Arceus|105/295\n|move|p1a: Arceus|Calm Mind|p1a: Arceus\n|-boost|p1a: Arceus|spa|1\n|-boost|p1a: Arceus|spd|1\n|\n|-damage|p2a: Solgaleo|0 fnt|[from] Salt Cure\n|faint|p2a: Solgaleo\n|upkeep\n|inactive|Vividedenne has 270 seconds left.\n|inactive|RentnerHaehnchen no longer wants the timer on, but the timer is staying on because vividedenne still does.\n|\n|t:|1782752331\n|switch|p2a: Salamence|Salamence, L77, M|273/273\n|turn|13\n|inactive|Vividedenne has 270 seconds left.\n|\n|t:|1782752347\n|switch|p1a: Dunsparce|Dunsparce, L86, M|312/312\n|move|p2a: Salamence|Dragon Dance|p2a: Salamence\n|-boost|p2a: Salamence|atk|1\n|-boost|p2a: Salamence|spe|1\n|\n|upkeep\n|turn|14\n|inactive|Vividedenne has 270 seconds left.\n|\n|t:|1782752362\n|switch|p2a: Annihilape|Annihilape, L76, F|292/292\n|-damage|p2a: Annihilape|256/292|[from] Spikes\n|move|p1a: Dunsparce|Body Slam|p2a: Annihilape\n|-immune|p2a: Annihilape\n|\n|-heal|p2a: Annihilape|274/292|[from] item: Leftovers\n|upkeep\n|turn|15\n|\n|t:|1782752378\n|switch|p1a: Glalie|Glalie, L96, M|159/309\n|move|p2a: Annihilape|Bulk Up|p2a: Annihilape\n|-boost|p2a: Annihilape|atk|1\n|-boost|p2a: Annihilape|def|1\n|\n|-heal|p2a: Annihilape|292/292|[from] item: Leftovers\n|upkeep\n|turn|16\n|\n|t:|1782752383\n|move|p1a: Glalie|Taunt|p2a: Annihilape\n|-start|p2a: Annihilape|move: Taunt\n|move|p2a: Annihilape|Drain Punch|p1a: Glalie\n|-supereffective|p1a: Glalie\n|-damage|p1a: Glalie|0 fnt\n|faint|p1a: Glalie\n|\n|upkeep\n|\n|t:|1782752386\n|switch|p1a: Eternatus|Eternatus, L69|308/308\n|-ability|p1a: Eternatus|Pressure\n|turn|17\n|\n|t:|1782752394\n|move|p1a: Eternatus|Dynamax Cannon|p2a: Annihilape\n|-damage|p2a: Annihilape|192/292\n|move|p2a: Annihilape|Rage Fist|p1a: Eternatus\n|-damage|p1a: Eternatus|143/308\n|-damage|p2a: Annihilape|144/292|[from] item: Rocky Helmet|[of] p1a: Eternatus\n|\n|-heal|p2a: Annihilape|162/292|[from] item: Leftovers\n|upkeep\n|turn|18\n|\n|t:|1782752414\n|-terastallize|p1a: Eternatus|Dragon\n|move|p1a: Eternatus|Dynamax Cannon|p2a: Annihilape\n|-damage|p2a: Annihilape|18/292\n|move|p2a: Annihilape|Rage Fist|p1a: Eternatus\n|-damage|p1a: Eternatus|0 fnt\n|-damage|p2a: Annihilape|0 fnt|[from] item: Rocky Helmet|[of] p1a: Eternatus\n|faint|p1a: Eternatus\n|faint|p2a: Annihilape\n|\n|upkeep\n|\n|t:|1782752428\n|switch|p1a: Dunsparce|Dunsparce, L86, M|312/312\n|switch|p2a: Sandy Shocks|Sandy Shocks, L80|267/267\n|turn|19\n|\n|t:|1782752432\n|move|p2a: Sandy Shocks|Thunder Wave|p1a: Dunsparce\n|-status|p1a: Dunsparce|par\n|move|p1a: Dunsparce|Coil|p1a: Dunsparce\n|-boost|p1a: Dunsparce|atk|1\n|-boost|p1a: Dunsparce|def|1\n|-boost|p1a: Dunsparce|accuracy|1\n|\n|upkeep\n|turn|20\n|\n|t:|1782752437\n|move|p2a: Sandy Shocks|Thunderbolt|p1a: Dunsparce\n|-damage|p1a: Dunsparce|222/312 par\n|move|p1a: Dunsparce|Earthquake|p2a: Sandy Shocks\n|-supereffective|p2a: Sandy Shocks\n|-damage|p2a: Sandy Shocks|81/267\n|\n|upkeep\n|turn|21\n|\n|t:|1782752441\n|move|p2a: Sandy Shocks|Thunderbolt|p1a: Dunsparce\n|-damage|p1a: Dunsparce|135/312 par\n|move|p1a: Dunsparce|Roost|p1a: Dunsparce\n|-heal|p1a: Dunsparce|291/312 par\n|-singleturn|p1a: Dunsparce|move: Roost\n|\n|upkeep\n|turn|22\n|\n|t:|1782752446\n|move|p2a: Sandy Shocks|Thunderbolt|p1a: Dunsparce\n|-damage|p1a: Dunsparce|212/312 par\n|move|p1a: Dunsparce|Body Slam|p2a: Sandy Shocks\n|-damage|p2a: Sandy Shocks|0 fnt\n|faint|p2a: Sandy Shocks\n|-end|p2a: Sandy Shocks|Protosynthesis|[silent]\n|\n|upkeep\n|\n|t:|1782752449\n|switch|p2a: Salamence|Salamence, L77, M|273/273\n|turn|23\n|\n|t:|1782752457\n|move|p2a: Salamence|Dragon Dance|p2a: Salamence\n|-boost|p2a: Salamence|atk|1\n|-boost|p2a: Salamence|spe|1\n|move|p1a: Dunsparce|Body Slam|p2a: Salamence\n|-damage|p2a: Salamence|150/273\n|-status|p2a: Salamence|par\n|\n|upkeep\n|turn|24\n|\n|t:|1782752466\n|cant|p2a: Salamence|par\n|move|p1a: Dunsparce|Body Slam|p2a: Salamence\n|-damage|p2a: Salamence|23/273 par\n|\n|upkeep\n|turn|25\n|\n|t:|1782752470\n|cant|p2a: Salamence|par\n|move|p1a: Dunsparce|Body Slam|p2a: Salamence\n|-damage|p2a: Salamence|0 fnt\n|faint|p2a: Salamence\n|\n|upkeep\n|\n|t:|1782752473\n|switch|p2a: Palkia|Palkia, L75|259/259\n|-damage|p2a: Palkia|227/259|[from] Spikes\n|-ability|p2a: Palkia|Pressure\n|turn|26\n|\n|t:|1782752476\n|-terastallize|p2a: Palkia|Water\n|move|p2a: Palkia|Hydro Pump|p1a: Dunsparce\n|-damage|p1a: Dunsparce|72/312 par\n|move|p1a: Dunsparce|Body Slam|p2a: Palkia\n|-damage|p2a: Palkia|115/259\n|\n|upkeep\n|turn|27\n|\n|t:|1782752484\n|move|p2a: Palkia|Hydro Pump|p1a: Dunsparce\n|-damage|p1a: Dunsparce|0 fnt\n|faint|p1a: Dunsparce\n|\n|upkeep\n|\n|t:|1782752487\n|switch|p1a: Garganacl|Garganacl, L80, M|145/291\n|turn|28\n|\n|t:|1782752489\n|move|p1a: Garganacl|Protect|p1a: Garganacl\n|-singleturn|p1a: Garganacl|Protect\n|move|p2a: Palkia|Hydro Pump|p1a: Garganacl\n|-activate|p1a: Garganacl|move: Protect\n|\n|-heal|p1a: Garganacl|163/291|[from] item: Leftovers\n|upkeep\n|turn|29\n|\n|t:|1782752493\n|move|p2a: Palkia|Hydro Pump|p1a: Garganacl\n|-supereffective|p1a: Garganacl\n|-damage|p1a: Garganacl|0 fnt\n|faint|p1a: Garganacl\n|\n|upkeep\n|\n|t:|1782752495\n|switch|p1a: Arceus|Arceus-Bug, L73|105/295\n|turn|30\n|\n|t:|1782752502\n|move|p2a: Palkia|Hydro Pump|p1a: Arceus\n|-damage|p1a: Arceus|0 fnt\n|faint|p1a: Arceus\n|\n|win|Vividedenne\n", "inputlog": ">version f8ac14003a5f27e1bdc8d8c59608a773c1cb96e5\n>start {\"formatid\":\"gen9randombattle\",\"seed\":\"sodium,e0b5c3591b296fd554a0c80e638d631e\"}\n>player p1 {\"name\":\"RentnerHaehnchen\",\"avatar\":\"giovanni\",\"rating\":0,\"seed\":\"sodium,3b96b0b50db8bbfaf45d7d8421c9194d\"}\n>player p2 {\"name\":\"Vividedenne\",\"avatar\":\"#npl2023\",\"rating\":0,\"seed\":\"sodium,a2a5a931476a84cb13ff3abb847617f6\"}\n>p1 switch 2\n>p2 move hydropump\n>p1 move bulkup\n>p2 switch 4\n>p1 move drainpunch\n>p2 move supercellslam\n>p1 move drainpunch\n>p2 move supercellslam\n>p2 switch 2\n>p1 move liquidation\n>p2 move thunderbolt\n>p1 switch 5\n>p1 move spikes\n>p2 move voltswitch\n>p2 switch 5\n>p1 move taunt\n>p2 move flamecharge\n>p1 switch 2\n>p2 move flamecharge\n>p1 move saltcure\n>p2 move sunsteelstrike\n>p1 move protect\n>p2 move sunsteelstrike\n>p1 switch 4\n>p2 move sunsteelstrike\n>p1 move calmmind\n>p2 move sunsteelstrike\n>p2 switch 6\n>p1 switch 3\n>p2 move dragondance\n>p1 move bodyslam\n>p2 switch 3\n>p1 switch 2\n>p2 move bulkup\n>p1 move taunt\n>p2 move drainpunch\n>p1 switch 6\n>p1 move dynamaxcannon\n>p2 move ragefist\n>p1 move dynamaxcannon terastallize\n>p2 move ragefist\n>p1 switch 2\n>p2 switch 5\n>p1 move coil\n>p2 move thunderwave\n>p1 move earthquake\n>p2 move thunderbolt\n>p1 move roost\n>p2 move thunderbolt\n>p1 move bodyslam\n>p2 move thunderbolt\n>p2 switch 3\n>p1 move bodyslam\n>p2 move dragondance\n>p1 move bodyslam\n>p2 move dragondance\n>p1 move bodyslam\n>p2 move dragondance\n>p2 switch 4\n>p1 move bodyslam\n>p2 move hydropump terastallize\n>p1 move roost\n>p2 move hydropump\n>p1 switch 4\n>p1 move protect\n>p2 move hydropump\n>p1 move saltcure\n>p2 move hydropump\n>p1 switch 3\n>p1 move recover\n>p2 move hydropump", "uploadtime": 1782752149, "views": 5, "formatid": "gen9randombattle", "rating": null, "private": 0, "password": null, "player_dets": [{"name": "RentnerHaehnchen", "avatar": "giovanni", "rating": 0, "seed": "sodium,3b96b0b50db8bbfaf45d7d8421c9194d"}, {"name": "Vividedenne", "avatar": "#npl2023", "rating": 0, "seed": "sodium,a2a5a931476a84cb13ff3abb847617f6"}], "teams_full": [{"Garganacl": {"name": "Garganacl", "species": "Garganacl", "speciesId": "garganacl", "gender": "M", "shiny": false, "level": 80, "moves": ["recover", "protect", "saltcure", "earthquake"], "ability": "Purifying Salt", "evs": {"hp": 85, "atk": 85, "def": 85, "spa": 85, "spd": 85, "spe": 85}, "ivs": {"hp": 31, "atk": 31, "def": 31, "spa": 31, "spd": 31, "spe": 31}, "item": "Leftovers", "teraType": "Ghost", "role": "Bulky Attacker", "bvs": {"hp": 100, "atk": 100, "def": 130, "spa": 45, "spd": 90, "spe": 35}, "stats": {"hp": 291, "atk": 206, "def": 254, "spa": 118, "spd": 190, "spe": 102}, "types": ["Rock"]}, "Poliwrath": {"name": "Poliwrath", "species": "Poliwrath", "speciesId": "poliwrath", "gender": "M", "shiny": false, "level": 88, "moves": ["bulkup", "drainpunch", "liquidation", "icepunch"], "ability": "Water Absorb", "evs": {"hp": 85, "atk": 85, "def": 85, "spa": 85, "spd": 85, "spe": 85}, "ivs": {"hp": 31, "atk": 31, "def": 31, "spa": 31, "spd": 31, "spe": 31}, "item": "Leftovers", "teraType": "Fighting", "role": "Bulky Setup", "bvs": {"hp": 90, "atk": 95, "def": 95, "spa": 70, "spd": 90, "spe": 70}, "stats": {"hp": 302, "atk": 217, "def": 217, "spa": 173, "spd": 209, "spe": 173}, "types": ["Water", "Fighting"]}, "Dunsparce": {"name": "Dunsparce", "species": "Dunsparce", "speciesId": "dunsparce", "gender": "M", "shiny": false, "level": 86, "moves": ["bodyslam", "roost", "coil", "earthquake"], "ability": "Serene Grace", "evs": {"hp": 85, "atk": 85, "def": 85, "spa": 85, "spd": 85, "spe": 85}, "ivs": {"hp": 31, "atk": 31, "def": 31, "spa": 31, "spd": 31, "spe": 31}, "item": "Eviolite", "teraType": "Ghost", "role": "Bulky Setup", "bvs": {"hp": 100, "atk": 70, "def": 70, "spa": 65, "spd": 65, "spe": 45}, "stats": {"hp": 312, "atk": 170, "def": 170, "spa": 161, "spd": 161, "spe": 127}, "types": ["Normal"]}, "Arceus": {"name": "Arceus", "species": "Arceus-Bug", "speciesId": "arceusbug", "gender": "N", "shiny": false, "level": 73, "moves": ["calmmind", "fireblast", "recover", "judgment"], "ability": "Multitype", "evs": {"hp": 81, "atk": 0, "def": 85, "spa": 85, "spd": 85, "spe": 85}, "ivs": {"hp": 31, "atk": 0, "def": 31, "spa": 31, "spd": 31, "spe": 31}, "item": "Insect Plate", "teraType": "Fire", "role": "Bulky Setup", "bvs": {"hp": 120, "atk": 120, "def": 120, "spa": 120, "spd": 120, "spe": 120}, "stats": {"hp": 295, "atk": 180, "def": 218, "spa": 218, "spd": 218, "spe": 218}, "types": ["Bug"]}, "Glalie": {"name": "Glalie", "species": "Glalie", "speciesId": "glalie", "gender": "M", "shiny": false, "level": 96, "moves": ["earthquake", "freezedry", "taunt", "spikes"], "ability": "Inner Focus", "evs": {"hp": 85, "atk": 85, "def": 85, "spa": 85, "spd": 85, "spe": 85}, "ivs": {"hp": 31, "atk": 31, "def": 31, "spa": 31, "spd": 31, "spe": 31}, "item": "Heavy-Duty Boots", "teraType": "Ghost", "role": "Fast Support", "bvs": {"hp": 80, "atk": 80, "def": 80, "spa": 80, "spd": 80, "spe": 80}, "stats": {"hp": 309, "atk": 208, "def": 208, "spa": 208, "spd": 208, "spe": 208}, "types": ["Ice"]}, "Eternatus": {"name": "Eternatus", "species": "Eternatus", "speciesId": "eternatus", "gender": "N", "shiny": false, "level": 69, "moves": ["toxicspikes", "flamethrower", "dynamaxcannon", "recover"], "ability": "Pressure", "evs": {"hp": 85, "atk": 0, "def": 85, "spa": 85, "spd": 85, "spe": 85}, "ivs": {"hp": 31, "atk": 0, "def": 31, "spa": 31, "spd": 31, "spe": 31}, "item": "Rocky Helmet", "teraType": "Dragon", "role": "Bulky Support", "bvs": {"hp": 140, "atk": 85, "def": 95, "spa": 145, "spd": 95, "spe": 130}, "stats": {"hp": 308, "atk": 122, "def": 171, "spa": 240, "spd": 171, "spe": 220}, "types": ["Poison", "Dragon"]}}, {"Palkia": {"name": "Palkia", "species": "Palkia", "speciesId": "palkia", "gender": "N", "shiny": false, "level": 75, "moves": ["fireblast", "hydropump", "spacialrend", "dracometeor"], "ability": "Pressure", "evs": {"hp": 85, "atk": 0, "def": 85, "spa": 85, "spd": 85, "spe": 85}, "ivs": {"hp": 31, "atk": 0, "def": 31, "spa": 31, "spd": 31, "spe": 31}, "item": "Choice Scarf", "teraType": "Water", "role": "Fast Attacker", "bvs": {"hp": 90, "atk": 120, "def": 100, "spa": 150, "spd": 120, "spe": 100}, "stats": {"hp": 259, "atk": 185, "def": 194, "spa": 269, "spd": 224, "spe": 194}, "types": ["Water", "Dragon"]}, "Sandy Shocks": {"name": "Sandy Shocks", "species": "Sandy Shocks", "speciesId": "sandyshocks", "gender": "N", "shiny": false, "level": 80, "moves": ["voltswitch", "thunderwave", "thunderbolt", "earthpower"], "ability": "Protosynthesis", "evs": {"hp": 85, "atk": 0, "def": 85, "spa": 85, "spd": 85, "spe": 85}, "ivs": {"hp": 31, "atk": 0, "def": 31, "spa": 31, "spd": 31, "spe": 31}, "item": "Heavy-Duty Boots", "teraType": "Ground", "role": "Fast Support", "bvs": {"hp": 85, "atk": 81, "def": 97, "spa": 121, "spd": 85, "spe": 101}, "stats": {"hp": 267, "atk": 134, "def": 201, "spa": 240, "spd": 182, "spe": 208}, "types": ["Electric", "Ground"]}, "Annihilape": {"name": "Annihilape", "species": "Annihilape", "speciesId": "annihilape", "gender": "F", "shiny": false, "level": 76, "moves": ["bulkup", "ragefist", "drainpunch", "taunt"], "ability": "Defiant", "evs": {"hp": 85, "atk": 85, "def": 85, "spa": 85, "spd": 85, "spe": 85}, "ivs": {"hp": 31, "atk": 31, "def": 31, "spa": 31, "spd": 31, "spe": 31}, "item": "Leftovers", "teraType": "Ghost", "role": "Bulky Setup", "bvs": {"hp": 110, "atk": 115, "def": 80, "spa": 50, "spd": 90, "spe": 90}, "stats": {"hp": 292, "atk": 219, "def": 166, "spa": 120, "spd": 181, "spe": 181}, "types": ["Fighting", "Ghost"]}, "Zebstrika": {"name": "Zebstrika", "species": "Zebstrika", "speciesId": "zebstrika", "gender": "M", "shiny": false, "level": 87, "moves": ["supercellslam", "voltswitch", "overheat", "highhorsepower"], "ability": "Sap Sipper", "evs": {"hp": 85, "atk": 85, "def": 85, "spa": 85, "spd": 85, "spe": 85}, "ivs": {"hp": 31, "atk": 31, "def": 31, "spa": 31, "spd": 31, "spe": 31}, "item": "Life Orb", "teraType": "Ground", "role": "Fast Attacker", "bvs": {"hp": 75, "atk": 100, "def": 63, "spa": 80, "spd": 63, "spe": 116}, "stats": {"hp": 272, "atk": 224, "def": 159, "spa": 189, "spd": 159, "spe": 252}, "types": ["Electric"]}, "Solgaleo": {"name": "Solgaleo", "species": "Solgaleo", "speciesId": "solgaleo", "gender": "N", "shiny": false, "level": 74, "moves": ["flamecharge", "sunsteelstrike", "knockoff", "closecombat"], "ability": "Full Metal Body", "evs": {"hp": 85, "atk": 85, "def": 85, "spa": 85, "spd": 85, "spe": 85}, "ivs": {"hp": 31, "atk": 31, "def": 31, "spa": 31, "spd": 31, "spe": 31}, "item": "Weakness Policy", "teraType": "Fighting", "role": "Bulky Setup", "bvs": {"hp": 137, "atk": 137, "def": 107, "spa": 113, "spd": 89, "spe": 97}, "stats": {"hp": 325, "atk": 246, "def": 201, "spa": 210, "spd": 175, "spe": 187}, "types": ["Psychic", "Steel"]}, "Salamence": {"name": "Salamence", "species": "Salamence", "speciesId": "salamence", "gender": "M", "shiny": false, "level": 77, "moves": ["dragondance", "outrage", "roost", "dualwingbeat"], "ability": "Moxie", "evs": {"hp": 85, "atk": 85, "def": 85, "spa": 85, "spd": 85, "spe": 85}, "ivs": {"hp": 31, "atk": 31, "def": 31, "spa": 31, "spd": 31, "spe": 31}, "item": "Heavy-Duty Boots", "teraType": "Steel", "role": "Setup Sweeper", "bvs": {"hp": 95, "atk": 135, "def": 80, "spa": 110, "spd": 80, "spe": 100}, "stats": {"hp": 273, "atk": 252, "def": 168, "spa": 214, "spd": 168, "spe": 199}, "types": ["Dragon", "Flying"]}}]}