{"id": "gen9randombattle-2641712039", "format": "[Gen 9] Random Battle", "players": ["Smell Ya Now", "nxt.realm"], "log": "|j|\u2606Smell Ya Now\n|j|\u2606nxt.realm\n|t:|1782832884\n|gametype|singles\n|player|p1|Smell Ya Now|blue|1654\n|player|p2|nxt.realm|2|1625\n|gen|9\n|tier|[Gen 9] Random Battle\n|rated|\n|rule|Species Clause: Limit one of each Pok\u00e9mon\n|rule|HP Percentage Mod: HP is shown in percentages\n|rule|Sleep Clause Mod: Limit one foe put to sleep\n|rule|Illusion Level Mod: Illusion disguises the Pok\u00e9mon's true level\n|\n|t:|1782832884\n|teamsize|p1|6\n|teamsize|p2|6\n|start\n|switch|p1a: Raging Bolt|Raging Bolt, L78|323/323\n|switch|p2a: Mimikyu|Mimikyu, L79, F|216/216\n|turn|1\n|inactive|Battle timer is ON: inactive players will automatically lose when time's up. (requested by nxt.realm)\n|\n|t:|1782832917\n|-end|p1a: Raging Bolt|Protosynthesis|[silent]\n|switch|p1a: Sandslash|Sandslash, L89, F|278/278\n|move|p2a: Mimikyu|Swords Dance|p2a: Mimikyu\n|-boost|p2a: Mimikyu|atk|2\n|\n|upkeep\n|turn|2\n|\n|t:|1782832924\n|move|p2a: Mimikyu|Play Rough|p1a: Sandslash\n|-damage|p1a: Sandslash|106/278\n|-damage|p2a: Mimikyu|195/216|[from] item: Life Orb\n|move|p1a: Sandslash|Earthquake|p2a: Mimikyu\n|-activate|p2a: Mimikyu|ability: Disguise\n|-damage|p2a: Mimikyu|195/216\n|detailschange|p2a: Mimikyu|Mimikyu-Busted, L79, F\n|-damage|p2a: Mimikyu|168/216|[from] pokemon: Mimikyu-Busted\n|\n|-heal|p1a: Sandslash|123/278|[from] item: Leftovers\n|upkeep\n|turn|3\n|\n|t:|1782832941\n|move|p2a: Mimikyu|Play Rough|p1a: Sandslash\n|-damage|p1a: Sandslash|0 fnt\n|faint|p1a: Sandslash\n|-damage|p2a: Mimikyu|147/216|[from] item: Life Orb\n|\n|upkeep\n|\n|t:|1782832943\n|switch|p1a: Mismagius|Mismagius, L86, M|243/243\n|turn|4\n|\n|t:|1782832956\n|move|p2a: Mimikyu|Shadow Sneak|p1a: Mismagius\n|-supereffective|p1a: Mismagius\n|-damage|p1a: Mismagius|6/243\n|-damage|p2a: Mimikyu|126/216|[from] item: Life Orb\n|move|p1a: Mismagius|Shadow Ball|p2a: Mimikyu\n|-supereffective|p2a: Mimikyu\n|-damage|p2a: Mimikyu|0 fnt\n|faint|p2a: Mimikyu\n|\n|-heal|p1a: Mismagius|21/243|[from] item: Leftovers\n|upkeep\n|\n|t:|1782832971\n|switch|p2a: Toxapex|Toxapex, L82, F|216/216\n|turn|5\n|\n|t:|1782832978\n|move|p1a: Mismagius|Shadow Ball|p2a: Toxapex\n|-damage|p2a: Toxapex|152/216\n|move|p2a: Toxapex|Liquidation|p1a: Mismagius\n|-damage|p1a: Mismagius|0 fnt\n|faint|p1a: Mismagius\n|\n|upkeep\n|\n|t:|1782832984\n|switch|p1a: Pachirisu|Pachirisu, L96, M|271/271\n|turn|6\n|\n|t:|1782832989\n|switch|p2a: Groudon|Groudon, L72|263/263\n|-weather|SunnyDay|[from] ability: Drought|[of] p2a: Groudon\n|move|p1a: Pachirisu|Discharge|p2a: Groudon\n|-immune|p2a: Groudon\n|\n|-weather|SunnyDay|[upkeep]\n|upkeep\n|turn|7\n|\n|t:|1782833000\n|move|p1a: Pachirisu|Super Fang|p2a: Groudon\n|-damage|p2a: Groudon|132/263\n|move|p2a: Groudon|Thunder Wave|p1a: Pachirisu\n|-immune|p1a: Pachirisu|[from] ability: Volt Absorb\n|\n|-weather|SunnyDay|[upkeep]\n|-heal|p2a: Groudon|148/263|[from] item: Leftovers\n|upkeep\n|turn|8\n|\n|t:|1782833004\n|move|p1a: Pachirisu|Encore|p2a: Groudon\n|-start|p2a: Groudon|Encore\n|move|p2a: Groudon|Thunder Wave|p1a: Pachirisu\n|-immune|p1a: Pachirisu|[from] ability: Volt Absorb\n|\n|-weather|SunnyDay|[upkeep]\n|-heal|p2a: Groudon|164/263|[from] item: Leftovers\n|upkeep\n|turn|9\n|\n|t:|1782833012\n|switch|p2a: Muk|Muk-Alola, L82, M|306/306\n|move|p1a: Pachirisu|Super Fang|p2a: Muk\n|-damage|p2a: Muk|153/306\n|\n|-weather|SunnyDay|[upkeep]\n|upkeep\n|turn|10\n|\n|t:|1782833016\n|move|p1a: Pachirisu|Discharge|p2a: Muk\n|-damage|p2a: Muk|110/306\n|move|p2a: Muk|Gunk Shot|p1a: Pachirisu\n|-damage|p1a: Pachirisu|145/271\n|\n|-weather|none\n|upkeep\n|turn|11\n|\n|t:|1782833022\n|move|p1a: Pachirisu|Discharge|p2a: Muk\n|-damage|p2a: Muk|70/306\n|move|p2a: Muk|Drain Punch|p1a: Pachirisu\n|-damage|p1a: Pachirisu|90/271\n|-heal|p2a: Muk|98/306|[from] drain|[of] p1a: Pachirisu\n|\n|upkeep\n|turn|12\n|\n|t:|1782833030\n|move|p1a: Pachirisu|Discharge|p2a: Muk\n|-damage|p2a: Muk|61/306\n|move|p2a: Muk|Gunk Shot|p1a: Pachirisu\n|-damage|p1a: Pachirisu|0 fnt\n|faint|p1a: Pachirisu\n|\n|upkeep\n|c|\u2606nxt.realm|lets gooo no para\n|\n|t:|1782833049\n|switch|p1a: Lilligant|Lilligant-Hisui, L79, F|240/240\n|turn|13\n|\n|t:|1782833062\n|-terastallize|p1a: Lilligant|Steel\n|move|p1a: Lilligant|Victory Dance|p1a: Lilligant\n|-boost|p1a: Lilligant|atk|1\n|-boost|p1a: Lilligant|def|1\n|-boost|p1a: Lilligant|spe|1\n|move|p2a: Muk|Gunk Shot|p1a: Lilligant\n|-immune|p1a: Lilligant\n|\n|upkeep\n|turn|14\n|\n|t:|1782833075\n|move|p1a: Lilligant|Ice Spinner|p2a: Muk|[miss]\n|-miss|p1a: Lilligant|p2a: Muk\n|move|p2a: Muk|Knock Off|p1a: Lilligant\n|-damage|p1a: Lilligant|159/240\n|-enditem|p1a: Lilligant|Life Orb|[from] move: Knock Off|[of] p2a: Muk\n|\n|upkeep\n|turn|15\n|\n|t:|1782833081\n|move|p1a: Lilligant|Ice Spinner|p2a: Muk\n|-damage|p2a: Muk|0 fnt\n|faint|p2a: Muk\n|\n|upkeep\n|\n|t:|1782833096\n|switch|p2a: Toxapex|Toxapex, L82, F|216/216\n|turn|16\n|\n|t:|1782833107\n|move|p1a: Lilligant|Leaf Blade|p2a: Toxapex\n|-damage|p2a: Toxapex|86/216\n|-damage|p1a: Lilligant|119/240|[from] item: Rocky Helmet|[of] p2a: Toxapex\n|move|p2a: Toxapex|Haze|p2a: Toxapex\n|-clearallboost\n|\n|upkeep\n|turn|17\n|\n|t:|1782833113\n|move|p1a: Lilligant|Leaf Blade|p2a: Toxapex\n|-damage|p2a: Toxapex|4/216\n|-damage|p1a: Lilligant|79/240|[from] item: Rocky Helmet|[of] p2a: Toxapex\n|move|p2a: Toxapex|Recover|p2a: Toxapex\n|-heal|p2a: Toxapex|112/216\n|\n|upkeep\n|turn|18\n|\n|t:|1782833119\n|move|p1a: Lilligant|Victory Dance|p1a: Lilligant\n|-boost|p1a: Lilligant|atk|1\n|-boost|p1a: Lilligant|def|1\n|-boost|p1a: Lilligant|spe|1\n|move|p2a: Toxapex|Recover|p2a: Toxapex\n|-heal|p2a: Toxapex|216/216\n|\n|upkeep\n|turn|19\n|\n|t:|1782833124\n|switch|p1a: Raging Bolt|Raging Bolt, L78|323/323\n|move|p2a: Toxapex|Liquidation|p1a: Raging Bolt\n|-resisted|p1a: Raging Bolt\n|-damage|p1a: Raging Bolt|292/323\n|\n|-heal|p1a: Raging Bolt|312/323|[from] item: Leftovers\n|upkeep\n|turn|20\n|\n|t:|1782833135\n|switch|p2a: Groudon|Groudon, L72|164/263\n|-weather|SunnyDay|[from] ability: Drought|[of] p2a: Groudon\n|-activate|p1a: Raging Bolt|ability: Protosynthesis\n|-start|p1a: Raging Bolt|protosynthesisspa\n|move|p1a: Raging Bolt|Draco Meteor|p2a: Groudon\n|-damage|p2a: Groudon|0 fnt\n|-unboost|p1a: Raging Bolt|spa|2\n|faint|p2a: Groudon\n|\n|-weather|SunnyDay|[upkeep]\n|-heal|p1a: Raging Bolt|323/323|[from] item: Leftovers\n|upkeep\n|\n|t:|1782833143\n|switch|p2a: Mabosstiff|Mabosstiff, L86, F|278/278\n|turn|21\n|\n|t:|1782833151\n|-end|p1a: Raging Bolt|Protosynthesis|[silent]\n|switch|p1a: Lilligant|Lilligant-Hisui, L79, F, tera:Steel|79/240\n|move|p2a: Mabosstiff|Play Rough|p1a: Lilligant|[miss]\n|-miss|p2a: Mabosstiff|p1a: Lilligant\n|\n|-weather|SunnyDay|[upkeep]\n|upkeep\n|turn|22\n|\n|t:|1782833164\n|move|p1a: Lilligant|Victory Dance|p1a: Lilligant\n|-boost|p1a: Lilligant|atk|1\n|-boost|p1a: Lilligant|def|1\n|-boost|p1a: Lilligant|spe|1\n|move|p2a: Mabosstiff|Play Rough|p1a: Lilligant\n|-resisted|p1a: Lilligant\n|-damage|p1a: Lilligant|33/240\n|-unboost|p1a: Lilligant|atk|1\n|\n|-weather|SunnyDay|[upkeep]\n|upkeep\n|turn|23\n|\n|t:|1782833168\n|move|p1a: Lilligant|Close Combat|p2a: Mabosstiff\n|-supereffective|p2a: Mabosstiff\n|-damage|p2a: Mabosstiff|0 fnt\n|-unboost|p1a: Lilligant|def|1\n|-unboost|p1a: Lilligant|spd|1\n|faint|p2a: Mabosstiff\n|\n|-weather|SunnyDay|[upkeep]\n|upkeep\n|\n|t:|1782833171\n|switch|p2a: Toxapex|Toxapex, L82, F|216/216\n|turn|24\n|\n|t:|1782833177\n|switch|p1a: Raging Bolt|Raging Bolt, L78|323/323\n|-activate|p1a: Raging Bolt|ability: Protosynthesis\n|-start|p1a: Raging Bolt|protosynthesisspa\n|move|p2a: Toxapex|Toxic Spikes|p1a: Raging Bolt\n|-sidestart|p1: Smell Ya Now|move: Toxic Spikes\n|\n|-weather|none\n|-end|p1a: Raging Bolt|Protosynthesis\n|upkeep\n|turn|25\n|\n|t:|1782833185\n|move|p1a: Raging Bolt|Thunderbolt|p2a: Toxapex\n|-supereffective|p2a: Toxapex\n|-damage|p2a: Toxapex|60/216\n|move|p2a: Toxapex|Toxic Spikes|p1a: Raging Bolt\n|-sidestart|p1: Smell Ya Now|move: Toxic Spikes\n|\n|upkeep\n|turn|26\n|\n|t:|1782833193\n|move|p1a: Raging Bolt|Thunderbolt|p2a: Toxapex\n|-supereffective|p2a: Toxapex\n|-damage|p2a: Toxapex|0 fnt\n|faint|p2a: Toxapex\n|\n|upkeep\n|\n|t:|1782833219\n|switch|p2a: Klawf|Klawf, L90, M|272/272\n|turn|27\n|\n|t:|1782833243\n|move|p2a: Klawf|Swords Dance|p2a: Klawf\n|-boost|p2a: Klawf|atk|2\n|move|p1a: Raging Bolt|Thunderbolt|p2a: Klawf\n|-damage|p2a: Klawf|122/272\n|-status|p2a: Klawf|par\n|-ability|p2a: Klawf|Anger Shell|boost\n|-boost|p2a: Klawf|atk|1\n|-boost|p2a: Klawf|spa|1\n|-boost|p2a: Klawf|spe|1\n|-unboost|p2a: Klawf|def|1\n|-unboost|p2a: Klawf|spd|1\n|-enditem|p2a: Klawf|Sitrus Berry|[eat]\n|-heal|p2a: Klawf|190/272 par|[from] item: Sitrus Berry\n|\n|upkeep\n|turn|28\n|c|\u2606nxt.realm|OFC U PARA\n|\n|t:|1782833256\n|move|p1a: Raging Bolt|Draco Meteor|p2a: Klawf\n|-damage|p2a: Klawf|0 fnt\n|-unboost|p1a: Raging Bolt|spa|2\n|faint|p2a: Klawf\n|\n|win|Smell Ya Now\n|raw|Smell Ya Now's rating: 1654 &rarr; <strong>1672</strong><br />(+18 for winning)\n|raw|nxt.realm's rating: 1625 &rarr; <strong>1607</strong><br />(-18 for losing)\n|l|\u2606Smell Ya Now\n|player|p1|\n", "inputlog": ">version f8ac14003a5f27e1bdc8d8c59608a773c1cb96e5\n>start {\"formatid\":\"gen9randombattle\",\"seed\":\"sodium,0db5898c431f7b0358bb31b0364e425d\",\"rated\":\"Rated battle\"}\n>player p1 {\"name\":\"Smell Ya Now\",\"avatar\":\"blue\",\"rating\":1654,\"seed\":\"sodium,dbef7b41eb466e74cec3bbde196abab7\"}\n>player p2 {\"name\":\"nxt.realm\",\"avatar\":\"2\",\"rating\":1625,\"seed\":\"sodium,bd166342dad6d5236b3ff079581b8e02\"}\n>p1 switch 4\n>p2 move swordsdance\n>p1 move earthquake\n>p2 move playrough\n>p1 move earthquake\n>p2 move playrough\n>p1 switch 3\n>p1 move shadowball\n>p2 move shadowsneak\n>p2 switch 4\n>p1 move shadowball\n>p2 move liquidation\n>p1 switch 5\n>p1 move discharge\n>p2 switch 6\n>p1 move superfang\n>p2 move thunderwave\n>p1 move encore\n>p2 move precipiceblades\n>p1 move superfang\n>p2 switch 3\n>p1 move discharge\n>p2 move gunkshot\n>p1 move discharge\n>p2 move drainpunch\n>p1 move discharge\n>p2 move gunkshot\n>chat \u2606nxt.realm|lets gooo no para\n>p1 switch 6\n>p1 move victorydance terastallize\n>p2 move gunkshot\n>p1 move icespinner\n>p2 move knockoff\n>p1 move icespinner\n>p2 move drainpunch\n>p2 switch 6\n>p1 move leafblade\n>p2 move haze\n>p1 move leafblade\n>p2 move recover\n>p1 move victorydance\n>p2 move recover\n>p1 switch 4\n>p2 move liquidation\n>p1 move dracometeor\n>p2 switch 3\n>p2 switch 2\n>p1 switch 4\n>p2 move playrough\n>p1 move victorydance\n>p2 move playrough\n>p1 move closecombat\n>p2 move playrough\n>p2 switch 3\n>p1 switch 4\n>p2 move toxicspikes\n>p1 move thunderbolt\n>p2 move toxicspikes\n>p1 move thunderbolt\n>p2 move recover\n>p2 switch 5\n>p1 move thunderbolt\n>p2 move swordsdance\n>chat \u2606nxt.realm|OFC U PARA\n>p1 move dracometeor\n>p2 move highhorsepower", "uploadtime": 1782833263, "views": 3, "formatid": "gen9randombattle", "rating": 1607, "private": 0, "password": null, "player_dets": [{"name": "Smell Ya Now", "avatar": "blue", "rating": 1654, "seed": "sodium,dbef7b41eb466e74cec3bbde196abab7"}, {"name": "nxt.realm", "avatar": "2", "rating": 1625, "seed": "sodium,bd166342dad6d5236b3ff079581b8e02"}], "teams_full": [{"Raging Bolt": {"name": "Raging Bolt", "species": "Raging Bolt", "speciesId": "ragingbolt", "gender": "N", "shiny": false, "level": 78, "moves": ["calmmind", "thunderbolt", "thunderclap", "dracometeor"], "ability": "Protosynthesis", "evs": {"hp": 85, "atk": 0, "def": 85, "spa": 85, "spd": 85, "spe": 85}, "ivs": {"hp": 31, "atk": 0, "def": 31, "spa": 31, "spd": 31, "spe": 31}, "item": "Leftovers", "teraType": "Electric", "role": "Bulky Setup", "bvs": {"hp": 125, "atk": 73, "def": 91, "spa": 137, "spd": 89, "spe": 75}, "stats": {"hp": 323, "atk": 118, "def": 187, "spa": 259, "spd": 184, "spe": 162}, "types": ["Electric", "Dragon"]}, "Scovillain": {"name": "Scovillain", "species": "Scovillain", "speciesId": "scovillain", "gender": "F", "shiny": false, "level": 91, "moves": ["overheat", "flamethrower", "leafstorm", "energyball"], "ability": "Chlorophyll", "evs": {"hp": 85, "atk": 0, "def": 85, "spa": 85, "spd": 85, "spe": 85}, "ivs": {"hp": 31, "atk": 0, "def": 31, "spa": 31, "spd": 31, "spe": 31}, "item": "Choice Specs", "teraType": "Fire", "role": "Fast Attacker", "bvs": {"hp": 65, "atk": 108, "def": 65, "spa": 108, "spd": 65, "spe": 75}, "stats": {"hp": 266, "atk": 201, "def": 170, "spa": 248, "spd": 170, "spe": 188}, "types": ["Grass", "Fire"]}, "Mismagius": {"name": "Mismagius", "species": "Mismagius", "speciesId": "mismagius", "gender": "M", "shiny": false, "level": 86, "moves": ["shadowball", "terablast", "substitute", "nastyplot"], "ability": "Levitate", "evs": {"hp": 85, "atk": 0, "def": 85, "spa": 85, "spd": 85, "spe": 85}, "ivs": {"hp": 31, "atk": 0, "def": 31, "spa": 31, "spd": 31, "spe": 31}, "item": "Leftovers", "teraType": "Fighting", "role": "Tera Blast user", "bvs": {"hp": 60, "atk": 60, "def": 60, "spa": 105, "spd": 105, "spe": 105}, "stats": {"hp": 243, "atk": 108, "def": 152, "spa": 230, "spd": 230, "spe": 230}, "types": ["Ghost"]}, "Sandslash": {"name": "Sandslash", "species": "Sandslash", "speciesId": "sandslash", "gender": "F", "shiny": false, "level": 89, "moves": ["swordsdance", "earthquake", "stoneedge", "rapidspin"], "ability": "Sand Rush", "evs": {"hp": 85, "atk": 85, "def": 85, "spa": 85, "spd": 85, "spe": 85}, "ivs": {"hp": 31, "atk": 31, "def": 31, "spa": 31, "spd": 31, "spe": 31}, "item": "Leftovers", "teraType": "Dragon", "role": "Bulky Support", "bvs": {"hp": 75, "atk": 100, "def": 110, "spa": 45, "spd": 55, "spe": 65}, "stats": {"hp": 278, "atk": 229, "def": 247, "spa": 131, "spd": 149, "spe": 166}, "types": ["Ground"]}, "Pachirisu": {"name": "Pachirisu", "species": "Pachirisu", "speciesId": "pachirisu", "gender": "M", "shiny": false, "level": 96, "moves": ["superfang", "uturn", "discharge", "encore"], "ability": "Volt Absorb", "evs": {"hp": 85, "atk": 85, "def": 85, "spa": 85, "spd": 85, "spe": 85}, "ivs": {"hp": 31, "atk": 31, "def": 31, "spa": 31, "spd": 31, "spe": 31}, "item": "Heavy-Duty Boots", "teraType": "Flying", "role": "Fast Support", "bvs": {"hp": 60, "atk": 45, "def": 70, "spa": 45, "spd": 90, "spe": 95}, "stats": {"hp": 271, "atk": 141, "def": 189, "spa": 141, "spd": 227, "spe": 237}, "types": ["Electric"]}, "Lilligant": {"name": "Lilligant", "species": "Lilligant-Hisui", "speciesId": "lilliganthisui", "gender": "F", "shiny": false, "level": 79, "moves": ["leafblade", "icespinner", "victorydance", "closecombat"], "ability": "Hustle", "evs": {"hp": 85, "atk": 85, "def": 85, "spa": 85, "spd": 85, "spe": 85}, "ivs": {"hp": 31, "atk": 31, "def": 31, "spa": 31, "spd": 31, "spe": 31}, "item": "Life Orb", "teraType": "Steel", "role": "Setup Sweeper", "bvs": {"hp": 70, "atk": 105, "def": 75, "spa": 50, "spd": 75, "spe": 105}, "stats": {"hp": 240, "atk": 211, "def": 164, "spa": 125, "spd": 164, "spe": 211}, "types": ["Grass", "Fighting"]}}, {"Mimikyu": {"name": "Mimikyu", "species": "Mimikyu", "speciesId": "mimikyu", "gender": "F", "shiny": false, "level": 79, "moves": ["drainpunch", "shadowsneak", "swordsdance", "playrough"], "ability": "Disguise", "evs": {"hp": 85, "atk": 85, "def": 85, "spa": 85, "spd": 85, "spe": 85}, "ivs": {"hp": 31, "atk": 31, "def": 31, "spa": 31, "spd": 31, "spe": 31}, "item": "Life Orb", "teraType": "Fairy", "role": "Setup Sweeper", "bvs": {"hp": 55, "atk": 90, "def": 80, "spa": 50, "spd": 105, "spe": 96}, "stats": {"hp": 216, "atk": 188, "def": 172, "spa": 125, "spd": 211, "spe": 197}, "types": ["Ghost", "Fairy"]}, "Mabosstiff": {"name": "Mabosstiff", "species": "Mabosstiff", "speciesId": "mabosstiff", "gender": "F", "shiny": false, "level": 86, "moves": ["playrough", "psychicfangs", "wildcharge", "crunch"], "ability": "Stakeout", "evs": {"hp": 85, "atk": 85, "def": 85, "spa": 85, "spd": 85, "spe": 85}, "ivs": {"hp": 31, "atk": 31, "def": 31, "spa": 31, "spd": 31, "spe": 31}, "item": "Choice Band", "teraType": "Fairy", "role": "Bulky Attacker", "bvs": {"hp": 80, "atk": 120, "def": 90, "spa": 60, "spd": 70, "spe": 85}, "stats": {"hp": 278, "atk": 256, "def": 204, "spa": 152, "spd": 170, "spe": 195}, "types": ["Dark"]}, "Muk": {"name": "Muk", "species": "Muk-Alola", "speciesId": "mukalola", "gender": "M", "shiny": false, "level": 82, "moves": ["icepunch", "gunkshot", "knockoff", "drainpunch"], "ability": "Poison Touch", "evs": {"hp": 85, "atk": 85, "def": 85, "spa": 85, "spd": 85, "spe": 85}, "ivs": {"hp": 31, "atk": 31, "def": 31, "spa": 31, "spd": 31, "spe": 31}, "item": "Assault Vest", "teraType": "Fighting", "role": "AV Pivot", "bvs": {"hp": 105, "atk": 105, "def": 75, "spa": 65, "spd": 100, "spe": 50}, "stats": {"hp": 306, "atk": 219, "def": 170, "spa": 154, "spd": 211, "spe": 129}, "types": ["Poison", "Dark"]}, "Toxapex": {"name": "Toxapex", "species": "Toxapex", "speciesId": "toxapex", "gender": "F", "shiny": false, "level": 82, "moves": ["liquidation", "toxicspikes", "haze", "recover"], "ability": "Regenerator", "evs": {"hp": 85, "atk": 85, "def": 85, "spa": 85, "spd": 85, "spe": 85}, "ivs": {"hp": 31, "atk": 31, "def": 31, "spa": 31, "spd": 31, "spe": 31}, "item": "Rocky Helmet", "teraType": "Grass", "role": "Bulky Support", "bvs": {"hp": 50, "atk": 63, "def": 152, "spa": 53, "spd": 142, "spe": 35}, "stats": {"hp": 216, "atk": 150, "def": 296, "spa": 134, "spd": 280, "spe": 105}, "types": ["Poison", "Water"]}, "Klawf": {"name": "Klawf", "species": "Klawf", "speciesId": "klawf", "gender": "M", "shiny": false, "level": 90, "moves": ["stoneedge", "knockoff", "highhorsepower", "swordsdance"], "ability": "Anger Shell", "evs": {"hp": 85, "atk": 85, "def": 85, "spa": 85, "spd": 85, "spe": 85}, "ivs": {"hp": 31, "atk": 31, "def": 31, "spa": 31, "spd": 31, "spe": 31}, "item": "Sitrus Berry", "teraType": "Dark", "role": "Setup Sweeper", "bvs": {"hp": 70, "atk": 100, "def": 115, "spa": 35, "spd": 55, "spe": 75}, "stats": {"hp": 272, "atk": 231, "def": 258, "spa": 114, "spd": 150, "spe": 186}, "types": ["Rock"]}, "Groudon": {"name": "Groudon", "species": "Groudon", "speciesId": "groudon", "gender": "N", "shiny": false, "level": 72, "moves": ["precipiceblades", "heatcrash", "thunderwave", "swordsdance"], "ability": "Drought", "evs": {"hp": 85, "atk": 85, "def": 85, "spa": 85, "spd": 85, "spe": 85}, "ivs": {"hp": 31, "atk": 31, "def": 31, "spa": 31, "spd": 31, "spe": 31}, "item": "Leftovers", "teraType": "Fire", "role": "Bulky Setup", "bvs": {"hp": 100, "atk": 150, "def": 140, "spa": 100, "spd": 90, "spe": 90}, "stats": {"hp": 263, "atk": 258, "def": 244, "spa": 186, "spd": 172, "spe": 172}, "types": ["Ground"]}}]}