{"id": "gen9randombattle-2641466734", "format": "[Gen 9] Random Battle", "players": ["somethingmagical", "My Life is Dance \u2764"], "log": "|badge|p1|bronze|gen9randombattle|100-9\n|html|<div class=\"broadcast-red\"><strong>This battle is required to be public due to one or more player having a season medal.</strong><br />During the public phase, you can discuss the state of the ladder <a href=\"/seasondiscussion\">in a special chatroom.</a></div>\n|uhtml|medal-msg|<div class=\"broadcast-blue\">Curious what those medals under the avatar are? PS now has Ladder Seasons! For more information, check out the <a href=\"https://www.smogon.com/forums/threads/3740067/\">thread on Smogon.</a></div>\n|badge|p2|bronze|gen9randombattle|100-9\n|uhtml|medal-msg|<div class=\"broadcast-blue\">Curious what those medals under the avatar are? PS now has Ladder Seasons! For more information, check out the <a href=\"https://www.smogon.com/forums/threads/3740067/\">thread on Smogon.</a></div>\n|raw|<div class=\"broadcast-blue\"><strong>This battle is required to be public due to a player having a name starting with 'medal'.</div>\n|j|\u2606somethingmagical\n|j|\u2606My Life is Dance \u2764\n|t:|1782789229\n|gametype|singles\n|player|p1|somethingmagical|benga|2257\n|player|p2|My Life is Dance \u2764|tierno|2296\n|gen|9\n|tier|[Gen 9] Random Battle\n|rated|\n|rule|Species Clause: Limit one of each Pok\u00e9mon\n|rule|HP Percentage Mod: HP is shown in percentages\n|rule|Sleep Clause Mod: Limit one foe put to sleep\n|rule|Illusion Level Mod: Illusion disguises the Pok\u00e9mon's true level\n|\n|t:|1782789229\n|teamsize|p1|6\n|teamsize|p2|6\n|start\n|switch|p1a: Regidrago|Regidrago, L77|435/435\n|switch|p2a: Scream Tail|Scream Tail, L84|330/330\n|turn|1\n|\n|t:|1782789237\n|switch|p1a: Quagsire|Quagsire, L84, M|297/297\n|move|p2a: Scream Tail|Thunder Wave|p1a: Quagsire\n|-immune|p1a: Quagsire\n|\n|upkeep\n|turn|2\n|inactive|Battle timer is ON: inactive players will automatically lose when time's up. (requested by My Life is Dance \u2764)\n|\n|t:|1782789245\n|-end|p2a: Scream Tail|Protosynthesis|[silent]\n|switch|p2a: Houndstone|Houndstone, L86, M|264/264\n|move|p1a: Quagsire|Toxic|p2a: Houndstone\n|-status|p2a: Houndstone|tox\n|\n|-damage|p2a: Houndstone|248/264 tox|[from] psn\n|upkeep\n|turn|3\n|\n|t:|1782789262\n|move|p2a: Houndstone|Poltergeist|p1a: Quagsire\n|-activate|p1a: Quagsire|move: Poltergeist|Leftovers\n|-damage|p1a: Quagsire|159/297\n|move|p1a: Quagsire|Spikes|p2a: Houndstone\n|-sidestart|p2: My Life is Dance \u2764|Spikes\n|\n|-heal|p2a: Houndstone|264/264 tox|[from] item: Leftovers\n|-heal|p1a: Quagsire|177/297|[from] item: Leftovers\n|-damage|p2a: Houndstone|232/264 tox|[from] psn\n|upkeep\n|turn|4\n|\n|t:|1782789269\n|move|p2a: Houndstone|Poltergeist|p1a: Quagsire\n|-activate|p1a: Quagsire|move: Poltergeist|Leftovers\n|-damage|p1a: Quagsire|48/297\n|move|p1a: Quagsire|Recover|p1a: Quagsire\n|-heal|p1a: Quagsire|197/297\n|\n|-heal|p2a: Houndstone|248/264 tox|[from] item: Leftovers\n|-heal|p1a: Quagsire|215/297|[from] item: Leftovers\n|-damage|p2a: Houndstone|200/264 tox|[from] psn\n|upkeep\n|turn|5\n|\n|t:|1782789272\n|move|p2a: Houndstone|Poltergeist|p1a: Quagsire\n|-activate|p1a: Quagsire|move: Poltergeist|Leftovers\n|-damage|p1a: Quagsire|82/297\n|move|p1a: Quagsire|Recover|p1a: Quagsire\n|-heal|p1a: Quagsire|231/297\n|\n|-heal|p2a: Houndstone|216/264 tox|[from] item: Leftovers\n|-heal|p1a: Quagsire|249/297|[from] item: Leftovers\n|-damage|p2a: Houndstone|152/264 tox|[from] psn\n|upkeep\n|turn|6\n|\n|t:|1782789275\n|move|p2a: Houndstone|Poltergeist|p1a: Quagsire\n|-activate|p1a: Quagsire|move: Poltergeist|Leftovers\n|-damage|p1a: Quagsire|123/297\n|move|p1a: Quagsire|Recover|p1a: Quagsire\n|-heal|p1a: Quagsire|272/297\n|\n|-heal|p2a: Houndstone|168/264 tox|[from] item: Leftovers\n|-heal|p1a: Quagsire|290/297|[from] item: Leftovers\n|-damage|p2a: Houndstone|88/264 tox|[from] psn\n|upkeep\n|turn|7\n|\n|t:|1782789280\n|move|p2a: Houndstone|Rest|p2a: Houndstone\n|-status|p2a: Houndstone|slp|[from] move: Rest\n|-heal|p2a: Houndstone|264/264 slp|[silent]\n|move|p1a: Quagsire|Spikes|p2a: Houndstone\n|-sidestart|p2: My Life is Dance \u2764|Spikes\n|\n|-heal|p1a: Quagsire|297/297|[from] item: Leftovers\n|upkeep\n|turn|8\n|\n|t:|1782789286\n|cant|p2a: Houndstone|slp\n|move|p2a: Houndstone|Sleep Talk|p2a: Houndstone\n|move|p2a: Houndstone|Rest||[from] move: Sleep Talk|[still]\n|-fail|p2a: Houndstone\n|move|p1a: Quagsire|Spikes|p2a: Houndstone\n|-sidestart|p2: My Life is Dance \u2764|Spikes\n|\n|upkeep\n|turn|9\n|\n|t:|1782789290\n|switch|p1a: Noctowl|Noctowl, L95, F|344/344\n|cant|p2a: Houndstone|slp\n|move|p2a: Houndstone|Sleep Talk|p2a: Houndstone\n|move|p2a: Houndstone|Poltergeist|p1a: Noctowl|[from] move: Sleep Talk\n|-immune|p1a: Noctowl\n|\n|upkeep\n|turn|10\n|\n|t:|1782789299\n|switch|p2a: Cresselia|Cresselia, L80, F|323/323\n|move|p1a: Noctowl|Hurricane|p2a: Cresselia|[miss]\n|-miss|p1a: Noctowl|p2a: Cresselia\n|\n|upkeep\n|turn|11\n|\n|t:|1782789305\n|switch|p1a: Quagsire|Quagsire, L84, M|297/297\n|move|p2a: Cresselia|Calm Mind|p2a: Cresselia\n|-boost|p2a: Cresselia|spa|1\n|-boost|p2a: Cresselia|spd|1\n|\n|upkeep\n|turn|12\n|\n|t:|1782789314\n|-terastallize|p2a: Cresselia|Poison\n|move|p2a: Cresselia|Psyshock|p1a: Quagsire\n|-damage|p1a: Quagsire|236/297\n|move|p1a: Quagsire|Earthquake|p2a: Cresselia\n|-immune|p2a: Cresselia|[from] ability: Levitate\n|\n|-heal|p1a: Quagsire|254/297|[from] item: Leftovers\n|upkeep\n|turn|13\n|\n|t:|1782789330\n|switch|p1a: Abomasnow|Abomasnow, L84, M|287/287\n|-weather|Snowscape|[from] ability: Snow Warning|[of] p1a: Abomasnow\n|move|p2a: Cresselia|Moonblast|p1a: Abomasnow\n|-damage|p1a: Abomasnow|210/287\n|-unboost|p1a: Abomasnow|spa|1\n|\n|-weather|Snowscape|[upkeep]\n|upkeep\n|turn|14\n|\n|t:|1782789339\n|move|p2a: Cresselia|Moonblast|p1a: Abomasnow\n|-damage|p1a: Abomasnow|132/287\n|move|p1a: Abomasnow|Aurora Veil|p1a: Abomasnow\n|-sidestart|p1: somethingmagical|move: Aurora Veil\n|\n|-weather|Snowscape|[upkeep]\n|upkeep\n|turn|15\n|\n|t:|1782789345\n|switch|p1a: Magcargo|Magcargo, L95, F|268/268\n|move|p2a: Cresselia|Moonblast|p1a: Magcargo\n|-resisted|p1a: Magcargo\n|-damage|p1a: Magcargo|251/268\n|\n|-weather|Snowscape|[upkeep]\n|upkeep\n|turn|16\n|\n|t:|1782789353\n|move|p2a: Cresselia|Calm Mind|p2a: Cresselia\n|-boost|p2a: Cresselia|spa|1\n|-boost|p2a: Cresselia|spd|1\n|move|p1a: Magcargo|Shell Smash|p1a: Magcargo\n|-unboost|p1a: Magcargo|def|1\n|-unboost|p1a: Magcargo|spd|1\n|-boost|p1a: Magcargo|atk|2\n|-boost|p1a: Magcargo|spa|2\n|-boost|p1a: Magcargo|spe|2\n|\n|-weather|Snowscape|[upkeep]\n|upkeep\n|turn|17\n|\n|t:|1782789362\n|move|p1a: Magcargo|Shell Smash|p1a: Magcargo\n|-unboost|p1a: Magcargo|def|1\n|-unboost|p1a: Magcargo|spd|1\n|-boost|p1a: Magcargo|atk|2\n|-boost|p1a: Magcargo|spa|2\n|-boost|p1a: Magcargo|spe|2\n|move|p2a: Cresselia|Calm Mind|p2a: Cresselia\n|-boost|p2a: Cresselia|spa|1\n|-boost|p2a: Cresselia|spd|1\n|\n|-weather|none\n|upkeep\n|turn|18\n|\n|t:|1782789368\n|move|p1a: Magcargo|Fire Blast|p2a: Cresselia\n|-damage|p2a: Cresselia|184/323\n|-status|p2a: Cresselia|brn\n|move|p2a: Cresselia|Calm Mind|p2a: Cresselia\n|-boost|p2a: Cresselia|spa|1\n|-boost|p2a: Cresselia|spd|1\n|\n|-heal|p2a: Cresselia|204/323 brn|[from] item: Leftovers\n|-damage|p2a: Cresselia|184/323 brn|[from] brn\n|upkeep\n|turn|19\n|\n|t:|1782789380\n|move|p1a: Magcargo|Shell Smash|p1a: Magcargo\n|-unboost|p1a: Magcargo|def|1\n|-unboost|p1a: Magcargo|spd|1\n|-boost|p1a: Magcargo|atk|2\n|-boost|p1a: Magcargo|spa|2\n|-boost|p1a: Magcargo|spe|2\n|move|p2a: Cresselia|Calm Mind|p2a: Cresselia\n|-boost|p2a: Cresselia|spa|1\n|-boost|p2a: Cresselia|spd|1\n|\n|-heal|p2a: Cresselia|204/323 brn|[from] item: Leftovers\n|-damage|p2a: Cresselia|184/323 brn|[from] brn\n|upkeep\n|turn|20\n|\n|t:|1782789391\n|move|p1a: Magcargo|Fire Blast|p2a: Cresselia\n|-damage|p2a: Cresselia|57/323 brn\n|move|p2a: Cresselia|Moonlight|p2a: Cresselia\n|-heal|p2a: Cresselia|218/323 brn\n|\n|-heal|p2a: Cresselia|238/323 brn|[from] item: Leftovers\n|-damage|p2a: Cresselia|218/323 brn|[from] brn\n|upkeep\n|turn|21\n|\n|t:|1782789399\n|move|p1a: Magcargo|Fire Blast|p2a: Cresselia|[miss]\n|-miss|p1a: Magcargo|p2a: Cresselia\n|move|p2a: Cresselia|Moonlight|p2a: Cresselia\n|-heal|p2a: Cresselia|323/323 brn\n|\n|-damage|p2a: Cresselia|303/323 brn|[from] brn\n|-sideend|p1: somethingmagical|move: Aurora Veil\n|upkeep\n|turn|22\n|\n|t:|1782789408\n|move|p1a: Magcargo|Power Gem|p2a: Cresselia\n|-damage|p2a: Cresselia|204/323 brn\n|move|p2a: Cresselia|Psyshock|p1a: Magcargo\n|-damage|p1a: Magcargo|0 fnt\n|faint|p1a: Magcargo\n|\n|-heal|p2a: Cresselia|224/323 brn|[from] item: Leftovers\n|-damage|p2a: Cresselia|204/323 brn|[from] brn\n|upkeep\n|\n|t:|1782789413\n|switch|p1a: Quagsire|Quagsire, L84, M|254/297\n|turn|23\n|\n|t:|1782789420\n|switch|p2a: Iron Jugulis|Iron Jugulis, L77|271/271\n|move|p1a: Quagsire|Spikes||[still]\n|-fail|p1a: Quagsire\n|\n|-heal|p1a: Quagsire|272/297|[from] item: Leftovers\n|upkeep\n|turn|24\n|\n|t:|1782789429\n|switch|p1a: Noctowl|Noctowl, L95, F|344/344\n|move|p2a: Iron Jugulis|Hurricane|p1a: Noctowl\n|-crit|p1a: Noctowl\n|-damage|p1a: Noctowl|124/344\n|-start|p1a: Noctowl|confusion\n|\n|upkeep\n|turn|25\n|\n|t:|1782789439\n|move|p2a: Iron Jugulis|Hurricane|p1a: Noctowl\n|-damage|p1a: Noctowl|0 fnt\n|faint|p1a: Noctowl\n|\n|upkeep\n|\n|t:|1782789440\n|switch|p1a: Plusle|Plusle, L95, M|268/268\n|turn|26\n|\n|t:|1782789455\n|-end|p2a: Iron Jugulis|Quark Drive|[silent]\n|switch|p2a: Scream Tail|Scream Tail, L84|330/330\n|-damage|p2a: Scream Tail|248/330|[from] Spikes\n|move|p1a: Plusle|Nasty Plot|p1a: Plusle\n|-boost|p1a: Plusle|spa|2\n|\n|-heal|p2a: Scream Tail|268/330|[from] item: Leftovers\n|upkeep\n|turn|27\n|\n|t:|1782789467\n|switch|p1a: Abomasnow|Abomasnow, L84, M|132/287\n|-weather|Snowscape|[from] ability: Snow Warning|[of] p1a: Abomasnow\n|move|p2a: Scream Tail|Play Rough|p1a: Abomasnow\n|-damage|p1a: Abomasnow|83/287\n|\n|-weather|Snowscape|[upkeep]\n|-heal|p2a: Scream Tail|288/330|[from] item: Leftovers\n|upkeep\n|turn|28\n|\n|t:|1782789480\n|move|p2a: Scream Tail|Thunder Wave|p1a: Abomasnow\n|-status|p1a: Abomasnow|par\n|cant|p1a: Abomasnow|par\n|\n|-weather|Snowscape|[upkeep]\n|-heal|p2a: Scream Tail|308/330|[from] item: Leftovers\n|upkeep\n|turn|29\n|\n|t:|1782789488\n|move|p2a: Scream Tail|Play Rough|p1a: Abomasnow\n|-damage|p1a: Abomasnow|31/287 par\n|move|p1a: Abomasnow|Aurora Veil|p1a: Abomasnow\n|-sidestart|p1: somethingmagical|move: Aurora Veil\n|\n|-weather|Snowscape|[upkeep]\n|-heal|p2a: Scream Tail|328/330|[from] item: Leftovers\n|upkeep\n|turn|30\n|\n|t:|1782789503\n|switch|p1a: Plusle|Plusle, L95, M|268/268\n|move|p2a: Scream Tail|Wish|p2a: Scream Tail\n|\n|-weather|Snowscape|[upkeep]\n|-heal|p2a: Scream Tail|330/330|[from] item: Leftovers\n|upkeep\n|turn|31\n|\n|t:|1782789513\n|-end|p2a: Scream Tail|Protosynthesis|[silent]\n|switch|p2a: Dipplin|Dipplin, L88, M|284/284\n|-damage|p2a: Dipplin|213/284|[from] Spikes\n|move|p1a: Plusle|Nasty Plot|p1a: Plusle\n|-boost|p1a: Plusle|spa|2\n|\n|-weather|none\n|-heal|p2a: Dipplin|284/284|[from] move: Wish|[wisher] Scream Tail\n|upkeep\n|turn|32\n|\n|t:|1782789518\n|move|p1a: Plusle|Alluring Voice|p2a: Dipplin\n|-supereffective|p2a: Dipplin\n|-damage|p2a: Dipplin|66/284\n|-damage|p1a: Plusle|242/268|[from] item: Life Orb\n|move|p2a: Dipplin|Dragon Tail|p1a: Plusle\n|-damage|p1a: Plusle|194/268\n|drag|p1a: Abomasnow|Abomasnow, L84, M|31/287 par\n|-weather|Snowscape|[from] ability: Snow Warning|[of] p1a: Abomasnow\n|\n|-weather|Snowscape|[upkeep]\n|upkeep\n|turn|33\n|\n|t:|1782789526\n|cant|p1a: Abomasnow|par\n|move|p2a: Dipplin|Recover|p2a: Dipplin\n|-heal|p2a: Dipplin|208/284\n|\n|-weather|Snowscape|[upkeep]\n|upkeep\n|turn|34\n|\n|t:|1782789537\n|move|p1a: Abomasnow|Ice Shard|p2a: Dipplin\n|-supereffective|p2a: Dipplin\n|-damage|p2a: Dipplin|112/284\n|move|p2a: Dipplin|Dragon Pulse|p1a: Abomasnow\n|-damage|p1a: Abomasnow|0 fnt\n|faint|p1a: Abomasnow\n|\n|-weather|Snowscape|[upkeep]\n|upkeep\n|\n|t:|1782789544\n|switch|p1a: Regidrago|Regidrago, L77|435/435\n|turn|35\n|\n|t:|1782789552\n|move|p1a: Regidrago|Dragon Energy|p2a: Dipplin\n|-supereffective|p2a: Dipplin\n|-crit|p2a: Dipplin\n|-damage|p2a: Dipplin|0 fnt\n|faint|p2a: Dipplin\n|\n|-weather|Snowscape|[upkeep]\n|upkeep\n|\n|t:|1782789557\n|switch|p2a: Scream Tail|Scream Tail, L84|330/330\n|-damage|p2a: Scream Tail|248/330|[from] Spikes\n|turn|36\n|\n|t:|1782789563\n|switch|p1a: Quagsire|Quagsire, L84, M|272/297\n|move|p2a: Scream Tail|Wish|p2a: Scream Tail\n|\n|-weather|none\n|-heal|p2a: Scream Tail|268/330|[from] item: Leftovers\n|-heal|p1a: Quagsire|290/297|[from] item: Leftovers\n|-sideend|p1: somethingmagical|move: Aurora Veil\n|upkeep\n|turn|37\n|\n|t:|1782789566\n|-end|p2a: Scream Tail|Protosynthesis|[silent]\n|switch|p2a: Iron Jugulis|Iron Jugulis, L77|271/271\n|switch|p1a: Plusle|Plusle, L95, M|194/268\n|\n|upkeep\n|turn|38\n|\n|t:|1782789583\n|-end|p2a: Iron Jugulis|Quark Drive|[silent]\n|switch|p2a: Scream Tail|Scream Tail, L84|268/330\n|-damage|p2a: Scream Tail|186/330|[from] Spikes\n|move|p1a: Plusle|Thunderbolt|p2a: Scream Tail\n|-damage|p2a: Scream Tail|69/330\n|-damage|p1a: Plusle|168/268|[from] item: Life Orb\n|\n|-heal|p2a: Scream Tail|89/330|[from] item: Leftovers\n|upkeep\n|turn|39\n|\n|t:|1782789587\n|move|p2a: Scream Tail|Play Rough|p1a: Plusle\n|-damage|p1a: Plusle|51/268\n|move|p1a: Plusle|Thunderbolt|p2a: Scream Tail\n|-damage|p2a: Scream Tail|0 fnt\n|faint|p2a: Scream Tail\n|-end|p2a: Scream Tail|Protosynthesis|[silent]\n|-damage|p1a: Plusle|25/268|[from] item: Life Orb\n|\n|upkeep\n|\n|t:|1782789590\n|switch|p2a: Pyroar|Pyroar, L88, M|295/295\n|-ability|p2a: Pyroar|Unnerve\n|turn|40\n|\n|t:|1782789604\n|switch|p1a: Quagsire|Quagsire, L84, M|290/297\n|move|p2a: Pyroar|Hyper Voice|p1a: Quagsire\n|-damage|p1a: Quagsire|158/297\n|\n|-heal|p1a: Quagsire|176/297|[from] item: Leftovers\n|upkeep\n|turn|41\n|\n|t:|1782789607\n|switch|p2a: Iron Jugulis|Iron Jugulis, L77|271/271\n|move|p1a: Quagsire|Recover|p1a: Quagsire\n|-heal|p1a: Quagsire|297/297\n|\n|upkeep\n|turn|42\n|\n|t:|1782789618\n|move|p2a: Iron Jugulis|Dark Pulse|p1a: Quagsire\n|-damage|p1a: Quagsire|132/297\n|cant|p1a: Quagsire|flinch\n|\n|-heal|p1a: Quagsire|150/297|[from] item: Leftovers\n|upkeep\n|turn|43\n|\n|t:|1782789627\n|move|p2a: Iron Jugulis|Dark Pulse|p1a: Quagsire\n|-damage|p1a: Quagsire|0 fnt\n|faint|p1a: Quagsire\n|\n|upkeep\n|\n|t:|1782789629\n|switch|p1a: Plusle|Plusle, L95, M|25/268\n|turn|44\n|inactive|My Life is Dance \u2764 has 120 seconds left.\n|inactive|My Life is Dance \u2764 has 90 seconds left.\n|\n|t:|1782789691\n|move|p1a: Plusle|Thunderbolt|p2a: Iron Jugulis\n|-supereffective|p2a: Iron Jugulis\n|-damage|p2a: Iron Jugulis|0 fnt\n|faint|p2a: Iron Jugulis\n|-end|p2a: Iron Jugulis|Quark Drive|[silent]\n|-damage|p1a: Plusle|0 fnt|[from] item: Life Orb\n|faint|p1a: Plusle\n|\n|upkeep\n|\n|t:|1782789695\n|switch|p1a: Regidrago|Regidrago, L77|435/435\n|switch|p2a: Pyroar|Pyroar, L88, M|295/295\n|-ability|p2a: Pyroar|Unnerve\n|turn|45\n|\n|t:|1782789698\n|-terastallize|p1a: Regidrago|Dragon\n|move|p1a: Regidrago|Dragon Energy|p2a: Pyroar\n|-damage|p2a: Pyroar|0 fnt\n|faint|p2a: Pyroar\n|\n|upkeep\n|\n|t:|1782789700\n|switch|p2a: Houndstone|Houndstone, L86, M|264/264 slp\n|-damage|p2a: Houndstone|198/264 slp|[from] Spikes\n|turn|46\n|\n|t:|1782789707\n|move|p1a: Regidrago|Dragon Energy|p2a: Houndstone\n|-damage|p2a: Houndstone|0 fnt\n|faint|p2a: Houndstone\n|\n|upkeep\n|-message|My Life is Dance \u2764 forfeited.\n|\n|win|somethingmagical\n", "inputlog": ">version f8ac14003a5f27e1bdc8d8c59608a773c1cb96e5\n>start {\"formatid\":\"gen9randombattle\",\"seed\":\"sodium,c6cdfe9e5d2ce7c4c3759467f002fde3\",\"rated\":\"Rated battle\"}\n>player p1 {\"name\":\"somethingmagical\",\"avatar\":\"benga\",\"rating\":2257,\"seed\":\"sodium,5e1b340a05c4d536b48f93328e2226d6\"}\n>player p2 {\"name\":\"My Life is Dance \u2764\",\"avatar\":\"tierno\",\"rating\":2296,\"seed\":\"sodium,719b40e9d6dfe91a9e1ae3141246f7fa\"}\n>p1 switch 3\n>p2 move thunderwave\n>p1 move toxic\n>p2 switch 2\n>p1 move spikes\n>p2 move poltergeist\n>p1 move recover\n>p2 move poltergeist\n>p1 move recover\n>p2 move poltergeist\n>p1 move recover\n>p2 move poltergeist\n>p1 move spikes\n>p2 move rest\n>p1 move spikes\n>p2 move sleeptalk\n>p1 switch 4\n>p2 move sleeptalk\n>p1 move hurricane\n>p2 switch 3\n>p1 switch 4\n>p2 move calmmind\n>p1 move earthquake\n>p2 move psyshock terastallize\n>p1 switch 2\n>p2 move moonblast\n>p1 move auroraveil\n>p2 move moonblast\n>p1 switch 5\n>p2 move moonblast\n>p1 move shellsmash\n>p2 move calmmind\n>p1 move shellsmash\n>p2 move calmmind\n>p1 move fireblast\n>p2 move calmmind\n>p1 move shellsmash\n>p2 move calmmind\n>p1 move fireblast\n>p2 move moonlight\n>p1 move fireblast\n>p2 move moonlight\n>p1 move powergem\n>p2 move psyshock\n>p1 switch 2\n>p1 move spikes\n>p2 switch 6\n>p1 switch 4\n>p2 move hurricane\n>p1 move roost\n>p2 move hurricane\n>p1 switch 6\n>p1 move nastyplot\n>p2 switch 2\n>p1 switch 5\n>p2 move playrough\n>p1 move auroraveil\n>p2 move thunderwave\n>p1 move auroraveil\n>p2 move playrough\n>p1 switch 5\n>p2 move wish\n>p1 move nastyplot\n>p2 switch 5\n>p1 move alluringvoice\n>p2 move dragontail\n>p1 move iceshard\n>p2 move recover\n>p1 move iceshard\n>p2 move dragonpulse\n>p1 switch 3\n>p1 move dragonenergy\n>p2 move dragontail\n>p2 switch 5\n>p1 switch 4\n>p2 move wish\n>p1 switch 5\n>p2 switch 2\n>p1 move thunderbolt\n>p2 switch 2\n>p1 move thunderbolt\n>p2 move playrough\n>p2 switch 4\n>p1 switch 5\n>p2 move hypervoice\n>p1 move recover\n>p2 switch 2\n>p1 move toxic\n>p2 move darkpulse\n>p1 move toxic\n>p2 move darkpulse\n>p1 switch 5\n>p1 move thunderbolt\n>p2 move darkpulse\n>p1 switch 4\n>p2 switch 2\n>p1 move dragonenergy terastallize\n>p2 move hypervoice\n>p2 switch 3\n>p1 move dragonenergy\n>p2 move poltergeist\n>forcelose p2", "uploadtime": 1782789232, "views": 5, "formatid": "gen9randombattle", "rating": null, "private": 0, "password": null, "player_dets": [{"name": "somethingmagical", "avatar": "benga", "rating": 2257, "seed": "sodium,5e1b340a05c4d536b48f93328e2226d6"}, {"name": "My Life is Dance \u2764", "avatar": "tierno", "rating": 2296, "seed": "sodium,719b40e9d6dfe91a9e1ae3141246f7fa"}], "teams_full": [{"Regidrago": {"name": "Regidrago", "species": "Regidrago", "speciesId": "regidrago", "gender": "N", "shiny": false, "level": 77, "moves": ["earthquake", "dracometeor", "dragonenergy", "outrage"], "ability": "Dragon's Maw", "evs": {"hp": 85, "atk": 85, "def": 85, "spa": 85, "spd": 85, "spe": 85}, "ivs": {"hp": 31, "atk": 31, "def": 31, "spa": 31, "spd": 31, "spe": 31}, "item": "Choice Scarf", "teraType": "Dragon", "role": "Fast Attacker", "bvs": {"hp": 200, "atk": 100, "def": 50, "spa": 100, "spd": 50, "spe": 80}, "stats": {"hp": 435, "atk": 199, "def": 122, "spa": 199, "spd": 122, "spe": 168}, "types": ["Dragon"]}, "Abomasnow": {"name": "Abomasnow", "species": "Abomasnow", "speciesId": "abomasnow", "gender": "M", "shiny": false, "level": 84, "moves": ["auroraveil", "iceshard", "blizzard", "earthquake"], "ability": "Snow Warning", "evs": {"hp": 77, "atk": 85, "def": 85, "spa": 85, "spd": 85, "spe": 85}, "ivs": {"hp": 31, "atk": 31, "def": 31, "spa": 31, "spd": 31, "spe": 31}, "item": "Light Clay", "teraType": "Water", "role": "Bulky Support", "bvs": {"hp": 90, "atk": 92, "def": 75, "spa": 92, "spd": 85, "spe": 60}, "stats": {"hp": 287, "atk": 203, "def": 174, "spa": 203, "spd": 191, "spe": 149}, "types": ["Grass", "Ice"]}, "Quagsire": {"name": "Quagsire", "species": "Quagsire", "speciesId": "quagsire", "gender": "M", "shiny": false, "level": 84, "moves": ["recover", "earthquake", "toxic", "spikes"], "ability": "Unaware", "evs": {"hp": 85, "atk": 85, "def": 85, "spa": 85, "spd": 85, "spe": 85}, "ivs": {"hp": 31, "atk": 31, "def": 31, "spa": 31, "spd": 31, "spe": 31}, "item": "Leftovers", "teraType": "Fairy", "role": "Bulky Support", "bvs": {"hp": 95, "atk": 85, "def": 85, "spa": 65, "spd": 65, "spe": 35}, "stats": {"hp": 297, "atk": 191, "def": 191, "spa": 157, "spd": 157, "spe": 107}, "types": ["Water", "Ground"]}, "Noctowl": {"name": "Noctowl", "species": "Noctowl", "speciesId": "noctowl", "gender": "F", "shiny": false, "level": 95, "moves": ["hurricane", "roost", "nastyplot", "hypervoice"], "ability": "Tinted Lens", "evs": {"hp": 85, "atk": 0, "def": 85, "spa": 85, "spd": 85, "spe": 85}, "ivs": {"hp": 31, "atk": 0, "def": 31, "spa": 31, "spd": 31, "spe": 31}, "item": "Heavy-Duty Boots", "teraType": "Ground", "role": "Bulky Attacker", "bvs": {"hp": 100, "atk": 50, "def": 50, "spa": 86, "spd": 96, "spe": 70}, "stats": {"hp": 344, "atk": 100, "def": 149, "spa": 217, "spd": 236, "spe": 187}, "types": ["Normal", "Flying"]}, "Magcargo": {"name": "Magcargo", "species": "Magcargo", "speciesId": "magcargo", "gender": "F", "shiny": false, "level": 95, "moves": ["fireblast", "earthpower", "powergem", "shellsmash"], "ability": "Weak Armor", "evs": {"hp": 85, "atk": 0, "def": 85, "spa": 85, "spd": 85, "spe": 85}, "ivs": {"hp": 31, "atk": 0, "def": 31, "spa": 31, "spd": 31, "spe": 31}, "item": "Heavy-Duty Boots", "teraType": "Grass", "role": "Setup Sweeper", "bvs": {"hp": 60, "atk": 50, "def": 120, "spa": 90, "spd": 80, "spe": 30}, "stats": {"hp": 268, "atk": 100, "def": 282, "spa": 225, "spd": 206, "spe": 111}, "types": ["Fire", "Rock"]}, "Plusle": {"name": "Plusle", "species": "Plusle", "speciesId": "plusle", "gender": "M", "shiny": false, "level": 95, "moves": ["nastyplot", "alluringvoice", "grassknot", "thunderbolt"], "ability": "Lightning Rod", "evs": {"hp": 85, "atk": 0, "def": 85, "spa": 85, "spd": 85, "spe": 85}, "ivs": {"hp": 31, "atk": 0, "def": 31, "spa": 31, "spd": 31, "spe": 31}, "item": "Life Orb", "teraType": "Electric", "role": "Setup Sweeper", "bvs": {"hp": 60, "atk": 50, "def": 40, "spa": 85, "spd": 75, "spe": 95}, "stats": {"hp": 268, "atk": 100, "def": 130, "spa": 215, "spd": 196, "spe": 234}, "types": ["Electric"]}}, {"Scream Tail": {"name": "Scream Tail", "species": "Scream Tail", "speciesId": "screamtail", "gender": "N", "shiny": false, "level": 84, "moves": ["thunderwave", "protect", "playrough", "wish"], "ability": "Protosynthesis", "evs": {"hp": 85, "atk": 85, "def": 85, "spa": 85, "spd": 85, "spe": 85}, "ivs": {"hp": 31, "atk": 31, "def": 31, "spa": 31, "spd": 31, "spe": 31}, "item": "Leftovers", "teraType": "Poison", "role": "Bulky Support", "bvs": {"hp": 115, "atk": 65, "def": 99, "spa": 65, "spd": 115, "spe": 111}, "stats": {"hp": 330, "atk": 157, "def": 215, "spa": 157, "spd": 241, "spe": 235}, "types": ["Fairy", "Psychic"]}, "Houndstone": {"name": "Houndstone", "species": "Houndstone", "speciesId": "houndstone", "gender": "M", "shiny": false, "level": 86, "moves": ["poltergeist", "rest", "bodypress", "sleeptalk"], "ability": "Fluffy", "evs": {"hp": 85, "atk": 85, "def": 85, "spa": 85, "spd": 85, "spe": 85}, "ivs": {"hp": 31, "atk": 31, "def": 31, "spa": 31, "spd": 31, "spe": 31}, "item": "Leftovers", "teraType": "Fighting", "role": "Bulky Support", "bvs": {"hp": 72, "atk": 101, "def": 100, "spa": 50, "spd": 97, "spe": 68}, "stats": {"hp": 264, "atk": 223, "def": 221, "spa": 135, "spd": 216, "spe": 166}, "types": ["Ghost"]}, "Cresselia": {"name": "Cresselia", "species": "Cresselia", "speciesId": "cresselia", "gender": "F", "shiny": false, "level": 80, "moves": ["moonlight", "calmmind", "psyshock", "moonblast"], "ability": "Levitate", "evs": {"hp": 85, "atk": 0, "def": 85, "spa": 85, "spd": 85, "spe": 85}, "ivs": {"hp": 31, "atk": 0, "def": 31, "spa": 31, "spd": 31, "spe": 31}, "item": "Leftovers", "teraType": "Poison", "role": "Bulky Setup", "bvs": {"hp": 120, "atk": 70, "def": 110, "spa": 75, "spd": 120, "spe": 85}, "stats": {"hp": 323, "atk": 117, "def": 222, "spa": 166, "spd": 238, "spe": 182}, "types": ["Psychic"]}, "Pyroar": {"name": "Pyroar", "species": "Pyroar", "speciesId": "pyroar", "gender": "M", "shiny": false, "level": 88, "moves": ["hypervoice", "darkpulse", "fireblast", "workup"], "ability": "Unnerve", "evs": {"hp": 85, "atk": 0, "def": 85, "spa": 85, "spd": 85, "spe": 85}, "ivs": {"hp": 31, "atk": 0, "def": 31, "spa": 31, "spd": 31, "spe": 31}, "item": "Heavy-Duty Boots", "teraType": "Fire", "role": "Fast Attacker", "bvs": {"hp": 86, "atk": 68, "def": 72, "spa": 109, "spd": 66, "spe": 106}, "stats": {"hp": 295, "atk": 124, "def": 177, "spa": 242, "spd": 166, "spe": 237}, "types": ["Fire", "Normal"]}, "Dipplin": {"name": "Dipplin", "species": "Dipplin", "speciesId": "dipplin", "gender": "M", "shiny": false, "level": 88, "moves": ["gigadrain", "dragontail", "dragonpulse", "recover"], "ability": "Sticky Hold", "evs": {"hp": 85, "atk": 85, "def": 85, "spa": 85, "spd": 85, "spe": 85}, "ivs": {"hp": 31, "atk": 31, "def": 31, "spa": 31, "spd": 31, "spe": 31}, "item": "Eviolite", "teraType": "Steel", "role": "Bulky Attacker", "bvs": {"hp": 80, "atk": 80, "def": 110, "spa": 95, "spd": 80, "spe": 40}, "stats": {"hp": 284, "atk": 191, "def": 244, "spa": 217, "spd": 191, "spe": 121}, "types": ["Grass", "Dragon"]}, "Iron Jugulis": {"name": "Iron Jugulis", "species": "Iron Jugulis", "speciesId": "ironjugulis", "gender": "N", "shiny": false, "level": 77, "moves": ["hurricane", "darkpulse", "earthpower", "fireblast"], "ability": "Quark Drive", "evs": {"hp": 85, "atk": 0, "def": 85, "spa": 85, "spd": 85, "spe": 85}, "ivs": {"hp": 31, "atk": 0, "def": 31, "spa": 31, "spd": 31, "spe": 31}, "item": "Choice Specs", "teraType": "Flying", "role": "Wallbreaker", "bvs": {"hp": 94, "atk": 80, "def": 86, "spa": 122, "spd": 80, "spe": 108}, "stats": {"hp": 271, "atk": 128, "def": 177, "spa": 232, "spd": 168, "spe": 211}, "types": ["Dark", "Flying"]}}]}