{"id": "gen9randombattle-2641551726", "format": "[Gen 9] Random Battle", "players": ["bakavelique", "frorg"], "log": "|j|\u2606bakavelique\n|j|\u2606frorg\n|t:|1782806278\n|gametype|singles\n|player|p1|bakavelique|2|1988\n|player|p2|frorg|winona|1910\n|gen|9\n|tier|[Gen 9] Random Battle\n|rated|\n|rule|Species Clause: Limit one of each Pok\u00e9mon\n|rule|HP Percentage Mod: HP is shown in percentages\n|rule|Sleep Clause Mod: Limit one foe put to sleep\n|rule|Illusion Level Mod: Illusion disguises the Pok\u00e9mon's true level\n|\n|t:|1782806278\n|teamsize|p1|6\n|teamsize|p2|6\n|start\n|switch|p1a: Tentacruel|Tentacruel, L84, F|272/272\n|switch|p2a: Alcremie|Alcremie-Caramel-Swirl, L90, F|263/263\n|turn|1\n|inactive|Battle timer is ON: inactive players will automatically lose when time's up. (requested by bakavelique)\n|\n|t:|1782806290\n|switch|p2a: Forretress|Forretress, L84, M|263/263\n|move|p1a: Tentacruel|Sludge Bomb|p2a: Forretress\n|-immune|p2a: Forretress\n|\n|upkeep\n|turn|2\n|\n|t:|1782806300\n|move|p1a: Tentacruel|Surf|p2a: Forretress\n|-damage|p2a: Forretress|152/263\n|move|p2a: Forretress|Thunder Wave|p1a: Tentacruel\n|-status|p1a: Tentacruel|par\n|\n|-heal|p2a: Forretress|168/263|[from] item: Leftovers\n|upkeep\n|turn|3\n|\n|t:|1782806326\n|switch|p2a: Shiftry|Shiftry, L89, F|305/305\n|move|p1a: Tentacruel|Surf|p2a: Shiftry\n|-resisted|p2a: Shiftry\n|-damage|p2a: Shiftry|252/305\n|\n|upkeep\n|turn|4\n|\n|t:|1782806333\n|move|p2a: Shiftry|Knock Off|p1a: Tentacruel\n|-damage|p1a: Tentacruel|72/272 par\n|-enditem|p1a: Tentacruel|Assault Vest|[from] move: Knock Off|[of] p2a: Shiftry\n|-damage|p2a: Shiftry|222/305|[from] item: Life Orb\n|move|p1a: Tentacruel|Flip Turn|p2a: Shiftry\n|-resisted|p2a: Shiftry\n|-damage|p2a: Shiftry|192/305\n|inactive|bakavelique has 120 seconds left.\n|inactive|bakavelique has 90 seconds left.\n|\n|t:|1782806402\n|switch|p1a: Bombirdier|Bombirdier, L85, F|258/258|[from] Flip Turn\n|\n|upkeep\n|turn|5\n|inactive|bakavelique has 90 seconds left.\n|inactive|frorg has 120 seconds left.\n|\n|t:|1782806443\n|move|p2a: Shiftry|Sucker Punch|p1a: Bombirdier\n|-resisted|p1a: Bombirdier\n|-damage|p1a: Bombirdier|201/258\n|-damage|p2a: Shiftry|162/305|[from] item: Life Orb\n|move|p1a: Bombirdier|Brave Bird|p2a: Shiftry\n|-supereffective|p2a: Shiftry\n|-damage|p2a: Shiftry|0 fnt\n|faint|p2a: Shiftry\n|-damage|p1a: Bombirdier|148/258|[from] Recoil\n|\n|upkeep\n|\n|t:|1782806456\n|switch|p2a: Alcremie|Alcremie-Caramel-Swirl, L90, F|263/263\n|turn|6\n|\n|t:|1782806460\n|move|p1a: Bombirdier|Brave Bird|p2a: Alcremie\n|-damage|p2a: Alcremie|49/263\n|-damage|p1a: Bombirdier|77/258|[from] Recoil\n|move|p2a: Alcremie|Alluring Voice|p1a: Bombirdier\n|-supereffective|p1a: Bombirdier\n|-damage|p1a: Bombirdier|0 fnt\n|faint|p1a: Bombirdier\n|\n|-heal|p2a: Alcremie|65/263|[from] item: Leftovers\n|upkeep\n|\n|t:|1782806468\n|switch|p1a: Ursaring|Ursaring, L84, F|288/288\n|turn|7\n|inactive|frorg has 120 seconds left.\n|\n|t:|1782806492\n|move|p2a: Alcremie|Recover|p2a: Alcremie\n|-heal|p2a: Alcremie|197/263\n|move|p1a: Ursaring|Body Slam|p2a: Alcremie\n|-crit|p2a: Alcremie\n|-damage|p2a: Alcremie|7/263\n|\n|-heal|p2a: Alcremie|23/263|[from] item: Leftovers\n|upkeep\n|turn|8\n|inactive|bakavelique has 120 seconds left.\n|\n|t:|1782806498\n|move|p2a: Alcremie|Recover|p2a: Alcremie\n|-heal|p2a: Alcremie|155/263\n|move|p1a: Ursaring|Body Slam|p2a: Alcremie\n|-damage|p2a: Alcremie|26/263\n|-status|p2a: Alcremie|par\n|\n|-heal|p2a: Alcremie|42/263 par|[from] item: Leftovers\n|upkeep\n|turn|9\n|\n|t:|1782806504\n|move|p1a: Ursaring|Body Slam|p2a: Alcremie\n|-crit|p2a: Alcremie\n|-damage|p2a: Alcremie|0 fnt\n|faint|p2a: Alcremie\n|\n|upkeep\n|\n|t:|1782806506\n|switch|p2a: Forretress|Forretress, L84, M|168/263\n|turn|10\n|\n|t:|1782806512\n|move|p1a: Ursaring|Body Slam|p2a: Forretress\n|-resisted|p2a: Forretress\n|-damage|p2a: Forretress|129/263\n|-status|p2a: Forretress|par\n|move|p2a: Forretress|Spikes|p1a: Ursaring\n|-sidestart|p1: bakavelique|Spikes\n|\n|-heal|p2a: Forretress|145/263 par|[from] item: Leftovers\n|upkeep\n|turn|11\n|\n|t:|1782806530\n|switch|p1a: Tentacruel|Tentacruel, L84, F|72/272 par\n|-damage|p1a: Tentacruel|38/272 par|[from] Spikes\n|switch|p2a: Banette|Banette, L93, M|270/270\n|\n|upkeep\n|turn|12\n|inactive|frorg has 120 seconds left.\n|\n|t:|1782806550\n|move|p2a: Banette|Shadow Sneak|p1a: Tentacruel\n|-damage|p1a: Tentacruel|0 fnt\n|faint|p1a: Tentacruel\n|-damage|p2a: Banette|243/270|[from] item: Life Orb\n|\n|upkeep\n|\n|t:|1782806554\n|switch|p1a: Granbull|Granbull, L88, M|302/302\n|-damage|p1a: Granbull|265/302|[from] Spikes\n|-ability|p1a: Granbull|Intimidate|boost\n|-unboost|p2a: Banette|atk|1\n|turn|13\n|\n|t:|1782806559\n|switch|p2a: Kricketune|Kricketune, L99, F|312/312\n|move|p1a: Granbull|Thunder Wave|p2a: Kricketune\n|-status|p2a: Kricketune|par\n|\n|-heal|p1a: Granbull|283/302|[from] item: Leftovers\n|upkeep\n|turn|14\n|\n|t:|1782806571\n|move|p1a: Granbull|Play Rough|p2a: Kricketune\n|-damage|p2a: Kricketune|155/312 par\n|-unboost|p2a: Kricketune|atk|1\n|move|p2a: Kricketune|Sticky Web|p1a: Granbull\n|-sidestart|p1: bakavelique|move: Sticky Web\n|\n|-heal|p1a: Granbull|301/302|[from] item: Leftovers\n|upkeep\n|turn|15\n|\n|t:|1782806594\n|move|p1a: Granbull|Play Rough|p2a: Kricketune\n|-damage|p2a: Kricketune|5/312 par\n|move|p2a: Kricketune|Knock Off|p1a: Granbull\n|-resisted|p1a: Granbull\n|-damage|p1a: Granbull|270/302\n|-enditem|p1a: Granbull|Leftovers|[from] move: Knock Off|[of] p2a: Kricketune\n|\n|upkeep\n|turn|16\n|\n|t:|1782806600\n|move|p1a: Granbull|Earthquake|p2a: Kricketune\n|-resisted|p2a: Kricketune\n|-damage|p2a: Kricketune|0 fnt\n|faint|p2a: Kricketune\n|\n|upkeep\n|\n|t:|1782806602\n|switch|p2a: Forretress|Forretress, L84, M|145/263 par\n|turn|17\n|\n|t:|1782806607\n|move|p1a: Granbull|Earthquake|p2a: Forretress\n|-damage|p2a: Forretress|79/263 par\n|move|p2a: Forretress|Spikes|p1a: Granbull\n|-sidestart|p1: bakavelique|Spikes\n|\n|-heal|p2a: Forretress|95/263 par|[from] item: Leftovers\n|upkeep\n|turn|18\n|\n|t:|1782806612\n|move|p1a: Granbull|Earthquake|p2a: Forretress\n|-damage|p2a: Forretress|25/263 par\n|cant|p2a: Forretress|par\n|\n|-heal|p2a: Forretress|41/263 par|[from] item: Leftovers\n|upkeep\n|turn|19\n|\n|t:|1782806624\n|switch|p2a: Azelf|Azelf, L82|257/257\n|move|p1a: Granbull|Earthquake|p2a: Azelf\n|-immune|p2a: Azelf|[from] ability: Levitate\n|\n|upkeep\n|turn|20\n|\n|t:|1782806633\n|move|p2a: Azelf|Psychic|p1a: Granbull\n|-damage|p1a: Granbull|123/302\n|move|p1a: Granbull|Thunder Wave|p2a: Azelf\n|-status|p2a: Azelf|par\n|\n|upkeep\n|turn|21\n|\n|t:|1782806640\n|move|p1a: Granbull|Play Rough|p2a: Azelf\n|-damage|p2a: Azelf|107/257 par\n|-unboost|p2a: Azelf|atk|1\n|move|p2a: Azelf|Psychic|p1a: Granbull\n|-damage|p1a: Granbull|0 fnt\n|faint|p1a: Granbull\n|\n|upkeep\n|\n|t:|1782806649\n|switch|p1a: Ursaring|Ursaring, L84, F|288/288\n|-damage|p1a: Ursaring|240/288|[from] Spikes\n|-activate|p1a: Ursaring|move: Sticky Web\n|-unboost|p1a: Ursaring|spe|1\n|turn|22\n|\n|t:|1782806662\n|switch|p2a: Forretress|Forretress, L84, M|41/263 par\n|move|p1a: Ursaring|Throat Chop|p2a: Forretress\n|-damage|p2a: Forretress|0 fnt\n|faint|p2a: Forretress\n|\n|upkeep\n|\n|t:|1782806678\n|switch|p2a: Banette|Banette, L93, M|243/270\n|turn|23\n|\n|t:|1782806683\n|-terastallize|p2a: Banette|Poison\n|move|p2a: Banette|Swords Dance|p2a: Banette\n|-boost|p2a: Banette|atk|2\n|move|p1a: Ursaring|Throat Chop|p2a: Banette\n|-damage|p2a: Banette|165/270\n|-start|p2a: Banette|Throat Chop|[silent]\n|-start|p1a: Ursaring|Disable|Throat Chop|[from] ability: Cursed Body|[of] p2a: Banette\n|\n|upkeep\n|turn|24\n|\n|t:|1782806691\n|move|p2a: Banette|Gunk Shot|p1a: Ursaring|[miss]\n|-miss|p2a: Banette|p1a: Ursaring\n|move|p1a: Ursaring|Body Slam|p2a: Banette\n|-damage|p2a: Banette|45/270\n|\n|-end|p2a: Banette|Throat Chop|[silent]\n|upkeep\n|turn|25\n|\n|t:|1782806697\n|move|p2a: Banette|Gunk Shot|p1a: Ursaring\n|-damage|p1a: Ursaring|0 fnt\n|faint|p1a: Ursaring\n|-damage|p2a: Banette|18/270|[from] item: Life Orb\n|\n|upkeep\n|\n|t:|1782806715\n|switch|p1a: Trevenant|Trevenant, L89, F|296/296\n|-damage|p1a: Trevenant|247/296|[from] Spikes\n|-activate|p1a: Trevenant|move: Sticky Web\n|-unboost|p1a: Trevenant|spe|1\n|turn|26\n|\n|t:|1782806744\n|move|p2a: Banette|Poltergeist|p1a: Trevenant\n|-activate|p1a: Trevenant|move: Poltergeist|Choice Band\n|-supereffective|p1a: Trevenant\n|-damage|p1a: Trevenant|0 fnt\n|faint|p1a: Trevenant\n|-damage|p2a: Banette|0 fnt|[from] item: Life Orb\n|faint|p2a: Banette\n|\n|upkeep\n|\n|t:|1782806751\n|switch|p2a: Azelf|Azelf, L82|107/257 par\n|switch|p1a: Meganium|Meganium, L90, M|290/290\n|-damage|p1a: Meganium|242/290|[from] Spikes\n|-activate|p1a: Meganium|move: Sticky Web\n|-unboost|p1a: Meganium|spe|1\n|turn|27\n|\n|t:|1782806756\n|-terastallize|p1a: Meganium|Water\n|move|p1a: Meganium|Knock Off|p2a: Azelf\n|-supereffective|p2a: Azelf\n|-damage|p2a: Azelf|0 fnt\n|-enditem|p2a: Azelf|Assault Vest|[from] move: Knock Off|[of] p1a: Meganium\n|faint|p2a: Azelf\n|\n|win|bakavelique\n", "inputlog": ">version f8ac14003a5f27e1bdc8d8c59608a773c1cb96e5\n>start {\"formatid\":\"gen9randombattle\",\"seed\":\"sodium,25a9fd5a15baea613979fa5c5d618c9b\",\"rated\":\"Rated battle\"}\n>player p1 {\"name\":\"bakavelique\",\"avatar\":\"2\",\"rating\":1988,\"seed\":\"sodium,377f2970487a175df88d8e46ddf05c8d\"}\n>player p2 {\"name\":\"frorg\",\"avatar\":\"winona\",\"rating\":1910,\"seed\":\"sodium,b1705d2f8290e37674985ec95bed4756\"}\n>p1 move sludgebomb\n>p2 switch 4\n>p1 move surf\n>p2 move thunderwave\n>p1 move surf\n>p2 switch 2\n>p1 move flipturn\n>p2 move knockoff\n>p1 switch 5\n>p1 move bravebird\n>p2 move suckerpunch\n>p2 switch 4\n>p1 move bravebird\n>p2 move alluringvoice\n>p1 switch 6\n>p1 move bodyslam\n>p2 move recover\n>p1 move bodyslam\n>p2 move recover\n>p1 move bodyslam\n>p2 move alluringvoice\n>p2 switch 2\n>p1 move bodyslam\n>p2 move spikes\n>p1 switch 5\n>p2 switch 6\n>p1 move sludgebomb\n>p2 move shadowsneak\n>p1 switch 2\n>p1 move thunderwave\n>p2 switch 5\n>p1 move playrough\n>p2 move stickyweb\n>p1 move playrough\n>p2 move knockoff\n>p1 move earthquake\n>p2 move pounce\n>p2 switch 6\n>p1 move earthquake\n>p2 move spikes\n>p1 move earthquake\n>p2 move spikes\n>p1 move earthquake\n>p2 switch 3\n>p1 move thunderwave\n>p2 move psychic\n>p1 move playrough\n>p2 move psychic\n>p1 switch 5\n>p1 move throatchop\n>p2 switch 3\n>p2 switch 5\n>p1 move throatchop\n>p2 move swordsdance terastallize\n>p1 move bodyslam\n>p2 move gunkshot\n>p1 move bodyslam\n>p2 move gunkshot\n>p1 switch 4\n>p1 move hornleech\n>p2 move poltergeist\n>p1 switch 3\n>p2 switch 3\n>p1 move knockoff terastallize\n>p2 move fireblast", "uploadtime": 1782806280, "views": 4, "formatid": "gen9randombattle", "rating": null, "private": 0, "password": null, "player_dets": [{"name": "bakavelique", "avatar": "2", "rating": 1988, "seed": "sodium,377f2970487a175df88d8e46ddf05c8d"}, {"name": "frorg", "avatar": "winona", "rating": 1910, "seed": "sodium,b1705d2f8290e37674985ec95bed4756"}], "teams_full": [{"Tentacruel": {"name": "Tentacruel", "species": "Tentacruel", "speciesId": "tentacruel", "gender": "F", "shiny": false, "level": 84, "moves": ["flipturn", "rapidspin", "surf", "sludgebomb"], "ability": "Liquid Ooze", "evs": {"hp": 85, "atk": 85, "def": 85, "spa": 85, "spd": 85, "spe": 85}, "ivs": {"hp": 31, "atk": 31, "def": 31, "spa": 31, "spd": 31, "spe": 31}, "item": "Assault Vest", "teraType": "Flying", "role": "Bulky Support", "bvs": {"hp": 80, "atk": 70, "def": 65, "spa": 80, "spd": 120, "spe": 100}, "stats": {"hp": 272, "atk": 166, "def": 157, "spa": 183, "spd": 250, "spe": 216}, "types": ["Water", "Poison"]}, "Granbull": {"name": "Granbull", "species": "Granbull", "speciesId": "granbull", "gender": "M", "shiny": false, "level": 88, "moves": ["roar", "playrough", "earthquake", "thunderwave"], "ability": "Intimidate", "evs": {"hp": 85, "atk": 85, "def": 85, "spa": 85, "spd": 85, "spe": 85}, "ivs": {"hp": 31, "atk": 31, "def": 31, "spa": 31, "spd": 31, "spe": 31}, "item": "Leftovers", "teraType": "Ground", "role": "Bulky Support", "bvs": {"hp": 90, "atk": 120, "def": 75, "spa": 60, "spd": 60, "spe": 45}, "stats": {"hp": 302, "atk": 261, "def": 182, "spa": 156, "spd": 156, "spe": 129}, "types": ["Fairy"]}, "Meganium": {"name": "Meganium", "species": "Meganium", "speciesId": "meganium", "gender": "M", "shiny": false, "level": 90, "moves": ["swordsdance", "earthquake", "petalblizzard", "knockoff"], "ability": "Overgrow", "evs": {"hp": 85, "atk": 85, "def": 85, "spa": 85, "spd": 85, "spe": 85}, "ivs": {"hp": 31, "atk": 31, "def": 31, "spa": 31, "spd": 31, "spe": 31}, "item": "Leftovers", "teraType": "Water", "role": "Bulky Setup", "bvs": {"hp": 80, "atk": 82, "def": 100, "spa": 83, "spd": 100, "spe": 80}, "stats": {"hp": 290, "atk": 199, "def": 231, "spa": 201, "spd": 231, "spe": 195}, "types": ["Grass"]}, "Trevenant": {"name": "Trevenant", "species": "Trevenant", "speciesId": "trevenant", "gender": "F", "shiny": false, "level": 89, "moves": ["drainpunch", "woodhammer", "hornleech", "poltergeist"], "ability": "Natural Cure", "evs": {"hp": 85, "atk": 85, "def": 85, "spa": 85, "spd": 85, "spe": 85}, "ivs": {"hp": 31, "atk": 31, "def": 31, "spa": 31, "spd": 31, "spe": 31}, "item": "Choice Band", "teraType": "Fighting", "role": "Wallbreaker", "bvs": {"hp": 85, "atk": 110, "def": 76, "spa": 65, "spd": 82, "spe": 56}, "stats": {"hp": 296, "atk": 247, "def": 186, "spa": 166, "spd": 197, "spe": 150}, "types": ["Ghost", "Grass"]}, "Bombirdier": {"name": "Bombirdier", "species": "Bombirdier", "speciesId": "bombirdier", "gender": "F", "shiny": false, "level": 85, "moves": ["stoneedge", "bravebird", "knockoff", "suckerpunch"], "ability": "Rocky Payload", "evs": {"hp": 85, "atk": 85, "def": 85, "spa": 85, "spd": 85, "spe": 85}, "ivs": {"hp": 31, "atk": 31, "def": 31, "spa": 31, "spd": 31, "spe": 31}, "item": "Choice Band", "teraType": "Rock", "role": "Fast Attacker", "bvs": {"hp": 70, "atk": 103, "def": 85, "spa": 60, "spd": 85, "spe": 82}, "stats": {"hp": 258, "atk": 224, "def": 193, "spa": 151, "spd": 193, "spe": 188}, "types": ["Flying", "Dark"]}, "Ursaring": {"name": "Ursaring", "species": "Ursaring", "speciesId": "ursaring", "gender": "F", "shiny": false, "level": 84, "moves": ["bodyslam", "rest", "throatchop", "sleeptalk"], "ability": "Guts", "evs": {"hp": 85, "atk": 85, "def": 85, "spa": 85, "spd": 85, "spe": 85}, "ivs": {"hp": 31, "atk": 31, "def": 31, "spa": 31, "spd": 31, "spe": 31}, "item": "Eviolite", "teraType": "Ghost", "role": "Bulky Attacker", "bvs": {"hp": 90, "atk": 130, "def": 75, "spa": 75, "spd": 75, "spe": 55}, "stats": {"hp": 288, "atk": 267, "def": 174, "spa": 174, "spd": 174, "spe": 141}, "types": ["Normal"]}}, {"Alcremie": {"name": "Alcremie", "species": "Alcremie-Caramel-Swirl", "speciesId": "alcremie", "gender": "F", "shiny": false, "level": 90, "moves": ["alluringvoice", "calmmind", "terablast", "recover"], "ability": "Aroma Veil", "evs": {"hp": 85, "atk": 0, "def": 85, "spa": 85, "spd": 85, "spe": 85}, "ivs": {"hp": 31, "atk": 0, "def": 31, "spa": 31, "spd": 31, "spe": 31}, "item": "Leftovers", "teraType": "Ground", "role": "Tera Blast user", "bvs": {"hp": 65, "atk": 60, "def": 75, "spa": 110, "spd": 121, "spe": 64}, "stats": {"hp": 263, "atk": 113, "def": 186, "spa": 249, "spd": 269, "spe": 167}, "types": ["Fairy"]}, "Shiftry": {"name": "Shiftry", "species": "Shiftry", "speciesId": "shiftry", "gender": "F", "shiny": false, "level": 89, "moves": ["leafblade", "swordsdance", "suckerpunch", "knockoff"], "ability": "Wind Rider", "evs": {"hp": 85, "atk": 85, "def": 85, "spa": 85, "spd": 85, "spe": 85}, "ivs": {"hp": 31, "atk": 31, "def": 31, "spa": 31, "spd": 31, "spe": 31}, "item": "Life Orb", "teraType": "Dark", "role": "Fast Bulky Setup", "bvs": {"hp": 90, "atk": 100, "def": 60, "spa": 90, "spd": 60, "spe": 80}, "stats": {"hp": 305, "atk": 229, "def": 158, "spa": 211, "spd": 158, "spe": 193}, "types": ["Grass", "Dark"]}, "Azelf": {"name": "Azelf", "species": "Azelf", "speciesId": "azelf", "gender": "N", "shiny": false, "level": 82, "moves": ["psychic", "fireblast", "uturn", "knockoff"], "ability": "Levitate", "evs": {"hp": 85, "atk": 85, "def": 85, "spa": 85, "spd": 85, "spe": 85}, "ivs": {"hp": 31, "atk": 31, "def": 31, "spa": 31, "spd": 31, "spe": 31}, "item": "Assault Vest", "teraType": "Fire", "role": "Fast Support", "bvs": {"hp": 75, "atk": 125, "def": 70, "spa": 125, "spd": 70, "spe": 115}, "stats": {"hp": 257, "atk": 252, "def": 162, "spa": 252, "spd": 162, "spe": 236}, "types": ["Psychic"]}, "Forretress": {"name": "Forretress", "species": "Forretress", "speciesId": "forretress", "gender": "M", "shiny": false, "level": 84, "moves": ["ironhead", "thunderwave", "rapidspin", "spikes"], "ability": "Sturdy", "evs": {"hp": 85, "atk": 85, "def": 85, "spa": 85, "spd": 85, "spe": 85}, "ivs": {"hp": 31, "atk": 31, "def": 31, "spa": 31, "spd": 31, "spe": 31}, "item": "Leftovers", "teraType": "Water", "role": "Bulky Support", "bvs": {"hp": 75, "atk": 90, "def": 140, "spa": 60, "spd": 60, "spe": 40}, "stats": {"hp": 263, "atk": 199, "def": 283, "spa": 149, "spd": 149, "spe": 115}, "types": ["Bug", "Steel"]}, "Kricketune": {"name": "Kricketune", "species": "Kricketune", "speciesId": "kricketune", "gender": "F", "shiny": false, "level": 99, "moves": ["pounce", "stickyweb", "knockoff", "taunt"], "ability": "Technician", "evs": {"hp": 85, "atk": 85, "def": 85, "spa": 85, "spd": 85, "spe": 85}, "ivs": {"hp": 31, "atk": 31, "def": 31, "spa": 31, "spd": 31, "spe": 31}, "item": "Heavy-Duty Boots", "teraType": "Ghost", "role": "Fast Support", "bvs": {"hp": 77, "atk": 85, "def": 51, "spa": 55, "spd": 51, "spe": 65}, "stats": {"hp": 312, "atk": 224, "def": 157, "spa": 165, "spd": 157, "spe": 185}, "types": ["Bug"]}, "Banette": {"name": "Banette", "species": "Banette", "speciesId": "banette", "gender": "M", "shiny": false, "level": 93, "moves": ["swordsdance", "gunkshot", "shadowsneak", "poltergeist"], "ability": "Cursed Body", "evs": {"hp": 85, "atk": 85, "def": 85, "spa": 85, "spd": 85, "spe": 85}, "ivs": {"hp": 31, "atk": 31, "def": 31, "spa": 31, "spd": 31, "spe": 31}, "item": "Life Orb", "teraType": "Poison", "role": "Wallbreaker", "bvs": {"hp": 64, "atk": 115, "def": 65, "spa": 83, "spd": 63, "spe": 65}, "stats": {"hp": 270, "atk": 267, "def": 174, "spa": 207, "spd": 170, "spe": 174}, "types": ["Ghost"]}}]}