{"id": "gen9randombattle-2641278471", "format": "[Gen 9] Random Battle", "players": ["talveznao", "eheg"], "log": "|j|\u2606talveznao\n|j|\u2606eheg\n|t:|1782762482\n|gametype|singles\n|player|p1|talveznao|evelyn|1882\n|player|p2|eheg|266|1960\n|gen|9\n|tier|[Gen 9] Random Battle\n|rated|\n|rule|Species Clause: Limit one of each Pok\u00e9mon\n|rule|HP Percentage Mod: HP is shown in percentages\n|rule|Sleep Clause Mod: Limit one foe put to sleep\n|rule|Illusion Level Mod: Illusion disguises the Pok\u00e9mon's true level\n|\n|t:|1782762482\n|teamsize|p1|6\n|teamsize|p2|6\n|start\n|switch|p1a: Gouging Fire|Gouging Fire, L74|277/277\n|switch|p2a: Braviary|Braviary, L85, M|309/309\n|turn|1\n|inactive|Battle timer is ON: inactive players will automatically lose when time's up. (requested by talveznao)\n|\n|t:|1782762515\n|move|p2a: Braviary|Bulk Up|p2a: Braviary\n|-boost|p2a: Braviary|atk|1\n|-boost|p2a: Braviary|def|1\n|move|p1a: Gouging Fire|Dragon Dance|p1a: Gouging Fire\n|-boost|p1a: Gouging Fire|atk|1\n|-boost|p1a: Gouging Fire|spe|1\n|\n|upkeep\n|turn|2\n|\n|t:|1782762528\n|move|p1a: Gouging Fire|Heat Crash|p2a: Braviary\n|-damage|p2a: Braviary|185/309\n|move|p2a: Braviary|Brave Bird|p1a: Gouging Fire\n|-damage|p1a: Gouging Fire|52/277\n|-damage|p2a: Braviary|111/309|[from] Recoil\n|\n|upkeep\n|turn|3\n|\n|t:|1782762536\n|move|p1a: Gouging Fire|Heat Crash|p2a: Braviary\n|-damage|p2a: Braviary|0 fnt\n|faint|p2a: Braviary\n|\n|upkeep\n|\n|t:|1782762546\n|switch|p2a: Poliwrath|Poliwrath, L88, M|302/302\n|turn|4\n|\n|t:|1782762565\n|-end|p1a: Gouging Fire|Protosynthesis|[silent]\n|switch|p1a: Meganium|Meganium, L90, M|290/290\n|move|p2a: Poliwrath|Circle Throw|p1a: Meganium\n|-damage|p1a: Meganium|229/290\n|drag|p1a: Exeggutor|Exeggutor, L89, M|312/312\n|\n|upkeep\n|turn|5\n|inactive|talveznao has 120 seconds left.\n|inactive|talveznao has 90 seconds left.\n|\n|t:|1782762643\n|switch|p2a: Meganium|Meganium, L90, F|290/290\n|move|p1a: Exeggutor|Substitute|p1a: Exeggutor\n|-start|p1a: Exeggutor|Substitute\n|-damage|p1a: Exeggutor|234/312\n|\n|upkeep\n|turn|6\n|\n|t:|1782762650\n|move|p2a: Meganium|Knock Off|p1a: Exeggutor\n|-supereffective|p1a: Exeggutor\n|-end|p1a: Exeggutor|Substitute\n|move|p1a: Exeggutor|Psychic Noise|p2a: Meganium\n|-damage|p2a: Meganium|199/290\n|-start|p2a: Meganium|move: Heal Block\n|\n|upkeep\n|turn|7\n|inactive|talveznao has 60 seconds left.\n|\n|t:|1782762679\n|switch|p1a: Cryogonal|Cryogonal, L89|287/287\n|move|p2a: Meganium|Knock Off|p1a: Cryogonal\n|-damage|p1a: Cryogonal|193/287\n|-enditem|p1a: Cryogonal|Heavy-Duty Boots|[from] move: Knock Off|[of] p2a: Meganium\n|\n|-end|p2a: Meganium|move: Heal Block\n|upkeep\n|turn|8\n|\n|t:|1782762693\n|switch|p1a: Meganium|Meganium, L90, M|229/290\n|switch|p2a: Registeel|Registeel, L81|262/262\n|\n|-heal|p1a: Meganium|247/290|[from] item: Leftovers\n|upkeep\n|turn|9\n|\n|t:|1782762702\n|move|p1a: Meganium|Knock Off|p2a: Registeel\n|-damage|p2a: Registeel|213/262\n|-enditem|p2a: Registeel|Chesto Berry|[from] move: Knock Off|[of] p1a: Meganium\n|move|p2a: Registeel|Iron Defense|p2a: Registeel\n|-boost|p2a: Registeel|def|2\n|\n|-heal|p1a: Meganium|265/290|[from] item: Leftovers\n|upkeep\n|turn|10\n|\n|t:|1782762713\n|switch|p1a: Exeggutor|Exeggutor, L89, M|234/312\n|move|p2a: Registeel|Body Press|p1a: Exeggutor\n|-resisted|p1a: Exeggutor\n|-damage|p1a: Exeggutor|156/312\n|-enditem|p1a: Exeggutor|Sitrus Berry|[eat]\n|-heal|p1a: Exeggutor|234/312|[from] item: Sitrus Berry\n|\n|-item|p1a: Exeggutor|Sitrus Berry|[from] ability: Harvest\n|upkeep\n|turn|11\n|\n|t:|1782762723\n|switch|p2a: Meganium|Meganium, L90, F|199/290\n|move|p1a: Exeggutor|Substitute|p1a: Exeggutor\n|-start|p1a: Exeggutor|Substitute\n|-damage|p1a: Exeggutor|156/312\n|-enditem|p1a: Exeggutor|Sitrus Berry|[eat]\n|-heal|p1a: Exeggutor|234/312|[from] item: Sitrus Berry\n|\n|-heal|p2a: Meganium|217/290|[from] item: Leftovers\n|upkeep\n|turn|12\n|\n|t:|1782762740\n|move|p2a: Meganium|Knock Off|p1a: Exeggutor\n|-supereffective|p1a: Exeggutor\n|-crit|p1a: Exeggutor\n|-end|p1a: Exeggutor|Substitute\n|move|p1a: Exeggutor|Sludge Bomb|p2a: Meganium\n|-supereffective|p2a: Meganium\n|-damage|p2a: Meganium|73/290\n|\n|-heal|p2a: Meganium|91/290|[from] item: Leftovers\n|-item|p1a: Exeggutor|Sitrus Berry|[from] ability: Harvest\n|upkeep\n|turn|13\n|inactive|talveznao has 60 seconds left.\n|\n|t:|1782762766\n|switch|p1a: Cryogonal|Cryogonal, L89|193/287\n|move|p2a: Meganium|Synthesis|p2a: Meganium\n|-heal|p2a: Meganium|236/290\n|\n|-heal|p2a: Meganium|254/290|[from] item: Leftovers\n|upkeep\n|turn|14\n|inactive|talveznao has 60 seconds left.\n|\n|t:|1782762774\n|switch|p2a: Registeel|Registeel, L81|213/262\n|move|p1a: Cryogonal|Ice Beam|p2a: Registeel\n|-resisted|p2a: Registeel\n|-damage|p2a: Registeel|177/262\n|-status|p2a: Registeel|frz\n|\n|upkeep\n|turn|15\n|\n|t:|1782762781\n|switch|p1a: Exeggutor|Exeggutor, L89, M|234/312\n|cant|p2a: Registeel|frz\n|\n|upkeep\n|turn|16\n|\n|t:|1782762799\n|switch|p1a: Cryogonal|Cryogonal, L89|193/287\n|switch|p2a: Meganium|Meganium, L90, F|254/290\n|\n|-heal|p2a: Meganium|272/290|[from] item: Leftovers\n|upkeep\n|turn|17\n|\n|t:|1782762806\n|switch|p2a: Registeel|Registeel, L81|177/262 frz\n|move|p1a: Cryogonal|Ice Beam|p2a: Registeel\n|-resisted|p2a: Registeel\n|-damage|p2a: Registeel|143/262 frz\n|\n|upkeep\n|turn|18\n|\n|t:|1782762812\n|move|p1a: Cryogonal|Ice Beam|p2a: Registeel\n|-resisted|p2a: Registeel\n|-damage|p2a: Registeel|109/262 frz\n|cant|p2a: Registeel|frz\n|\n|upkeep\n|turn|19\n|\n|t:|1782762817\n|switch|p1a: Exeggutor|Exeggutor, L89, M|234/312\n|-curestatus|p2a: Registeel|frz|[msg]\n|move|p2a: Registeel|Rest|p2a: Registeel\n|-status|p2a: Registeel|slp|[from] move: Rest\n|-heal|p2a: Registeel|262/262 slp|[silent]\n|\n|upkeep\n|turn|20\n|inactive|talveznao has 90 seconds left.\n|\n|t:|1782762829\n|switch|p2a: Meganium|Meganium, L90, F|272/290\n|move|p1a: Exeggutor|Leech Seed|p2a: Meganium\n|-immune|p2a: Meganium\n|\n|-heal|p2a: Meganium|290/290|[from] item: Leftovers\n|upkeep\n|turn|21\n|\n|t:|1782762839\n|switch|p1a: Cryogonal|Cryogonal, L89|193/287\n|move|p2a: Meganium|Leech Seed|p1a: Cryogonal\n|-start|p1a: Cryogonal|move: Leech Seed\n|\n|-damage|p1a: Cryogonal|158/287|[from] Leech Seed|[of] p2a: Meganium\n|upkeep\n|turn|22\n|\n|t:|1782762846\n|switch|p2a: Poliwrath|Poliwrath, L88, M|302/302\n|move|p1a: Cryogonal|Recover|p1a: Cryogonal\n|-heal|p1a: Cryogonal|287/287\n|\n|-damage|p1a: Cryogonal|252/287|[from] Leech Seed|[of] p2a: Poliwrath\n|upkeep\n|turn|23\n|\n|t:|1782762854\n|switch|p1a: Gouging Fire|Gouging Fire, L74|52/277\n|move|p2a: Poliwrath|Knock Off|p1a: Gouging Fire\n|-damage|p1a: Gouging Fire|0 fnt\n|-enditem|p1a: Gouging Fire|Heavy-Duty Boots|[from] move: Knock Off|[of] p2a: Poliwrath\n|faint|p1a: Gouging Fire\n|-end|p1a: Gouging Fire|Protosynthesis|[silent]\n|\n|upkeep\n|\n|t:|1782762859\n|switch|p1a: Meganium|Meganium, L90, M|265/290\n|turn|24\n|\n|t:|1782762864\n|switch|p2a: Meganium|Meganium, L90, F|290/290\n|move|p1a: Meganium|Swords Dance|p1a: Meganium\n|-boost|p1a: Meganium|atk|2\n|\n|-heal|p1a: Meganium|283/290|[from] item: Leftovers\n|upkeep\n|turn|25\n|inactive|talveznao has 120 seconds left.\n|\n|t:|1782762881\n|move|p2a: Meganium|Knock Off|p1a: Meganium\n|-damage|p1a: Meganium|224/290\n|-enditem|p1a: Meganium|Leftovers|[from] move: Knock Off|[of] p2a: Meganium\n|move|p1a: Meganium|Swords Dance|p1a: Meganium\n|-boost|p1a: Meganium|atk|2\n|\n|upkeep\n|turn|26\n|\n|t:|1782762888\n|move|p2a: Meganium|Energy Ball|p1a: Meganium\n|-resisted|p1a: Meganium\n|-damage|p1a: Meganium|182/290\n|move|p1a: Meganium|Knock Off|p2a: Meganium\n|-damage|p2a: Meganium|100/290\n|-enditem|p2a: Meganium|Leftovers|[from] move: Knock Off|[of] p1a: Meganium\n|\n|upkeep\n|turn|27\n|\n|t:|1782762896\n|move|p1a: Meganium|Petal Blizzard|p2a: Meganium\n|-resisted|p2a: Meganium\n|-damage|p2a: Meganium|0 fnt\n|faint|p2a: Meganium\n|\n|upkeep\n|\n|t:|1782762902\n|switch|p2a: Bruxish|Bruxish, L85, F|254/254\n|turn|28\n|\n|t:|1782762916\n|move|p2a: Bruxish|Ice Fang|p1a: Meganium\n|-supereffective|p1a: Meganium\n|-damage|p1a: Meganium|62/290\n|move|p1a: Meganium|Petal Blizzard|p2a: Bruxish\n|-supereffective|p2a: Bruxish\n|-damage|p2a: Bruxish|0 fnt\n|faint|p2a: Bruxish\n|\n|upkeep\n|\n|t:|1782762924\n|switch|p2a: Hariyama|Hariyama, L87, F|392/392\n|turn|29\n|\n|t:|1782762929\n|move|p2a: Hariyama|Bullet Punch|p1a: Meganium\n|-damage|p1a: Meganium|32/290\n|move|p1a: Meganium|Petal Blizzard|p2a: Hariyama\n|-damage|p2a: Hariyama|0 fnt\n|faint|p2a: Hariyama\n|\n|upkeep\n|\n|t:|1782762937\n|switch|p2a: Poliwrath|Poliwrath, L88, M|302/302\n|turn|30\n|\n|t:|1782762947\n|-terastallize|p2a: Poliwrath|Fighting\n|move|p1a: Meganium|Earthquake|p2a: Poliwrath\n|-damage|p2a: Poliwrath|100/302\n|move|p2a: Poliwrath|Circle Throw|p1a: Meganium\n|-damage|p1a: Meganium|0 fnt\n|faint|p1a: Meganium\n|\n|upkeep\n|\n|t:|1782762961\n|switch|p1a: Kyurem|Kyurem-White, L73|303/303\n|-ability|p1a: Kyurem|Turboblaze\n|turn|31\n|\n|t:|1782762971\n|-terastallize|p1a: Kyurem|Fire\n|move|p1a: Kyurem|Fusion Flare|p2a: Poliwrath\n|-damage|p2a: Poliwrath|0 fnt\n|faint|p2a: Poliwrath\n|\n|upkeep\n|\n|t:|1782762977\n|switch|p2a: Registeel|Registeel, L81|262/262 slp\n|turn|32\n|\n|t:|1782762982\n|move|p1a: Kyurem|Fusion Flare|p2a: Registeel\n|-supereffective|p2a: Registeel\n|-damage|p2a: Registeel|4/262 slp\n|cant|p2a: Registeel|slp\n|\n|upkeep\n|turn|33\n|c|\u2606eheg|gg\n|\n|t:|1782762987\n|move|p1a: Kyurem|Fusion Flare|p2a: Registeel\n|-supereffective|p2a: Registeel\n|-damage|p2a: Registeel|0 fnt\n|faint|p2a: Registeel\n|\n|win|talveznao\n|raw|talveznao's rating: 1882 &rarr; <strong>1906</strong><br />(+24 for winning)\n|raw|eheg's rating: 1960 &rarr; <strong>1936</strong><br />(-24 for losing)\n", "inputlog": ">version f8ac14003a5f27e1bdc8d8c59608a773c1cb96e5\n>start {\"formatid\":\"gen9randombattle\",\"seed\":\"sodium,838fe6287ca2fbfdef299c60ac2f9a2a\",\"rated\":\"Rated battle\"}\n>player p1 {\"name\":\"talveznao\",\"avatar\":\"evelyn\",\"rating\":1882,\"seed\":\"sodium,3a79b23e9ab39f0f766ad641614aaaab\"}\n>player p2 {\"name\":\"eheg\",\"avatar\":\"266\",\"rating\":1960,\"seed\":\"sodium,a34271b40f514c33e65aadcfccea9715\"}\n>p1 move dragondance\n>p2 move bulkup\n>p1 move heatcrash\n>p2 move bravebird\n>p1 move heatcrash\n>p2 move roost\n>p2 switch 3\n>p1 switch 5\n>p2 move circlethrow\n>p1 move substitute\n>p2 switch 4\n>p1 move psychicnoise\n>p2 move knockoff\n>p1 switch 2\n>p2 move knockoff\n>p1 switch 6\n>p2 switch 5\n>p1 move knockoff\n>p2 move irondefense\n>p1 switch 2\n>p2 move bodypress\n>p1 move substitute\n>p2 switch 5\n>p1 move sludgebomb\n>p2 move knockoff\n>p1 switch 6\n>p2 move synthesis\n>p1 move icebeam\n>p2 switch 5\n>p1 switch 6\n>p2 move rest\n>p1 switch 6\n>p2 switch 5\n>p1 move icebeam\n>p2 switch 5\n>p1 move icebeam\n>p2 move rest\n>p1 switch 6\n>p2 move rest\n>p1 move leechseed\n>p2 switch 5\n>p1 switch 6\n>p2 move leechseed\n>p1 move recover\n>p2 switch 4\n>p1 switch 5\n>p2 move knockoff\n>p1 switch 2\n>p1 move swordsdance\n>p2 switch 4\n>p1 move swordsdance\n>p2 move knockoff\n>p1 move knockoff\n>p2 move energyball\n>p1 move petalblizzard\n>p2 move synthesis\n>p2 switch 2\n>p1 move petalblizzard\n>p2 move icefang\n>p2 switch 6\n>p1 move petalblizzard\n>p2 move bulletpunch\n>p2 switch 4\n>p1 move earthquake\n>p2 move circlethrow terastallize\n>p1 switch 4\n>p1 move fusionflare terastallize\n>p2 move closecombat\n>p2 switch 5\n>p1 move fusionflare\n>p2 move bodypress\n>chat \u2606eheg|gg\n>p1 move fusionflare\n>p2 move bodypress", "uploadtime": 1782762992, "views": 9, "formatid": "gen9randombattle", "rating": 1906, "private": 0, "password": null, "player_dets": [{"name": "talveznao", "avatar": "evelyn", "rating": 1882, "seed": "sodium,3a79b23e9ab39f0f766ad641614aaaab"}, {"name": "eheg", "avatar": "266", "rating": 1960, "seed": "sodium,a34271b40f514c33e65aadcfccea9715"}], "teams_full": [{"Gouging Fire": {"name": "Gouging Fire", "species": "Gouging Fire", "speciesId": "gougingfire", "gender": "N", "shiny": false, "level": 74, "moves": ["dragondance", "outrage", "heatcrash", "earthquake"], "ability": "Protosynthesis", "evs": {"hp": 85, "atk": 85, "def": 85, "spa": 85, "spd": 85, "spe": 85}, "ivs": {"hp": 31, "atk": 31, "def": 31, "spa": 31, "spd": 31, "spe": 31}, "item": "Heavy-Duty Boots", "teraType": "Ground", "role": "Setup Sweeper", "bvs": {"hp": 105, "atk": 115, "def": 121, "spa": 65, "spd": 93, "spe": 91}, "stats": {"hp": 277, "atk": 213, "def": 222, "spa": 139, "spd": 181, "spe": 178}, "types": ["Fire", "Dragon"]}, "Cryogonal": {"name": "Cryogonal", "species": "Cryogonal", "speciesId": "cryogonal", "gender": "N", "shiny": false, "level": 89, "moves": ["icebeam", "recover", "terablast", "rapidspin"], "ability": "Levitate", "evs": {"hp": 85, "atk": 85, "def": 85, "spa": 85, "spd": 85, "spe": 85}, "ivs": {"hp": 31, "atk": 31, "def": 31, "spa": 31, "spd": 31, "spe": 31}, "item": "Heavy-Duty Boots", "teraType": "Electric", "role": "Tera Blast user", "bvs": {"hp": 80, "atk": 50, "def": 50, "spa": 95, "spd": 135, "spe": 105}, "stats": {"hp": 287, "atk": 140, "def": 140, "spa": 220, "spd": 291, "spe": 238}, "types": ["Ice"]}, "Lycanroc": {"name": "Lycanroc", "species": "Lycanroc", "speciesId": "lycanroc", "gender": "M", "shiny": false, "level": 86, "moves": ["taunt", "accelerock", "stoneedge", "closecombat"], "ability": "Sand Rush", "evs": {"hp": 85, "atk": 85, "def": 85, "spa": 85, "spd": 85, "spe": 85}, "ivs": {"hp": 31, "atk": 31, "def": 31, "spa": 31, "spd": 31, "spe": 31}, "item": "Life Orb", "teraType": "Fighting", "role": "Fast Attacker", "bvs": {"hp": 75, "atk": 115, "def": 65, "spa": 55, "spd": 65, "spe": 112}, "stats": {"hp": 269, "atk": 247, "def": 161, "spa": 144, "spd": 161, "spe": 242}, "types": ["Rock"]}, "Kyurem": {"name": "Kyurem", "species": "Kyurem-White", "speciesId": "kyuremwhite", "gender": "N", "shiny": false, "level": 73, "moves": ["dracometeor", "fusionflare", "earthpower", "freezedry"], "ability": "Turboblaze", "evs": {"hp": 85, "atk": 0, "def": 85, "spa": 85, "spd": 85, "spe": 85}, "ivs": {"hp": 31, "atk": 0, "def": 31, "spa": 31, "spd": 31, "spe": 31}, "item": "Choice Specs", "teraType": "Fire", "role": "Fast Attacker", "bvs": {"hp": 125, "atk": 120, "def": 90, "spa": 170, "spd": 100, "spe": 95}, "stats": {"hp": 303, "atk": 180, "def": 174, "spa": 291, "spd": 188, "spe": 181}, "types": ["Dragon", "Ice"]}, "Meganium": {"name": "Meganium", "species": "Meganium", "speciesId": "meganium", "gender": "M", "shiny": false, "level": 90, "moves": ["swordsdance", "earthquake", "knockoff", "petalblizzard"], "ability": "Overgrow", "evs": {"hp": 85, "atk": 85, "def": 85, "spa": 85, "spd": 85, "spe": 85}, "ivs": {"hp": 31, "atk": 31, "def": 31, "spa": 31, "spd": 31, "spe": 31}, "item": "Leftovers", "teraType": "Water", "role": "Bulky Setup", "bvs": {"hp": 80, "atk": 82, "def": 100, "spa": 83, "spd": 100, "spe": 80}, "stats": {"hp": 290, "atk": 199, "def": 231, "spa": 201, "spd": 231, "spe": 195}, "types": ["Grass"]}, "Exeggutor": {"name": "Exeggutor", "species": "Exeggutor", "speciesId": "exeggutor", "gender": "M", "shiny": false, "level": 89, "moves": ["psychicnoise", "sludgebomb", "leechseed", "substitute"], "ability": "Harvest", "evs": {"hp": 77, "atk": 0, "def": 85, "spa": 85, "spd": 85, "spe": 85}, "ivs": {"hp": 31, "atk": 0, "def": 31, "spa": 31, "spd": 31, "spe": 31}, "item": "Sitrus Berry", "teraType": "Steel", "role": "Bulky Support", "bvs": {"hp": 95, "atk": 95, "def": 85, "spa": 125, "spd": 75, "spe": 55}, "stats": {"hp": 312, "atk": 174, "def": 202, "spa": 273, "spd": 184, "spe": 149}, "types": ["Grass", "Psychic"]}}, {"Braviary": {"name": "Braviary", "species": "Braviary", "speciesId": "braviary", "gender": "M", "shiny": false, "level": 85, "moves": ["bravebird", "bulkup", "roost", "closecombat"], "ability": "Defiant", "evs": {"hp": 85, "atk": 85, "def": 85, "spa": 85, "spd": 85, "spe": 85}, "ivs": {"hp": 31, "atk": 31, "def": 31, "spa": 31, "spd": 31, "spe": 31}, "item": "Heavy-Duty Boots", "teraType": "Fighting", "role": "Fast Bulky Setup", "bvs": {"hp": 100, "atk": 123, "def": 75, "spa": 57, "spd": 75, "spe": 80}, "stats": {"hp": 309, "atk": 258, "def": 176, "spa": 146, "spd": 176, "spe": 185}, "types": ["Normal", "Flying"]}, "Bruxish": {"name": "Bruxish", "species": "Bruxish", "speciesId": "bruxish", "gender": "F", "shiny": false, "level": 85, "moves": ["icefang", "flipturn", "psychicfangs", "wavecrash"], "ability": "Strong Jaw", "evs": {"hp": 85, "atk": 85, "def": 85, "spa": 85, "spd": 85, "spe": 85}, "ivs": {"hp": 31, "atk": 31, "def": 31, "spa": 31, "spd": 31, "spe": 31}, "item": "Choice Scarf", "teraType": "Psychic", "role": "Fast Attacker", "bvs": {"hp": 68, "atk": 105, "def": 70, "spa": 70, "spd": 70, "spe": 92}, "stats": {"hp": 254, "atk": 227, "def": 168, "spa": 168, "spd": 168, "spe": 205}, "types": ["Water", "Psychic"]}, "Poliwrath": {"name": "Poliwrath", "species": "Poliwrath", "speciesId": "poliwrath", "gender": "M", "shiny": false, "level": 88, "moves": ["knockoff", "circlethrow", "closecombat", "liquidation"], "ability": "Water Absorb", "evs": {"hp": 85, "atk": 85, "def": 85, "spa": 85, "spd": 85, "spe": 85}, "ivs": {"hp": 31, "atk": 31, "def": 31, "spa": 31, "spd": 31, "spe": 31}, "item": "Assault Vest", "teraType": "Fighting", "role": "AV Pivot", "bvs": {"hp": 90, "atk": 95, "def": 95, "spa": 70, "spd": 90, "spe": 70}, "stats": {"hp": 302, "atk": 217, "def": 217, "spa": 173, "spd": 209, "spe": 173}, "types": ["Water", "Fighting"]}, "Meganium": {"name": "Meganium", "species": "Meganium", "speciesId": "meganium", "gender": "F", "shiny": false, "level": 90, "moves": ["energyball", "knockoff", "leechseed", "synthesis"], "ability": "Overgrow", "evs": {"hp": 85, "atk": 85, "def": 85, "spa": 85, "spd": 85, "spe": 85}, "ivs": {"hp": 31, "atk": 31, "def": 31, "spa": 31, "spd": 31, "spe": 31}, "item": "Leftovers", "teraType": "Steel", "role": "Bulky Attacker", "bvs": {"hp": 80, "atk": 82, "def": 100, "spa": 83, "spd": 100, "spe": 80}, "stats": {"hp": 290, "atk": 199, "def": 231, "spa": 201, "spd": 231, "spe": 195}, "types": ["Grass"]}, "Registeel": {"name": "Registeel", "species": "Registeel", "speciesId": "registeel", "gender": "N", "shiny": false, "level": 81, "moves": ["irondefense", "ironhead", "bodypress", "rest"], "ability": "Clear Body", "evs": {"hp": 85, "atk": 85, "def": 85, "spa": 85, "spd": 85, "spe": 85}, "ivs": {"hp": 31, "atk": 31, "def": 31, "spa": 31, "spd": 31, "spe": 31}, "item": "Chesto Berry", "teraType": "Fighting", "role": "Bulky Setup", "bvs": {"hp": 80, "atk": 75, "def": 150, "spa": 75, "spd": 150, "spe": 50}, "stats": {"hp": 262, "atk": 168, "def": 290, "spa": 168, "spd": 290, "spe": 128}, "types": ["Steel"]}, "Hariyama": {"name": "Hariyama", "species": "Hariyama", "speciesId": "hariyama", "gender": "F", "shiny": false, "level": 87, "moves": ["knockoff", "closecombat", "heavyslam", "bulletpunch"], "ability": "Thick Fat", "evs": {"hp": 85, "atk": 85, "def": 85, "spa": 85, "spd": 85, "spe": 85}, "ivs": {"hp": 31, "atk": 31, "def": 31, "spa": 31, "spd": 31, "spe": 31}, "item": "Assault Vest", "teraType": "Steel", "role": "AV Pivot", "bvs": {"hp": 144, "atk": 120, "def": 60, "spa": 40, "spd": 60, "spe": 50}, "stats": {"hp": 392, "atk": 259, "def": 154, "spa": 119, "spd": 154, "spe": 137}, "types": ["Fighting"]}}]}