{"id": "gen9randombattle-2641483576", "format": "[Gen 9] Random Battle", "players": ["mewax", "DaFisheee"], "log": "|j|\u2606mewax\n|j|\u2606DaFisheee\n|t:|1782792158\n|gametype|singles\n|player|p1|mewax|1|1966\n|player|p2|DaFisheee|dawn|1914\n|gen|9\n|tier|[Gen 9] Random Battle\n|rated|\n|rule|Species Clause: Limit one of each Pok\u00e9mon\n|rule|HP Percentage Mod: HP is shown in percentages\n|rule|Sleep Clause Mod: Limit one foe put to sleep\n|rule|Illusion Level Mod: Illusion disguises the Pok\u00e9mon's true level\n|\n|t:|1782792158\n|teamsize|p1|6\n|teamsize|p2|6\n|start\n|switch|p1a: Frosmoth|Frosmoth, L82, F|249/249\n|switch|p2a: Great Tusk|Great Tusk, L77|304/304\n|turn|1\n|\n|t:|1782792182\n|-end|p2a: Great Tusk|Protosynthesis|[silent]\n|switch|p2a: Delphox|Delphox, L84, F|263/263\n|move|p1a: Frosmoth|Quiver Dance|p1a: Frosmoth\n|-boost|p1a: Frosmoth|spa|1\n|-boost|p1a: Frosmoth|spd|1\n|-boost|p1a: Frosmoth|spe|1\n|\n|upkeep\n|turn|2\n|\n|t:|1782792192\n|-terastallize|p1a: Frosmoth|Ground\n|move|p2a: Delphox|Fire Blast|p1a: Frosmoth|[miss]\n|-miss|p2a: Delphox|p1a: Frosmoth\n|move|p1a: Frosmoth|Quiver Dance|p1a: Frosmoth\n|-boost|p1a: Frosmoth|spa|1\n|-boost|p1a: Frosmoth|spd|1\n|-boost|p1a: Frosmoth|spe|1\n|\n|upkeep\n|turn|3\n|inactive|Battle timer is ON: inactive players will automatically lose when time's up. (requested by mewax)\n|\n|t:|1782792214\n|move|p2a: Delphox|Fire Blast|p1a: Frosmoth\n|-damage|p1a: Frosmoth|216/249\n|move|p1a: Frosmoth|Quiver Dance|p1a: Frosmoth\n|-boost|p1a: Frosmoth|spa|1\n|-boost|p1a: Frosmoth|spd|1\n|-boost|p1a: Frosmoth|spe|1\n|\n|upkeep\n|turn|4\n|inactive|DaFisheee has 120 seconds left.\n|\n|t:|1782792245\n|move|p1a: Frosmoth|Quiver Dance|p1a: Frosmoth\n|-boost|p1a: Frosmoth|spa|1\n|-boost|p1a: Frosmoth|spd|1\n|-boost|p1a: Frosmoth|spe|1\n|move|p2a: Delphox|Fire Blast|p1a: Frosmoth\n|-damage|p1a: Frosmoth|195/249\n|\n|upkeep\n|turn|5\n|inactive|DaFisheee has 120 seconds left.\n|\n|t:|1782792259\n|switch|p2a: Sudowoodo|Sudowoodo, L94, M|284/284\n|move|p1a: Frosmoth|Quiver Dance|p1a: Frosmoth\n|-boost|p1a: Frosmoth|spa|1\n|-boost|p1a: Frosmoth|spd|1\n|-boost|p1a: Frosmoth|spe|1\n|\n|upkeep\n|turn|6\n|\n|t:|1782792268\n|move|p2a: Sudowoodo|Sucker Punch|p1a: Frosmoth\n|-crit|p1a: Frosmoth\n|-damage|p1a: Frosmoth|0 fnt\n|faint|p1a: Frosmoth\n|\n|upkeep\n|\n|t:|1782792276\n|switch|p1a: Heracross|Heracross, L80, M|259/259\n|turn|7\n|\n|t:|1782792285\n|switch|p2a: Delphox|Delphox, L84, F|263/263\n|move|p1a: Heracross|Close Combat|p2a: Delphox\n|-resisted|p2a: Delphox\n|-damage|p2a: Delphox|141/263\n|-unboost|p1a: Heracross|def|1\n|-unboost|p1a: Heracross|spd|1\n|\n|upkeep\n|turn|8\n|\n|t:|1782792295\n|switch|p1a: Cinderace|Cinderace, L77, M|250/250\n|move|p2a: Delphox|Psyshock|p1a: Cinderace\n|-damage|p1a: Cinderace|127/250\n|\n|upkeep\n|turn|9\n|\n|t:|1782792305\n|move|p2a: Delphox|Psyshock|p1a: Cinderace\n|-damage|p1a: Cinderace|10/250\n|move|p1a: Cinderace|U-turn|p2a: Delphox\n|-start|p1a: Cinderace|typechange|Bug|[from] ability: Libero\n|-damage|p2a: Delphox|53/263\n|\n|t:|1782792309\n|switch|p1a: Greninja|Greninja, L80, M|246/246|[from] U-turn\n|\n|upkeep\n|turn|10\n|\n|t:|1782792327\n|switch|p2a: Altaria|Altaria, L89, M|278/278\n|move|p1a: Greninja|Spikes|p2a: Altaria\n|-start|p1a: Greninja|typechange|Ground|[from] ability: Protean\n|-sidestart|p2: DaFisheee|Spikes\n|\n|upkeep\n|turn|11\n|\n|t:|1782792350\n|move|p1a: Greninja|Spikes|p2a: Altaria\n|-sidestart|p2: DaFisheee|Spikes\n|move|p2a: Altaria|Brave Bird|p1a: Greninja\n|-damage|p1a: Greninja|92/246\n|-damage|p2a: Altaria|227/278|[from] Recoil\n|\n|upkeep\n|turn|12\n|\n|t:|1782792357\n|move|p1a: Greninja|Gunk Shot|p2a: Altaria\n|-damage|p2a: Altaria|133/278\n|-damage|p1a: Greninja|68/246|[from] item: Life Orb\n|move|p2a: Altaria|Brave Bird|p1a: Greninja\n|-damage|p1a: Greninja|0 fnt\n|faint|p1a: Greninja\n|-damage|p2a: Altaria|111/278|[from] Recoil\n|\n|upkeep\n|\n|t:|1782792361\n|switch|p1a: Azelf|Azelf, L82|257/257\n|turn|13\n|\n|t:|1782792367\n|switch|p2a: Morpeko|Morpeko, L88, F|245/245\n|-damage|p2a: Morpeko|205/245|[from] Spikes\n|move|p1a: Azelf|Psychic|p2a: Morpeko\n|-immune|p2a: Morpeko\n|\n|-heal|p2a: Morpeko|220/245|[from] item: Leftovers\n|-formechange|p2a: Morpeko|Morpeko-Hangry||[from] ability: Hunger Switch\n|upkeep\n|turn|14\n|\n|t:|1782792377\n|switch|p1a: Cinderace|Cinderace, L77, M|10/250\n|move|p2a: Morpeko|Rapid Spin|p1a: Cinderace\n|-damage|p1a: Cinderace|0 fnt\n|-boost|p2a: Morpeko|spe|1\n|-sideend|p2: DaFisheee|Spikes|[from] move: Rapid Spin|[of] p2a: Morpeko\n|faint|p1a: Cinderace\n|\n|-heal|p2a: Morpeko|235/245|[from] item: Leftovers\n|-formechange|p2a: Morpeko|Morpeko||[from] ability: Hunger Switch\n|upkeep\n|\n|t:|1782792399\n|switch|p1a: Heracross|Heracross, L80, M|259/259\n|turn|15\n|\n|t:|1782792415\n|move|p2a: Morpeko|Protect|p2a: Morpeko\n|-singleturn|p2a: Morpeko|Protect\n|move|p1a: Heracross|Close Combat|p2a: Morpeko\n|-activate|p2a: Morpeko|move: Protect\n|\n|-heal|p2a: Morpeko|245/245|[from] item: Leftovers\n|-formechange|p2a: Morpeko|Morpeko-Hangry||[from] ability: Hunger Switch\n|upkeep\n|turn|16\n|\n|t:|1782792430\n|switch|p2a: Altaria|Altaria, L89, M|111/278\n|move|p1a: Heracross|Close Combat|p2a: Altaria\n|-resisted|p2a: Altaria\n|-damage|p2a: Altaria|13/278\n|-unboost|p1a: Heracross|def|1\n|-unboost|p1a: Heracross|spd|1\n|\n|upkeep\n|turn|17\n|\n|t:|1782792443\n|switch|p1a: Azelf|Azelf, L82|257/257\n|move|p2a: Altaria|Roost|p2a: Altaria\n|-heal|p2a: Altaria|152/278\n|-singleturn|p2a: Altaria|move: Roost\n|\n|upkeep\n|turn|18\n|\n|t:|1782792453\n|move|p1a: Azelf|Dazzling Gleam|p2a: Altaria\n|-supereffective|p2a: Altaria\n|-damage|p2a: Altaria|0 fnt\n|faint|p2a: Altaria\n|\n|upkeep\n|inactive|DaFisheee has 120 seconds left.\n|\n|t:|1782792487\n|switch|p2a: Squawkabilly|Squawkabilly-Blue, L85, F|278/278\n|turn|19\n|inactive|DaFisheee has 120 seconds left.\n|\n|t:|1782792501\n|move|p2a: Squawkabilly|Protect|p2a: Squawkabilly\n|-singleturn|p2a: Squawkabilly|Protect\n|move|p1a: Azelf|Dazzling Gleam|p2a: Squawkabilly\n|-activate|p2a: Squawkabilly|move: Protect\n|\n|-status|p2a: Squawkabilly|brn|[from] item: Flame Orb\n|upkeep\n|turn|20\n|\n|t:|1782792508\n|move|p1a: Azelf|Dazzling Gleam|p2a: Squawkabilly\n|-damage|p2a: Squawkabilly|145/278 brn\n|move|p2a: Squawkabilly|Facade|p1a: Azelf\n|-damage|p1a: Azelf|0 fnt\n|faint|p1a: Azelf\n|\n|-damage|p2a: Squawkabilly|128/278 brn|[from] brn\n|upkeep\n|\n|t:|1782792530\n|switch|p1a: Heracross|Heracross, L80, M|259/259\n|turn|21\n|\n|t:|1782792535\n|move|p2a: Squawkabilly|Brave Bird|p1a: Heracross\n|-supereffective|p1a: Heracross\n|-damage|p1a: Heracross|0 fnt\n|faint|p1a: Heracross\n|-damage|p2a: Squawkabilly|43/278 brn|[from] Recoil\n|\n|-damage|p2a: Squawkabilly|26/278 brn|[from] brn\n|upkeep\n|\n|t:|1782792537\n|switch|p1a: Meganium|Meganium, L90, M|290/290\n|turn|22\n|\n|t:|1782792543\n|move|p2a: Squawkabilly|Brave Bird|p1a: Meganium\n|-supereffective|p1a: Meganium\n|-damage|p1a: Meganium|0 fnt\n|faint|p1a: Meganium\n|-damage|p2a: Squawkabilly|0 fnt|[from] Recoil\n|faint|p2a: Squawkabilly\n|\n|win|DaFisheee\n", "inputlog": ">version f8ac14003a5f27e1bdc8d8c59608a773c1cb96e5\n>start {\"formatid\":\"gen9randombattle\",\"seed\":\"sodium,4756f7641998c39dc3a304471d0c90d0\",\"rated\":\"Rated battle\"}\n>player p1 {\"name\":\"mewax\",\"avatar\":\"1\",\"rating\":1966,\"seed\":\"sodium,b3ee1481a4d43446c873a57ec9a36f67\"}\n>player p2 {\"name\":\"DaFisheee\",\"avatar\":\"dawn\",\"rating\":1914,\"seed\":\"sodium,be44e5db66915dae3b5e372eafed6dac\"}\n>p1 move quiverdance\n>p2 switch 4\n>p1 move quiverdance terastallize\n>p2 move fireblast\n>p1 move quiverdance\n>p2 move fireblast\n>p1 move quiverdance\n>p2 move fireblast\n>p1 move quiverdance\n>p2 switch 2\n>p1 move terablast\n>p2 move suckerpunch\n>p1 switch 2\n>p1 move closecombat\n>p2 switch 2\n>p1 switch 3\n>p2 move psyshock\n>p1 move uturn\n>p2 move psyshock\n>p1 switch 6\n>p1 move spikes\n>p2 switch 5\n>p1 move spikes\n>p2 move bravebird\n>p1 move gunkshot\n>p2 move bravebird\n>p1 switch 5\n>p1 move psychic\n>p2 switch 3\n>p1 switch 6\n>p2 move rapidspin\n>p1 switch 3\n>p1 move closecombat\n>p2 move protect\n>p1 move closecombat\n>p2 switch 3\n>p1 switch 6\n>p2 move roost\n>p1 move dazzlinggleam\n>p2 move roost\n>p2 switch 6\n>p1 move dazzlinggleam\n>p2 move protect\n>p1 move dazzlinggleam\n>p2 move facade\n>p1 switch 6\n>p1 move closecombat\n>p2 move bravebird\n>p1 switch 4\n>p1 move swordsdance\n>p2 move bravebird", "uploadtime": 1782792159, "views": 3, "formatid": "gen9randombattle", "rating": null, "private": 0, "password": null, "player_dets": [{"name": "mewax", "avatar": "1", "rating": 1966, "seed": "sodium,b3ee1481a4d43446c873a57ec9a36f67"}, {"name": "DaFisheee", "avatar": "dawn", "rating": 1914, "seed": "sodium,be44e5db66915dae3b5e372eafed6dac"}], "teams_full": [{"Frosmoth": {"name": "Frosmoth", "species": "Frosmoth", "speciesId": "frosmoth", "gender": "F", "shiny": false, "level": 82, "moves": ["quiverdance", "terablast", "icebeam", "bugbuzz"], "ability": "Ice Scales", "evs": {"hp": 85, "atk": 0, "def": 85, "spa": 85, "spd": 85, "spe": 85}, "ivs": {"hp": 31, "atk": 0, "def": 31, "spa": 31, "spd": 31, "spe": 31}, "item": "Heavy-Duty Boots", "teraType": "Ground", "role": "Tera Blast user", "bvs": {"hp": 70, "atk": 65, "def": 60, "spa": 125, "spd": 90, "spe": 65}, "stats": {"hp": 249, "atk": 111, "def": 146, "spa": 252, "spd": 195, "spe": 154}, "types": ["Ice", "Bug"]}, "Heracross": {"name": "Heracross", "species": "Heracross", "speciesId": "heracross", "gender": "M", "shiny": false, "level": 80, "moves": ["megahorn", "knockoff", "closecombat", "earthquake"], "ability": "Moxie", "evs": {"hp": 85, "atk": 85, "def": 85, "spa": 85, "spd": 85, "spe": 85}, "ivs": {"hp": 31, "atk": 31, "def": 31, "spa": 31, "spd": 31, "spe": 31}, "item": "Choice Band", "teraType": "Bug", "role": "Fast Attacker", "bvs": {"hp": 80, "atk": 125, "def": 75, "spa": 40, "spd": 95, "spe": 85}, "stats": {"hp": 259, "atk": 246, "def": 166, "spa": 110, "spd": 198, "spe": 182}, "types": ["Bug", "Fighting"]}, "Cinderace": {"name": "Cinderace", "species": "Cinderace", "speciesId": "cinderace", "gender": "M", "shiny": false, "level": 77, "moves": ["uturn", "willowisp", "courtchange", "pyroball"], "ability": "Libero", "evs": {"hp": 85, "atk": 85, "def": 85, "spa": 85, "spd": 85, "spe": 85}, "ivs": {"hp": 31, "atk": 31, "def": 31, "spa": 31, "spd": 31, "spe": 31}, "item": "Heavy-Duty Boots", "teraType": "Grass", "role": "Fast Support", "bvs": {"hp": 80, "atk": 116, "def": 75, "spa": 65, "spd": 75, "spe": 119}, "stats": {"hp": 250, "atk": 223, "def": 160, "spa": 145, "spd": 160, "spe": 228}, "types": ["Fire"]}, "Meganium": {"name": "Meganium", "species": "Meganium", "speciesId": "meganium", "gender": "M", "shiny": false, "level": 90, "moves": ["petalblizzard", "swordsdance", "earthquake", "knockoff"], "ability": "Overgrow", "evs": {"hp": 85, "atk": 85, "def": 85, "spa": 85, "spd": 85, "spe": 85}, "ivs": {"hp": 31, "atk": 31, "def": 31, "spa": 31, "spd": 31, "spe": 31}, "item": "Leftovers", "teraType": "Ground", "role": "Bulky Setup", "bvs": {"hp": 80, "atk": 82, "def": 100, "spa": 83, "spd": 100, "spe": 80}, "stats": {"hp": 290, "atk": 199, "def": 231, "spa": 201, "spd": 231, "spe": 195}, "types": ["Grass"]}, "Azelf": {"name": "Azelf", "species": "Azelf", "speciesId": "azelf", "gender": "N", "shiny": false, "level": 82, "moves": ["dazzlinggleam", "uturn", "fireblast", "psychic"], "ability": "Levitate", "evs": {"hp": 85, "atk": 85, "def": 85, "spa": 85, "spd": 85, "spe": 85}, "ivs": {"hp": 31, "atk": 31, "def": 31, "spa": 31, "spd": 31, "spe": 31}, "item": "Choice Specs", "teraType": "Fairy", "role": "Fast Attacker", "bvs": {"hp": 75, "atk": 125, "def": 70, "spa": 125, "spd": 70, "spe": 115}, "stats": {"hp": 257, "atk": 252, "def": 162, "spa": 252, "spd": 162, "spe": 236}, "types": ["Psychic"]}, "Greninja": {"name": "Greninja", "species": "Greninja", "speciesId": "greninja", "gender": "M", "shiny": false, "level": 80, "moves": ["gunkshot", "spikes", "hydropump", "grassknot"], "ability": "Protean", "evs": {"hp": 85, "atk": 85, "def": 85, "spa": 85, "spd": 85, "spe": 85}, "ivs": {"hp": 31, "atk": 31, "def": 31, "spa": 31, "spd": 31, "spe": 31}, "item": "Life Orb", "teraType": "Poison", "role": "Wallbreaker", "bvs": {"hp": 72, "atk": 95, "def": 67, "spa": 103, "spd": 71, "spe": 122}, "stats": {"hp": 246, "atk": 198, "def": 153, "spa": 211, "spd": 160, "spe": 241}, "types": ["Water", "Dark"]}}, {"Great Tusk": {"name": "Great Tusk", "species": "Great Tusk", "speciesId": "greattusk", "gender": "N", "shiny": false, "level": 77, "moves": ["earthquake", "rapidspin", "bulkup", "closecombat"], "ability": "Protosynthesis", "evs": {"hp": 85, "atk": 85, "def": 85, "spa": 85, "spd": 85, "spe": 85}, "ivs": {"hp": 31, "atk": 31, "def": 31, "spa": 31, "spd": 31, "spe": 31}, "item": "Leftovers", "teraType": "Ground", "role": "Bulky Setup", "bvs": {"hp": 115, "atk": 131, "def": 131, "spa": 53, "spd": 53, "spe": 87}, "stats": {"hp": 304, "atk": 246, "def": 246, "spa": 126, "spd": 126, "spe": 179}, "types": ["Ground", "Fighting"]}, "Sudowoodo": {"name": "Sudowoodo", "species": "Sudowoodo", "speciesId": "sudowoodo", "gender": "M", "shiny": false, "level": 94, "moves": ["headsmash", "suckerpunch", "woodhammer", "earthquake"], "ability": "Rock Head", "evs": {"hp": 85, "atk": 85, "def": 85, "spa": 85, "spd": 85, "spe": 85}, "ivs": {"hp": 31, "atk": 31, "def": 31, "spa": 31, "spd": 31, "spe": 31}, "item": "Choice Band", "teraType": "Rock", "role": "Bulky Attacker", "bvs": {"hp": 70, "atk": 100, "def": 115, "spa": 30, "spd": 65, "spe": 30}, "stats": {"hp": 284, "atk": 241, "def": 270, "spa": 110, "spd": 176, "spe": 110}, "types": ["Rock"]}, "Morpeko": {"name": "Morpeko", "species": "Morpeko", "speciesId": "morpeko", "gender": "F", "shiny": false, "level": 88, "moves": ["knockoff", "rapidspin", "aurawheel", "protect"], "ability": "Hunger Switch", "evs": {"hp": 85, "atk": 85, "def": 85, "spa": 85, "spd": 85, "spe": 85}, "ivs": {"hp": 31, "atk": 31, "def": 31, "spa": 31, "spd": 31, "spe": 31}, "item": "Leftovers", "teraType": "Electric", "role": "Bulky Attacker", "bvs": {"hp": 58, "atk": 95, "def": 58, "spa": 70, "spd": 58, "spe": 97}, "stats": {"hp": 245, "atk": 217, "def": 152, "spa": 173, "spd": 152, "spe": 221}, "types": ["Electric", "Dark"]}, "Delphox": {"name": "Delphox", "species": "Delphox", "speciesId": "delphox", "gender": "F", "shiny": false, "level": 84, "moves": ["focusblast", "psyshock", "grassknot", "fireblast"], "ability": "Blaze", "evs": {"hp": 85, "atk": 0, "def": 85, "spa": 85, "spd": 85, "spe": 85}, "ivs": {"hp": 31, "atk": 0, "def": 31, "spa": 31, "spd": 31, "spe": 31}, "item": "Choice Scarf", "teraType": "Fighting", "role": "Fast Attacker", "bvs": {"hp": 75, "atk": 69, "def": 72, "spa": 114, "spd": 100, "spe": 104}, "stats": {"hp": 263, "atk": 120, "def": 169, "spa": 240, "spd": 216, "spe": 223}, "types": ["Fire", "Psychic"]}, "Altaria": {"name": "Altaria", "species": "Altaria", "speciesId": "altaria", "gender": "M", "shiny": false, "level": 89, "moves": ["willowisp", "bravebird", "earthquake", "roost"], "ability": "Natural Cure", "evs": {"hp": 85, "atk": 85, "def": 85, "spa": 85, "spd": 85, "spe": 85}, "ivs": {"hp": 31, "atk": 31, "def": 31, "spa": 31, "spd": 31, "spe": 31}, "item": "Heavy-Duty Boots", "teraType": "Steel", "role": "Bulky Support", "bvs": {"hp": 75, "atk": 70, "def": 90, "spa": 70, "spd": 105, "spe": 80}, "stats": {"hp": 278, "atk": 175, "def": 211, "spa": 175, "spd": 238, "spe": 193}, "types": ["Dragon", "Flying"]}, "Squawkabilly": {"name": "Squawkabilly", "species": "Squawkabilly-Blue", "speciesId": "squawkabillyblue", "gender": "F", "shiny": false, "level": 85, "moves": ["protect", "bravebird", "quickattack", "facade"], "ability": "Guts", "evs": {"hp": 85, "atk": 85, "def": 85, "spa": 85, "spd": 85, "spe": 85}, "ivs": {"hp": 31, "atk": 31, "def": 31, "spa": 31, "spd": 31, "spe": 31}, "item": "Flame Orb", "teraType": "Normal", "role": "Wallbreaker", "bvs": {"hp": 82, "atk": 96, "def": 51, "spa": 45, "spd": 51, "spe": 92}, "stats": {"hp": 278, "atk": 212, "def": 135, "spa": 125, "spd": 135, "spe": 205}, "types": ["Normal", "Flying"]}}]}