{"id": "gen9randombattle-2641552609", "format": "[Gen 9] Random Battle", "players": ["doodling02", "testbotcif"], "log": "|j|\u2606doodling02\n|j|\u2606testbotcif\n|t:|1782806467\n|gametype|singles\n|player|p1|doodling02|gambler|1242\n|player|p2|testbotcif|266|1238\n|gen|9\n|tier|[Gen 9] Random Battle\n|rated|\n|rule|Species Clause: Limit one of each Pok\u00e9mon\n|rule|HP Percentage Mod: HP is shown in percentages\n|rule|Sleep Clause Mod: Limit one foe put to sleep\n|rule|Illusion Level Mod: Illusion disguises the Pok\u00e9mon's true level\n|\n|t:|1782806467\n|teamsize|p1|6\n|teamsize|p2|6\n|start\n|switch|p1a: Deoxys|Deoxys-Speed, L82|216/216\n|switch|p2a: Solgaleo|Solgaleo, L74|325/325\n|-ability|p1a: Deoxys|Pressure\n|turn|1\n|c|\u2606testbotcif|rlhf\n|inactive|Battle timer is ON: inactive players will automatically lose when time's up. (requested by doodling02)\n|inactive|testbotcif also wants the timer to be on.\n|\n|t:|1782806478\n|move|p1a: Deoxys|Knock Off|p2a: Solgaleo\n|-supereffective|p2a: Solgaleo\n|-damage|p2a: Solgaleo|195/325\n|-enditem|p2a: Solgaleo|Weakness Policy\n|-boost|p2a: Solgaleo|atk|2|[from] item: Weakness Policy\n|-boost|p2a: Solgaleo|spa|2|[from] item: Weakness Policy\n|move|p2a: Solgaleo|Sunsteel Strike|p1a: Deoxys\n|-damage|p1a: Deoxys|2/216\n|\n|upkeep\n|turn|2\n|\n|t:|1782806488\n|move|p1a: Deoxys|Knock Off|p2a: Solgaleo\n|-supereffective|p2a: Solgaleo\n|-damage|p2a: Solgaleo|107/325\n|move|p2a: Solgaleo|Knock Off|p1a: Deoxys\n|-supereffective|p1a: Deoxys\n|-damage|p1a: Deoxys|0 fnt\n|-enditem|p1a: Deoxys|Focus Sash|[from] move: Knock Off|[of] p2a: Solgaleo\n|faint|p1a: Deoxys\n|\n|upkeep\n|\n|t:|1782806510\n|switch|p1a: Terrakion|Terrakion, L79|273/273\n|turn|3\n|\n|t:|1782806512\n|move|p1a: Terrakion|Earthquake|p2a: Solgaleo\n|-supereffective|p2a: Solgaleo\n|-damage|p2a: Solgaleo|0 fnt\n|faint|p2a: Solgaleo\n|\n|upkeep\n|\n|t:|1782806513\n|switch|p2a: Registeel|Registeel, L81|262/262\n|turn|4\n|\n|t:|1782806518\n|-terastallize|p2a: Registeel|Fighting\n|move|p1a: Terrakion|Earthquake|p2a: Registeel\n|-damage|p2a: Registeel|182/262\n|move|p2a: Registeel|Iron Defense|p2a: Registeel\n|-boost|p2a: Registeel|def|2\n|\n|upkeep\n|turn|5\n|\n|t:|1782806530\n|switch|p1a: Iron Valiant|Iron Valiant, L78|244/244\n|move|p2a: Registeel|Rest|p2a: Registeel\n|-status|p2a: Registeel|slp|[from] move: Rest\n|-heal|p2a: Registeel|262/262 slp|[silent]\n|-enditem|p2a: Registeel|Chesto Berry|[eat]\n|-curestatus|p2a: Registeel|slp|[msg]\n|\n|upkeep\n|turn|6\n|\n|t:|1782806536\n|move|p1a: Iron Valiant|Moonblast|p2a: Registeel\n|-supereffective|p2a: Registeel\n|-damage|p2a: Registeel|80/262\n|-damage|p1a: Iron Valiant|220/244|[from] item: Life Orb\n|move|p2a: Registeel|Iron Head|p1a: Iron Valiant\n|-supereffective|p1a: Iron Valiant\n|-damage|p1a: Iron Valiant|92/244\n|\n|upkeep\n|turn|7\n|\n|t:|1782806542\n|move|p1a: Iron Valiant|Moonblast|p2a: Registeel\n|-supereffective|p2a: Registeel\n|-damage|p2a: Registeel|0 fnt\n|faint|p2a: Registeel\n|-damage|p1a: Iron Valiant|68/244|[from] item: Life Orb\n|\n|upkeep\n|\n|t:|1782806542\n|switch|p2a: Dragalge|Dragalge, L88, M|258/258\n|turn|8\n|\n|t:|1782806551\n|move|p1a: Iron Valiant|Moonblast|p2a: Dragalge\n|-damage|p2a: Dragalge|161/258\n|-damage|p1a: Iron Valiant|44/244|[from] item: Life Orb\n|move|p2a: Dragalge|Sludge Wave|p1a: Iron Valiant\n|-supereffective|p1a: Iron Valiant\n|-damage|p1a: Iron Valiant|0 fnt\n|faint|p1a: Iron Valiant\n|-end|p1a: Iron Valiant|Quark Drive|[silent]\n|\n|-heal|p2a: Dragalge|177/258|[from] item: Leftovers\n|upkeep\n|\n|t:|1782806559\n|switch|p1a: Cinccino|Cinccino, L83, M|260/260\n|turn|9\n|\n|t:|1782806562\n|move|p1a: Cinccino|Triple Axel|p2a: Dragalge\n|-supereffective|p2a: Dragalge\n|-damage|p2a: Dragalge|135/258\n|-supereffective|p2a: Dragalge\n|-damage|p2a: Dragalge|57/258\n|-supereffective|p2a: Dragalge\n|-damage|p2a: Dragalge|0 fnt\n|faint|p2a: Dragalge\n|-hitcount|p2: Dragalge|3\n|\n|upkeep\n|\n|t:|1782806562\n|switch|p2a: Slaking|Slaking, L84, F|389/389\n|turn|10\n|\n|t:|1782806576\n|move|p1a: Cinccino|Tidy Up|p1a: Cinccino\n|-boost|p1a: Cinccino|atk|1\n|-boost|p1a: Cinccino|spe|1\n|move|p2a: Slaking|Double-Edge|p1a: Cinccino\n|-damage|p1a: Cinccino|0 fnt\n|faint|p1a: Cinccino\n|-damage|p2a: Slaking|303/389|[from] Recoil\n|\n|upkeep\n|\n|t:|1782806585\n|switch|p1a: Terrakion|Terrakion, L79|273/273\n|turn|11\n|\n|t:|1782806587\n|switch|p2a: Dragonite|Dragonite, L74, M|257/257\n|move|p1a: Terrakion|Close Combat|p2a: Dragonite\n|-resisted|p2a: Dragonite\n|-damage|p2a: Dragonite|204/257\n|-unboost|p1a: Terrakion|def|1\n|-unboost|p1a: Terrakion|spd|1\n|\n|upkeep\n|turn|12\n|\n|t:|1782806595\n|switch|p1a: Arceus|Arceus-Dragon, L71|288/288\n|move|p2a: Dragonite|Earthquake|p1a: Arceus\n|-damage|p1a: Arceus|222/288\n|\n|upkeep\n|turn|13\n|\n|t:|1782806601\n|move|p1a: Arceus|Judgment|p2a: Dragonite\n|-supereffective|p2a: Dragonite\n|-damage|p2a: Dragonite|0 fnt\n|faint|p2a: Dragonite\n|\n|upkeep\n|\n|t:|1782806602\n|switch|p2a: Chansey|Chansey, L85, F|564/564\n|turn|14\n|\n|t:|1782806608\n|move|p1a: Arceus|Calm Mind|p1a: Arceus\n|-boost|p1a: Arceus|spa|1\n|-boost|p1a: Arceus|spd|1\n|move|p2a: Chansey|Seismic Toss|p1a: Arceus\n|-damage|p1a: Arceus|137/288\n|\n|upkeep\n|turn|15\n|\n|t:|1782806615\n|move|p1a: Arceus|Judgment|p2a: Chansey\n|-damage|p2a: Chansey|468/564\n|move|p2a: Chansey|Seismic Toss|p1a: Arceus\n|-damage|p1a: Arceus|52/288\n|\n|upkeep\n|turn|16\n|\n|t:|1782806621\n|move|p1a: Arceus|Recover|p1a: Arceus\n|-heal|p1a: Arceus|196/288\n|move|p2a: Chansey|Seismic Toss|p1a: Arceus\n|-damage|p1a: Arceus|111/288\n|\n|upkeep\n|turn|17\n|\n|t:|1782806627\n|move|p1a: Arceus|Fire Blast|p2a: Chansey\n|-damage|p2a: Chansey|410/564\n|move|p2a: Chansey|Seismic Toss|p1a: Arceus\n|-damage|p1a: Arceus|26/288\n|\n|upkeep\n|turn|18\n|\n|t:|1782806632\n|move|p1a: Arceus|Recover|p1a: Arceus\n|-heal|p1a: Arceus|170/288\n|move|p2a: Chansey|Soft-Boiled|p2a: Chansey\n|-heal|p2a: Chansey|564/564\n|\n|upkeep\n|turn|19\n|\n|t:|1782806636\n|move|p1a: Arceus|Calm Mind|p1a: Arceus\n|-boost|p1a: Arceus|spa|1\n|-boost|p1a: Arceus|spd|1\n|move|p2a: Chansey|Seismic Toss|p1a: Arceus\n|-damage|p1a: Arceus|85/288\n|\n|upkeep\n|turn|20\n|\n|t:|1782806641\n|move|p1a: Arceus|Recover|p1a: Arceus\n|-heal|p1a: Arceus|229/288\n|move|p2a: Chansey|Seismic Toss|p1a: Arceus\n|-damage|p1a: Arceus|144/288\n|\n|upkeep\n|turn|21\n|\n|t:|1782806646\n|move|p1a: Arceus|Calm Mind|p1a: Arceus\n|-boost|p1a: Arceus|spa|1\n|-boost|p1a: Arceus|spd|1\n|move|p2a: Chansey|Seismic Toss|p1a: Arceus\n|-damage|p1a: Arceus|59/288\n|\n|upkeep\n|turn|22\n|\n|t:|1782806650\n|move|p1a: Arceus|Recover|p1a: Arceus\n|-heal|p1a: Arceus|203/288\n|move|p2a: Chansey|Seismic Toss|p1a: Arceus\n|-damage|p1a: Arceus|118/288\n|\n|upkeep\n|turn|23\n|\n|t:|1782806655\n|move|p1a: Arceus|Calm Mind|p1a: Arceus\n|-boost|p1a: Arceus|spa|1\n|-boost|p1a: Arceus|spd|1\n|move|p2a: Chansey|Seismic Toss|p1a: Arceus\n|-damage|p1a: Arceus|33/288\n|\n|upkeep\n|turn|24\n|\n|t:|1782806660\n|move|p1a: Arceus|Recover|p1a: Arceus\n|-heal|p1a: Arceus|177/288\n|move|p2a: Chansey|Seismic Toss|p1a: Arceus\n|-damage|p1a: Arceus|92/288\n|\n|upkeep\n|turn|25\n|\n|t:|1782806665\n|move|p1a: Arceus|Recover|p1a: Arceus\n|-heal|p1a: Arceus|236/288\n|move|p2a: Chansey|Seismic Toss|p1a: Arceus\n|-damage|p1a: Arceus|151/288\n|\n|upkeep\n|turn|26\n|\n|t:|1782806670\n|move|p1a: Arceus|Calm Mind|p1a: Arceus\n|-boost|p1a: Arceus|spa|1\n|-boost|p1a: Arceus|spd|1\n|move|p2a: Chansey|Seismic Toss|p1a: Arceus\n|-damage|p1a: Arceus|66/288\n|\n|upkeep\n|turn|27\n|\n|t:|1782806674\n|move|p1a: Arceus|Recover|p1a: Arceus\n|-heal|p1a: Arceus|210/288\n|move|p2a: Chansey|Seismic Toss|p1a: Arceus\n|-damage|p1a: Arceus|125/288\n|\n|upkeep\n|turn|28\n|\n|t:|1782806679\n|move|p1a: Arceus|Judgment|p2a: Chansey\n|-damage|p2a: Chansey|332/564\n|move|p2a: Chansey|Seismic Toss|p1a: Arceus\n|-damage|p1a: Arceus|40/288\n|\n|upkeep\n|turn|29\n|\n|t:|1782806684\n|move|p1a: Arceus|Recover|p1a: Arceus\n|-heal|p1a: Arceus|184/288\n|move|p2a: Chansey|Soft-Boiled|p2a: Chansey\n|-heal|p2a: Chansey|564/564\n|\n|upkeep\n|turn|30\n|\n|t:|1782806689\n|move|p1a: Arceus|Judgment|p2a: Chansey\n|-damage|p2a: Chansey|348/564\n|move|p2a: Chansey|Seismic Toss|p1a: Arceus\n|-damage|p1a: Arceus|99/288\n|\n|upkeep\n|turn|31\n|\n|t:|1782806693\n|move|p1a: Arceus|Judgment|p2a: Chansey\n|-damage|p2a: Chansey|113/564\n|move|p2a: Chansey|Soft-Boiled|p2a: Chansey\n|-heal|p2a: Chansey|395/564\n|\n|upkeep\n|turn|32\n|\n|t:|1782806697\n|move|p1a: Arceus|Judgment|p2a: Chansey\n|-damage|p2a: Chansey|167/564\n|move|p2a: Chansey|Soft-Boiled|p2a: Chansey\n|-heal|p2a: Chansey|449/564\n|\n|upkeep\n|turn|33\n|\n|t:|1782806704\n|move|p1a: Arceus|Judgment|p2a: Chansey\n|-damage|p2a: Chansey|211/564\n|move|p2a: Chansey|Seismic Toss|p1a: Arceus\n|-damage|p1a: Arceus|14/288\n|\n|upkeep\n|turn|34\n|\n|t:|1782806709\n|move|p1a: Arceus|Judgment|p2a: Chansey\n|-damage|p2a: Chansey|3/564\n|move|p2a: Chansey|Soft-Boiled|p2a: Chansey\n|-heal|p2a: Chansey|285/564\n|\n|upkeep\n|turn|35\n|\n|t:|1782806713\n|move|p1a: Arceus|Judgment|p2a: Chansey\n|-damage|p2a: Chansey|83/564\n|move|p2a: Chansey|Soft-Boiled|p2a: Chansey\n|-heal|p2a: Chansey|365/564\n|\n|upkeep\n|turn|36\n|\n|t:|1782806719\n|move|p1a: Arceus|Judgment|p2a: Chansey\n|-damage|p2a: Chansey|154/564\n|move|p2a: Chansey|Seismic Toss|p1a: Arceus\n|-damage|p1a: Arceus|0 fnt\n|faint|p1a: Arceus\n|\n|upkeep\n|\n|t:|1782806727\n|switch|p1a: Terrakion|Terrakion, L79|273/273\n|turn|37\n|\n|t:|1782806729\n|move|p1a: Terrakion|Close Combat|p2a: Chansey\n|-supereffective|p2a: Chansey\n|-damage|p2a: Chansey|0 fnt\n|-unboost|p1a: Terrakion|def|1\n|-unboost|p1a: Terrakion|spd|1\n|faint|p2a: Chansey\n|\n|upkeep\n|\n|t:|1782806730\n|switch|p2a: Slaking|Slaking, L84, F|303/389\n|turn|38\n|\n|t:|1782806737\n|move|p1a: Terrakion|Close Combat|p2a: Slaking\n|-supereffective|p2a: Slaking\n|-damage|p2a: Slaking|0 fnt\n|-unboost|p1a: Terrakion|def|1\n|-unboost|p1a: Terrakion|spd|1\n|faint|p2a: Slaking\n|\n|win|doodling02\n|raw|doodling02's rating: 1242 &rarr; <strong>1267</strong><br />(+25 for winning)\n|raw|testbotcif's rating: 1238 &rarr; <strong>1213</strong><br />(-25 for losing)\n", "inputlog": ">version f8ac14003a5f27e1bdc8d8c59608a773c1cb96e5\n>start {\"formatid\":\"gen9randombattle\",\"seed\":\"sodium,4b2d21b918fe048b046939853ea05ce8\",\"rated\":\"Rated battle\"}\n>player p1 {\"name\":\"doodling02\",\"avatar\":\"gambler\",\"rating\":1242,\"seed\":\"sodium,7d598a79c39a81798978279b73288779\"}\n>player p2 {\"name\":\"testbotcif\",\"avatar\":\"266\",\"rating\":1238,\"seed\":\"sodium,ff203b1e308fdc3eed398d4f4f8d3e65\"}\n>chat \u2606testbotcif|rlhf\n>p1 move knockoff\n>p2 move sunsteelstrike\n>p1 move knockoff\n>p2 move knockoff\n>p1 switch 5\n>p1 move earthquake\n>p2 move sunsteelstrike\n>p2 switch 3\n>p1 move earthquake\n>p2 move irondefense terastallize\n>p1 switch 6\n>p2 move rest\n>p1 move moonblast\n>p2 move ironhead\n>p1 move moonblast\n>p2 move rest\n>p2 switch 4\n>p1 move moonblast\n>p2 move sludgewave\n>p1 switch 4\n>p1 move tripleaxel\n>p2 move sludgewave\n>p2 switch 5\n>p1 move tidyup\n>p2 move doubleedge\n>p1 switch 6\n>p1 move closecombat\n>p2 switch 2\n>p1 switch 2\n>p2 move earthquake\n>p1 move judgment\n>p2 move dragondance\n>p2 switch 6\n>p1 move calmmind\n>p2 move seismictoss\n>p1 move judgment\n>p2 move seismictoss\n>p1 move recover\n>p2 move seismictoss\n>p1 move fireblast\n>p2 move seismictoss\n>p1 move recover\n>p2 move softboiled\n>p1 move calmmind\n>p2 move seismictoss\n>p1 move recover\n>p2 move seismictoss\n>p1 move calmmind\n>p2 move seismictoss\n>p1 move recover\n>p2 move seismictoss\n>p1 move calmmind\n>p2 move seismictoss\n>p1 move recover\n>p2 move seismictoss\n>p1 move recover\n>p2 move seismictoss\n>p1 move calmmind\n>p2 move seismictoss\n>p1 move recover\n>p2 move seismictoss\n>p1 move judgment\n>p2 move seismictoss\n>p1 move recover\n>p2 move softboiled\n>p1 move judgment\n>p2 move seismictoss\n>p1 move judgment\n>p2 move softboiled\n>p1 move judgment\n>p2 move softboiled\n>p1 move judgment\n>p2 move seismictoss\n>p1 move judgment\n>p2 move softboiled\n>p1 move judgment\n>p2 move softboiled\n>p1 move judgment\n>p2 move seismictoss\n>p1 switch 2\n>p1 move closecombat\n>p2 move seismictoss\n>p2 switch 2\n>p1 move closecombat\n>p2 move earthquake", "uploadtime": 1782806737, "views": 5, "formatid": "gen9randombattle", "rating": 1213, "private": 0, "password": null, "player_dets": [{"name": "doodling02", "avatar": "gambler", "rating": 1242, "seed": "sodium,7d598a79c39a81798978279b73288779"}, {"name": "testbotcif", "avatar": "266", "rating": 1238, "seed": "sodium,ff203b1e308fdc3eed398d4f4f8d3e65"}], "teams_full": [{"Deoxys": {"name": "Deoxys", "species": "Deoxys-Speed", "speciesId": "deoxysspeed", "gender": "N", "shiny": false, "level": 82, "moves": ["stealthrock", "taunt", "psychoboost", "knockoff"], "ability": "Pressure", "evs": {"hp": 85, "atk": 85, "def": 85, "spa": 85, "spd": 85, "spe": 85}, "ivs": {"hp": 31, "atk": 31, "def": 31, "spa": 31, "spd": 31, "spe": 31}, "item": "Focus Sash", "teraType": "Dark", "role": "Fast Support", "bvs": {"hp": 50, "atk": 95, "def": 90, "spa": 95, "spd": 90, "spe": 180}, "stats": {"hp": 216, "atk": 203, "def": 195, "spa": 203, "spd": 195, "spe": 342}, "types": ["Psychic"]}, "Arceus": {"name": "Arceus", "species": "Arceus-Dragon", "speciesId": "arceusdragon", "gender": "N", "shiny": false, "level": 71, "moves": ["calmmind", "judgment", "recover", "fireblast"], "ability": "Multitype", "evs": {"hp": 85, "atk": 0, "def": 85, "spa": 85, "spd": 85, "spe": 85}, "ivs": {"hp": 31, "atk": 0, "def": 31, "spa": 31, "spd": 31, "spe": 31}, "item": "Draco Plate", "teraType": "Fire", "role": "Fast Bulky Setup", "bvs": {"hp": 120, "atk": 120, "def": 120, "spa": 120, "spd": 120, "spe": 120}, "stats": {"hp": 288, "atk": 175, "def": 212, "spa": 212, "spd": 212, "spe": 212}, "types": ["Dragon"]}, "Reshiram": {"name": "Reshiram", "species": "Reshiram", "speciesId": "reshiram", "gender": "N", "shiny": false, "level": 76, "moves": ["flareblitz", "outrage", "stoneedge", "dragondance"], "ability": "Turboblaze", "evs": {"hp": 85, "atk": 85, "def": 85, "spa": 85, "spd": 85, "spe": 85}, "ivs": {"hp": 31, "atk": 31, "def": 31, "spa": 31, "spd": 31, "spe": 31}, "item": "Heavy-Duty Boots", "teraType": "Fire", "role": "Setup Sweeper", "bvs": {"hp": 100, "atk": 120, "def": 100, "spa": 150, "spd": 120, "spe": 90}, "stats": {"hp": 277, "atk": 226, "def": 196, "spa": 272, "spd": 226, "spe": 181}, "types": ["Dragon", "Fire"]}, "Cinccino": {"name": "Cinccino", "species": "Cinccino", "speciesId": "cinccino", "gender": "M", "shiny": false, "level": 83, "moves": ["tripleaxel", "tailslap", "bulletseed", "tidyup"], "ability": "Technician", "evs": {"hp": 85, "atk": 85, "def": 85, "spa": 85, "spd": 85, "spe": 85}, "ivs": {"hp": 31, "atk": 31, "def": 31, "spa": 31, "spd": 31, "spe": 31}, "item": "Loaded Dice", "teraType": "Grass", "role": "Fast Attacker", "bvs": {"hp": 75, "atk": 95, "def": 60, "spa": 65, "spd": 60, "spe": 115}, "stats": {"hp": 260, "atk": 205, "def": 147, "spa": 156, "spd": 147, "spe": 239}, "types": ["Normal"]}, "Terrakion": {"name": "Terrakion", "species": "Terrakion", "speciesId": "terrakion", "gender": "N", "shiny": false, "level": 79, "moves": ["stoneedge", "quickattack", "earthquake", "closecombat"], "ability": "Justified", "evs": {"hp": 85, "atk": 85, "def": 85, "spa": 85, "spd": 85, "spe": 85}, "ivs": {"hp": 31, "atk": 31, "def": 31, "spa": 31, "spd": 31, "spe": 31}, "item": "Choice Band", "teraType": "Fighting", "role": "Wallbreaker", "bvs": {"hp": 91, "atk": 129, "def": 90, "spa": 72, "spd": 90, "spe": 108}, "stats": {"hp": 273, "atk": 249, "def": 188, "spa": 159, "spd": 188, "spe": 216}, "types": ["Rock", "Fighting"]}, "Iron Valiant": {"name": "Iron Valiant", "species": "Iron Valiant", "speciesId": "ironvaliant", "gender": "N", "shiny": false, "level": 78, "moves": ["encore", "closecombat", "moonblast", "knockoff"], "ability": "Quark Drive", "evs": {"hp": 85, "atk": 85, "def": 85, "spa": 85, "spd": 85, "spe": 85}, "ivs": {"hp": 31, "atk": 31, "def": 31, "spa": 31, "spd": 31, "spe": 31}, "item": "Life Orb", "teraType": "Fairy", "role": "Wallbreaker", "bvs": {"hp": 74, "atk": 130, "def": 90, "spa": 120, "spd": 60, "spe": 116}, "stats": {"hp": 244, "atk": 248, "def": 185, "spa": 232, "spd": 139, "spe": 226}, "types": ["Fairy", "Fighting"]}}, {"Solgaleo": {"name": "Solgaleo", "species": "Solgaleo", "speciesId": "solgaleo", "gender": "N", "shiny": false, "level": 74, "moves": ["flamecharge", "sunsteelstrike", "earthquake", "knockoff"], "ability": "Full Metal Body", "evs": {"hp": 85, "atk": 85, "def": 85, "spa": 85, "spd": 85, "spe": 85}, "ivs": {"hp": 31, "atk": 31, "def": 31, "spa": 31, "spd": 31, "spe": 31}, "item": "Weakness Policy", "teraType": "Dark", "role": "Bulky Setup", "bvs": {"hp": 137, "atk": 137, "def": 107, "spa": 113, "spd": 89, "spe": 97}, "stats": {"hp": 325, "atk": 246, "def": 201, "spa": 210, "spd": 175, "spe": 187}, "types": ["Psychic", "Steel"]}, "Dragonite": {"name": "Dragonite", "species": "Dragonite", "speciesId": "dragonite", "gender": "M", "shiny": false, "level": 74, "moves": ["earthquake", "terablast", "dragondance", "outrage"], "ability": "Multiscale", "evs": {"hp": 85, "atk": 85, "def": 85, "spa": 85, "spd": 85, "spe": 85}, "ivs": {"hp": 31, "atk": 31, "def": 31, "spa": 31, "spd": 31, "spe": 31}, "item": "Heavy-Duty Boots", "teraType": "Flying", "role": "Tera Blast user", "bvs": {"hp": 91, "atk": 134, "def": 95, "spa": 100, "spd": 100, "spe": 80}, "stats": {"hp": 257, "atk": 241, "def": 184, "spa": 191, "spd": 191, "spe": 161}, "types": ["Dragon", "Flying"]}, "Registeel": {"name": "Registeel", "species": "Registeel", "speciesId": "registeel", "gender": "N", "shiny": false, "level": 81, "moves": ["ironhead", "rest", "irondefense", "bodypress"], "ability": "Clear Body", "evs": {"hp": 85, "atk": 85, "def": 85, "spa": 85, "spd": 85, "spe": 85}, "ivs": {"hp": 31, "atk": 31, "def": 31, "spa": 31, "spd": 31, "spe": 31}, "item": "Chesto Berry", "teraType": "Fighting", "role": "Bulky Setup", "bvs": {"hp": 80, "atk": 75, "def": 150, "spa": 75, "spd": 150, "spe": 50}, "stats": {"hp": 262, "atk": 168, "def": 290, "spa": 168, "spd": 290, "spe": 128}, "types": ["Steel"]}, "Dragalge": {"name": "Dragalge", "species": "Dragalge", "speciesId": "dragalge", "gender": "M", "shiny": false, "level": 88, "moves": ["focusblast", "dracometeor", "toxicspikes", "sludgewave"], "ability": "Adaptability", "evs": {"hp": 85, "atk": 0, "def": 85, "spa": 85, "spd": 85, "spe": 85}, "ivs": {"hp": 31, "atk": 0, "def": 31, "spa": 31, "spd": 31, "spe": 31}, "item": "Leftovers", "teraType": "Fighting", "role": "Bulky Attacker", "bvs": {"hp": 65, "atk": 75, "def": 90, "spa": 97, "spd": 123, "spe": 44}, "stats": {"hp": 258, "atk": 137, "def": 209, "spa": 221, "spd": 267, "spe": 128}, "types": ["Poison", "Dragon"]}, "Slaking": {"name": "Slaking", "species": "Slaking", "speciesId": "slaking", "gender": "F", "shiny": false, "level": 84, "moves": ["knockoff", "doubleedge", "earthquake", "gigaimpact"], "ability": "Truant", "evs": {"hp": 85, "atk": 85, "def": 85, "spa": 85, "spd": 85, "spe": 85}, "ivs": {"hp": 31, "atk": 31, "def": 31, "spa": 31, "spd": 31, "spe": 31}, "item": "Choice Band", "teraType": "Normal", "role": "Fast Attacker", "bvs": {"hp": 150, "atk": 160, "def": 100, "spa": 95, "spd": 65, "spe": 100}, "stats": {"hp": 389, "atk": 317, "def": 216, "spa": 208, "spd": 157, "spe": 216}, "types": ["Normal"]}, "Chansey": {"name": "Chansey", "species": "Chansey", "speciesId": "chansey", "gender": "F", "shiny": false, "level": 85, "moves": ["healbell", "softboiled", "seismictoss", "thunderwave"], "ability": "Natural Cure", "evs": {"hp": 85, "atk": 0, "def": 85, "spa": 85, "spd": 85, "spe": 85}, "ivs": {"hp": 31, "atk": 0, "def": 31, "spa": 31, "spd": 31, "spe": 31}, "item": "Eviolite", "teraType": "Poison", "role": "Bulky Support", "bvs": {"hp": 250, "atk": 5, "def": 5, "spa": 35, "spd": 105, "spe": 50}, "stats": {"hp": 564, "atk": 13, "def": 57, "spa": 108, "spd": 227, "spe": 134}, "types": ["Normal"]}}]}