{"id": "gen9randombattle-2641468395", "format": "[Gen 9] Random Battle", "players": ["LizarDune", "Chakraisgae"], "log": "|badge|p2|bronze|gen9randombattle|100-9\n|html|<div class=\"broadcast-red\"><strong>This battle is required to be public due to one or more player having a season medal.</strong><br />During the public phase, you can discuss the state of the ladder <a href=\"/seasondiscussion\">in a special chatroom.</a></div>\n|uhtml|medal-msg|<div class=\"broadcast-blue\">Curious what those medals under the avatar are? PS now has Ladder Seasons! For more information, check out the <a href=\"https://www.smogon.com/forums/threads/3740067/\">thread on Smogon.</a></div>\n|j|\u2606LizarDune\n|j|\u2606Chakraisgae\n|t:|1782789504\n|gametype|singles\n|player|p1|LizarDune|musician|2241\n|player|p2|Chakraisgae|102|2341\n|gen|9\n|tier|[Gen 9] Random Battle\n|rated|\n|rule|Species Clause: Limit one of each Pok\u00e9mon\n|rule|HP Percentage Mod: HP is shown in percentages\n|rule|Sleep Clause Mod: Limit one foe put to sleep\n|rule|Illusion Level Mod: Illusion disguises the Pok\u00e9mon's true level\n|\n|t:|1782789504\n|teamsize|p1|6\n|teamsize|p2|6\n|start\n|switch|p1a: Luxray|Luxray, L88, F|283/283\n|switch|p2a: Ambipom|Ambipom, L84, F|263/263\n|turn|1\n|inactive|Battle timer is ON: inactive players will automatically lose when time's up. (requested by LizarDune)\n|\n|t:|1782789531\n|switch|p1a: Delibird|Delibird, M|252/252\n|move|p2a: Ambipom|Knock Off|p1a: Delibird\n|-damage|p1a: Delibird|109/252\n|-enditem|p1a: Delibird|Heavy-Duty Boots|[from] move: Knock Off|[of] p2a: Ambipom\n|\n|upkeep\n|turn|2\n|\n|t:|1782789542\n|move|p2a: Ambipom|Knock Off|p1a: Delibird\n|-damage|p1a: Delibird|11/252\n|move|p1a: Delibird|Spikes|p2a: Ambipom\n|-sidestart|p2: Chakraisgae|Spikes\n|\n|upkeep\n|turn|3\n|\n|t:|1782789552\n|move|p2a: Ambipom|Knock Off|p1a: Delibird\n|-damage|p1a: Delibird|0 fnt\n|faint|p1a: Delibird\n|\n|upkeep\n|\n|t:|1782789557\n|switch|p1a: Barraskewda|Barraskewda, L81, M|231/231\n|turn|4\n|\n|t:|1782789565\n|move|p1a: Barraskewda|Flip Turn|p2a: Ambipom\n|-damage|p2a: Ambipom|119/263\n|\n|t:|1782789573\n|switch|p1a: Leafeon|Leafeon, L88, M|258/258|[from] Flip Turn\n|move|p2a: Ambipom|Knock Off|p1a: Leafeon\n|-damage|p1a: Leafeon|189/258\n|-enditem|p1a: Leafeon|Leftovers|[from] move: Knock Off|[of] p2a: Ambipom\n|\n|upkeep\n|turn|5\n|\n|t:|1782789582\n|switch|p2a: Abomasnow|Abomasnow, L84, F|287/287\n|-damage|p2a: Abomasnow|252/287|[from] Spikes\n|-weather|Snowscape|[from] ability: Snow Warning|[of] p2a: Abomasnow\n|move|p1a: Leafeon|Substitute|p1a: Leafeon\n|-start|p1a: Leafeon|Substitute\n|-damage|p1a: Leafeon|125/258\n|\n|-weather|Snowscape|[upkeep]\n|upkeep\n|turn|6\n|\n|t:|1782789586\n|move|p1a: Leafeon|Double-Edge|p2a: Abomasnow\n|-damage|p2a: Abomasnow|172/287\n|-damage|p1a: Leafeon|99/258|[from] Recoil\n|move|p2a: Abomasnow|Blizzard|p1a: Leafeon\n|-supereffective|p1a: Leafeon\n|-end|p1a: Leafeon|Substitute\n|\n|-weather|Snowscape|[upkeep]\n|upkeep\n|turn|7\n|\n|t:|1782789590\n|move|p1a: Leafeon|Double-Edge|p2a: Abomasnow\n|-damage|p2a: Abomasnow|100/287\n|-damage|p1a: Leafeon|75/258|[from] Recoil\n|move|p2a: Abomasnow|Aurora Veil|p2a: Abomasnow\n|-sidestart|p2: Chakraisgae|move: Aurora Veil\n|\n|-weather|Snowscape|[upkeep]\n|upkeep\n|turn|8\n|\n|t:|1782789594\n|move|p1a: Leafeon|Substitute|p1a: Leafeon\n|-start|p1a: Leafeon|Substitute\n|-damage|p1a: Leafeon|11/258\n|move|p2a: Abomasnow|Blizzard|p1a: Leafeon\n|-supereffective|p1a: Leafeon\n|-end|p1a: Leafeon|Substitute\n|\n|-weather|Snowscape|[upkeep]\n|upkeep\n|turn|9\n|\n|t:|1782789597\n|move|p1a: Leafeon|Double-Edge|p2a: Abomasnow\n|-damage|p2a: Abomasnow|62/287\n|-damage|p1a: Leafeon|0 fnt|[from] Recoil\n|faint|p1a: Leafeon\n|move|p2a: Abomasnow|Wood Hammer|p1: Leafeon|[notarget]\n|-fail|p2a: Abomasnow\n|\n|-weather|none\n|upkeep\n|j| me and kd\n|c| me and kd|weeeeee\n|\n|t:|1782789607\n|switch|p1a: Dodrio|Dodrio, L85, M|241/241\n|turn|10\n|c| me and kd|gon fuck up the world\n|\n|t:|1782789611\n|move|p2a: Abomasnow|Ice Shard|p1a: Dodrio\n|-supereffective|p1a: Dodrio\n|-damage|p1a: Dodrio|149/241\n|move|p1a: Dodrio|Brave Bird|p2a: Abomasnow\n|-supereffective|p2a: Abomasnow\n|-damage|p2a: Abomasnow|0 fnt\n|faint|p2a: Abomasnow\n|-damage|p1a: Dodrio|129/241|[from] Recoil\n|\n|upkeep\n|\n|t:|1782789620\n|switch|p2a: Ambipom|Ambipom, L84, F|119/263\n|-damage|p2a: Ambipom|87/263|[from] Spikes\n|turn|11\n|c| me and kd|kendrick like dem veteran girls\n|c| me and kd|:0\n|\n|t:|1782789629\n|move|p2a: Ambipom|Double-Edge|p1a: Dodrio\n|-damage|p1a: Dodrio|0 fnt\n|faint|p1a: Dodrio\n|-damage|p2a: Ambipom|44/263|[from] Recoil\n|\n|upkeep\n|\n|t:|1782789634\n|switch|p1a: Dusknoir|Dusknoir, L89, M|225/225\n|-item|p2a: Ambipom|Choice Band|[from] ability: Frisk|[of] p1a: Dusknoir\n|turn|12\n|\n|t:|1782789645\n|switch|p2a: Pelipper|Pelipper, L86, M|243/243\n|-weather|RainDance|[from] ability: Drizzle|[of] p2a: Pelipper\n|move|p1a: Dusknoir|Poltergeist|p2a: Pelipper|[miss]\n|-miss|p1a: Dusknoir|p2a: Pelipper\n|\n|-weather|RainDance|[upkeep]\n|upkeep\n|turn|13\n|\n|t:|1782789651\n|move|p2a: Pelipper|Hydro Pump|p1a: Dusknoir\n|-damage|p1a: Dusknoir|99/225\n|move|p1a: Dusknoir|Pain Split|p2a: Pelipper\n|-sethp|p2a: Pelipper|171/243|[from] move: Pain Split|[silent]\n|-sethp|p1a: Dusknoir|171/225|[from] move: Pain Split\n|\n|-weather|RainDance|[upkeep]\n|-heal|p1a: Dusknoir|185/225|[from] item: Leftovers\n|upkeep\n|turn|14\n|\n|t:|1782789659\n|move|p2a: Pelipper|Hydro Pump|p1a: Dusknoir|[miss]\n|-miss|p2a: Pelipper|p1a: Dusknoir\n|move|p1a: Dusknoir|Pain Split|p2a: Pelipper\n|-sethp|p2a: Pelipper|178/243|[from] move: Pain Split|[silent]\n|-sethp|p1a: Dusknoir|178/225|[from] move: Pain Split\n|\n|-weather|RainDance|[upkeep]\n|-heal|p1a: Dusknoir|192/225|[from] item: Leftovers\n|-sideend|p2: Chakraisgae|move: Aurora Veil\n|upkeep\n|turn|15\n|\n|t:|1782789663\n|move|p2a: Pelipper|Hydro Pump|p1a: Dusknoir\n|-damage|p1a: Dusknoir|68/225\n|move|p1a: Dusknoir|Poltergeist|p2a: Pelipper\n|-activate|p2a: Pelipper|move: Poltergeist|Heavy-Duty Boots\n|-damage|p2a: Pelipper|57/243\n|\n|-weather|RainDance|[upkeep]\n|-heal|p1a: Dusknoir|82/225|[from] item: Leftovers\n|upkeep\n|turn|16\n|\n|t:|1782789668\n|move|p2a: Pelipper|Hydro Pump|p1a: Dusknoir\n|-damage|p1a: Dusknoir|0 fnt\n|faint|p1a: Dusknoir\n|\n|-weather|none\n|upkeep\n|\n|t:|1782789670\n|switch|p1a: Luxray|Luxray, L88, F|283/283\n|turn|17\n|c| me and kd|diamonds on me\n|c| me and kd|diamonds on me\n|\n|t:|1782789684\n|move|p1a: Luxray|Trailblaze|p2a: Pelipper\n|-damage|p2a: Pelipper|16/243\n|-boost|p1a: Luxray|spe|1\n|move|p2a: Pelipper|Hydro Pump|p1a: Luxray\n|-damage|p1a: Luxray|153/283\n|\n|-status|p1a: Luxray|brn|[from] item: Flame Orb\n|upkeep\n|turn|18\n|c| me and kd|dancin\n|c|\u2606Chakraisgae|ez ez ez ez ez ez ez ez ez ez ezez\n|\n|t:|1782789695\n|switch|p2a: Ambipom|Ambipom, L84, F|44/263\n|-damage|p2a: Ambipom|12/263|[from] Spikes\n|move|p1a: Luxray|Trailblaze|p2a: Ambipom\n|-damage|p2a: Ambipom|0 fnt\n|-boost|p1a: Luxray|spe|1\n|faint|p2a: Ambipom\n|\n|-damage|p1a: Luxray|136/283 brn|[from] brn\n|upkeep\n|\n|t:|1782789710\n|switch|p2a: Florges|Florges-Blue, L85, F|271/271\n|-damage|p2a: Florges|238/271|[from] Spikes\n|turn|19\n|\n|t:|1782789726\n|-terastallize|p1a: Luxray|Normal\n|-terastallize|p2a: Florges|Steel\n|move|p2a: Florges|Protect|p2a: Florges\n|-singleturn|p2a: Florges|Protect\n|move|p1a: Luxray|Facade|p2a: Florges\n|-activate|p2a: Florges|move: Protect\n|\n|-heal|p2a: Florges|254/271|[from] item: Leftovers\n|-damage|p1a: Luxray|119/283 brn|[from] brn\n|upkeep\n|turn|20\n|\n|t:|1782789731\n|move|p1a: Luxray|Supercell Slam|p2a: Florges\n|-damage|p2a: Florges|0 fnt\n|faint|p2a: Florges\n|\n|-damage|p1a: Luxray|102/283 brn|[from] brn\n|upkeep\n|\n|t:|1782789747\n|switch|p2a: Pelipper|Pelipper, L86, M|16/243\n|-weather|RainDance|[from] ability: Drizzle|[of] p2a: Pelipper\n|turn|21\n|\n|t:|1782789751\n|move|p1a: Luxray|Trailblaze|p2a: Pelipper\n|-damage|p2a: Pelipper|0 fnt\n|-boost|p1a: Luxray|spe|1\n|faint|p2a: Pelipper\n|\n|-weather|RainDance|[upkeep]\n|-damage|p1a: Luxray|85/283 brn|[from] brn\n|upkeep\n|\n|t:|1782789756\n|switch|p2a: Quaquaval|Quaquaval, L79, M|264/264\n|-damage|p2a: Quaquaval|231/264|[from] Spikes\n|turn|22\n|\n|t:|1782789758\n|move|p1a: Luxray|Facade|p2a: Quaquaval\n|-damage|p2a: Quaquaval|0 fnt\n|faint|p2a: Quaquaval\n|\n|-weather|RainDance|[upkeep]\n|-damage|p1a: Luxray|68/283 brn|[from] brn\n|upkeep\n|-message|Chakraisgae forfeited.\n|\n|win|LizarDune\n", "inputlog": ">version f8ac14003a5f27e1bdc8d8c59608a773c1cb96e5\n>start {\"formatid\":\"gen9randombattle\",\"seed\":\"sodium,459f8a3ac469fd5aeccc9f88ff6b4474\",\"rated\":\"Rated battle\"}\n>player p1 {\"name\":\"LizarDune\",\"avatar\":\"musician\",\"rating\":2241,\"seed\":\"sodium,b19e485b88e7e074978bcb9266a6b9c6\"}\n>player p2 {\"name\":\"Chakraisgae\",\"avatar\":\"102\",\"rating\":2341,\"seed\":\"sodium,c269480b325d873e442143cfdb0c4c79\"}\n>p1 switch 3\n>p2 move knockoff\n>p1 move spikes\n>p2 move knockoff\n>p1 move freezedry\n>p2 move knockoff\n>p1 switch 5\n>p1 move flipturn\n>p2 move knockoff\n>p1 switch 2\n>p1 move substitute\n>p2 switch 6\n>p1 move doubleedge\n>p2 move blizzard\n>p1 move doubleedge\n>p2 move auroraveil\n>p1 move substitute\n>p2 move blizzard\n>p1 move doubleedge\n>p2 move woodhammer\n>chat  me and kd|weeeeee\n>p1 switch 6\n>chat  me and kd|gon fuck up the world\n>p1 move bravebird\n>p2 move iceshard\n>p2 switch 6\n>chat  me and kd|kendrick like dem veteran girls\n>chat  me and kd|:0\n>p1 move bravebird\n>p2 move doubleedge\n>p1 switch 4\n>p1 move poltergeist\n>p2 switch 4\n>p1 move painsplit\n>p2 move hydropump\n>p1 move painsplit\n>p2 move hydropump\n>p1 move poltergeist\n>p2 move hydropump\n>p1 move poltergeist\n>p2 move hydropump\n>p1 switch 3\n>chat  me and kd|diamonds on me\n>chat  me and kd|diamonds on me\n>p1 move trailblaze\n>p2 move hydropump\n>chat  me and kd|dancin\n>chat \u2606Chakraisgae|ez ez ez ez ez ez ez ez ez ez ezez\n>p1 move trailblaze\n>p2 switch 4\n>p2 switch 3\n>p1 move facade terastallize\n>p2 move protect terastallize\n>p1 move supercellslam\n>p2 move moonblast\n>p2 switch 4\n>p1 move trailblaze\n>p2 move hydropump\n>p2 switch 2\n>p1 move facade\n>p2 move aquastep\n>forcelose p2", "uploadtime": 1782789506, "views": 4, "formatid": "gen9randombattle", "rating": null, "private": 0, "password": null, "player_dets": [{"name": "LizarDune", "avatar": "musician", "rating": 2241, "seed": "sodium,b19e485b88e7e074978bcb9266a6b9c6"}, {"name": "Chakraisgae", "avatar": "102", "rating": 2341, "seed": "sodium,c269480b325d873e442143cfdb0c4c79"}], "teams_full": [{"Luxray": {"name": "Luxray", "species": "Luxray", "speciesId": "luxray", "gender": "F", "shiny": false, "level": 88, "moves": ["supercellslam", "trailblaze", "facade", "playrough"], "ability": "Guts", "evs": {"hp": 81, "atk": 85, "def": 85, "spa": 85, "spd": 85, "spe": 85}, "ivs": {"hp": 31, "atk": 31, "def": 31, "spa": 31, "spd": 31, "spe": 31}, "item": "Flame Orb", "teraType": "Normal", "role": "Setup Sweeper", "bvs": {"hp": 80, "atk": 120, "def": 79, "spa": 95, "spd": 79, "spe": 70}, "stats": {"hp": 283, "atk": 261, "def": 189, "spa": 217, "spd": 189, "spe": 173}, "types": ["Electric"]}, "Leafeon": {"name": "Leafeon", "species": "Leafeon", "speciesId": "leafeon", "gender": "M", "shiny": false, "level": 88, "moves": ["doubleedge", "swordsdance", "leafblade", "substitute"], "ability": "Chlorophyll", "evs": {"hp": 85, "atk": 85, "def": 85, "spa": 85, "spd": 85, "spe": 85}, "ivs": {"hp": 31, "atk": 31, "def": 31, "spa": 31, "spd": 31, "spe": 31}, "item": "Leftovers", "teraType": "Normal", "role": "Setup Sweeper", "bvs": {"hp": 65, "atk": 110, "def": 130, "spa": 60, "spd": 65, "spe": 95}, "stats": {"hp": 258, "atk": 244, "def": 279, "spa": 156, "spd": 165, "spe": 217}, "types": ["Grass"]}, "Delibird": {"name": "Delibird", "species": "Delibird", "speciesId": "delibird", "gender": "M", "shiny": false, "level": 100, "moves": ["freezedry", "spikes", "rapidspin", "bravebird"], "ability": "Insomnia", "evs": {"hp": 85, "atk": 85, "def": 85, "spa": 85, "spd": 85, "spe": 85}, "ivs": {"hp": 31, "atk": 31, "def": 31, "spa": 31, "spd": 31, "spe": 31}, "item": "Heavy-Duty Boots", "teraType": "Ghost", "role": "Fast Support", "bvs": {"hp": 45, "atk": 55, "def": 45, "spa": 65, "spd": 45, "spe": 75}, "stats": {"hp": 252, "atk": 167, "def": 147, "spa": 187, "spd": 147, "spe": 207}, "types": ["Ice", "Flying"]}, "Dusknoir": {"name": "Dusknoir", "species": "Dusknoir", "speciesId": "dusknoir", "gender": "M", "shiny": false, "level": 89, "moves": ["poltergeist", "earthquake", "painsplit", "shadowsneak"], "ability": "Frisk", "evs": {"hp": 85, "atk": 85, "def": 85, "spa": 85, "spd": 85, "spe": 85}, "ivs": {"hp": 31, "atk": 31, "def": 31, "spa": 31, "spd": 31, "spe": 31}, "item": "Leftovers", "teraType": "Fairy", "role": "Bulky Support", "bvs": {"hp": 45, "atk": 100, "def": 135, "spa": 65, "spd": 135, "spe": 45}, "stats": {"hp": 225, "atk": 229, "def": 291, "spa": 166, "spd": 291, "spe": 131}, "types": ["Ghost"]}, "Barraskewda": {"name": "Barraskewda", "species": "Barraskewda", "speciesId": "barraskewda", "gender": "M", "shiny": false, "level": 81, "moves": ["psychicfangs", "flipturn", "closecombat", "waterfall"], "ability": "Swift Swim", "evs": {"hp": 85, "atk": 85, "def": 85, "spa": 85, "spd": 85, "spe": 85}, "ivs": {"hp": 31, "atk": 31, "def": 31, "spa": 31, "spd": 31, "spe": 31}, "item": "Choice Band", "teraType": "Water", "role": "Wallbreaker", "bvs": {"hp": 61, "atk": 123, "def": 60, "spa": 60, "spd": 50, "spe": 136}, "stats": {"hp": 231, "atk": 246, "def": 144, "spa": 144, "spd": 128, "spe": 267}, "types": ["Water"]}, "Dodrio": {"name": "Dodrio", "species": "Dodrio", "speciesId": "dodrio", "gender": "M", "shiny": false, "level": 85, "moves": ["drillrun", "swordsdance", "bravebird", "knockoff"], "ability": "Early Bird", "evs": {"hp": 85, "atk": 85, "def": 85, "spa": 85, "spd": 85, "spe": 85}, "ivs": {"hp": 31, "atk": 31, "def": 31, "spa": 31, "spd": 31, "spe": 31}, "item": "Heavy-Duty Boots", "teraType": "Ground", "role": "Setup Sweeper", "bvs": {"hp": 60, "atk": 110, "def": 70, "spa": 60, "spd": 60, "spe": 110}, "stats": {"hp": 241, "atk": 236, "def": 168, "spa": 151, "spd": 151, "spe": 236}, "types": ["Normal", "Flying"]}}, {"Ambipom": {"name": "Ambipom", "species": "Ambipom", "speciesId": "ambipom", "gender": "F", "shiny": false, "level": 84, "moves": ["doubleedge", "uturn", "knockoff", "tripleaxel"], "ability": "Technician", "evs": {"hp": 85, "atk": 85, "def": 85, "spa": 85, "spd": 85, "spe": 85}, "ivs": {"hp": 31, "atk": 31, "def": 31, "spa": 31, "spd": 31, "spe": 31}, "item": "Choice Band", "teraType": "Ice", "role": "Fast Attacker", "bvs": {"hp": 75, "atk": 100, "def": 66, "spa": 60, "spd": 66, "spe": 115}, "stats": {"hp": 263, "atk": 216, "def": 159, "spa": 149, "spd": 159, "spe": 241}, "types": ["Normal"]}, "Quaquaval": {"name": "Quaquaval", "species": "Quaquaval", "speciesId": "quaquaval", "gender": "M", "shiny": false, "level": 79, "moves": ["swordsdance", "closecombat", "knockoff", "aquastep"], "ability": "Moxie", "evs": {"hp": 85, "atk": 85, "def": 85, "spa": 85, "spd": 85, "spe": 85}, "ivs": {"hp": 31, "atk": 31, "def": 31, "spa": 31, "spd": 31, "spe": 31}, "item": "Life Orb", "teraType": "Fighting", "role": "Setup Sweeper", "bvs": {"hp": 85, "atk": 120, "def": 80, "spa": 85, "spd": 75, "spe": 85}, "stats": {"hp": 264, "atk": 235, "def": 172, "spa": 180, "spd": 164, "spe": 180}, "types": ["Water", "Fighting"]}, "Florges": {"name": "Florges", "species": "Florges-Blue", "speciesId": "florges", "gender": "F", "shiny": false, "level": 85, "moves": ["protect", "calmmind", "moonblast", "wish"], "ability": "Flower Veil", "evs": {"hp": 85, "atk": 0, "def": 85, "spa": 85, "spd": 85, "spe": 85}, "ivs": {"hp": 31, "atk": 0, "def": 31, "spa": 31, "spd": 31, "spe": 31}, "item": "Leftovers", "teraType": "Steel", "role": "Bulky Setup", "bvs": {"hp": 78, "atk": 65, "def": 68, "spa": 112, "spd": 154, "spe": 75}, "stats": {"hp": 271, "atk": 115, "def": 164, "spa": 239, "spd": 311, "spe": 176}, "types": ["Fairy"]}, "Pelipper": {"name": "Pelipper", "species": "Pelipper", "speciesId": "pelipper", "gender": "M", "shiny": false, "level": 86, "moves": ["roost", "hydropump", "uturn", "hurricane"], "ability": "Drizzle", "evs": {"hp": 85, "atk": 85, "def": 85, "spa": 85, "spd": 85, "spe": 85}, "ivs": {"hp": 31, "atk": 31, "def": 31, "spa": 31, "spd": 31, "spe": 31}, "item": "Heavy-Duty Boots", "teraType": "Ground", "role": "Bulky Attacker", "bvs": {"hp": 60, "atk": 50, "def": 100, "spa": 95, "spd": 70, "spe": 65}, "stats": {"hp": 243, "atk": 135, "def": 221, "spa": 213, "spd": 170, "spe": 161}, "types": ["Water", "Flying"]}, "Venomoth": {"name": "Venomoth", "species": "Venomoth", "speciesId": "venomoth", "gender": "F", "shiny": false, "level": 84, "moves": ["bugbuzz", "quiverdance", "sleeppowder", "sludgewave"], "ability": "Tinted Lens", "evs": {"hp": 85, "atk": 0, "def": 85, "spa": 85, "spd": 85, "spe": 85}, "ivs": {"hp": 31, "atk": 0, "def": 31, "spa": 31, "spd": 31, "spe": 31}, "item": "Heavy-Duty Boots", "teraType": "Steel", "role": "Setup Sweeper", "bvs": {"hp": 70, "atk": 65, "def": 60, "spa": 90, "spd": 75, "spe": 90}, "stats": {"hp": 255, "atk": 114, "def": 149, "spa": 199, "spd": 174, "spe": 199}, "types": ["Bug", "Poison"]}, "Abomasnow": {"name": "Abomasnow", "species": "Abomasnow", "speciesId": "abomasnow", "gender": "F", "shiny": false, "level": 84, "moves": ["auroraveil", "iceshard", "blizzard", "woodhammer"], "ability": "Snow Warning", "evs": {"hp": 77, "atk": 85, "def": 85, "spa": 85, "spd": 85, "spe": 85}, "ivs": {"hp": 31, "atk": 31, "def": 31, "spa": 31, "spd": 31, "spe": 31}, "item": "Light Clay", "teraType": "Ghost", "role": "Bulky Support", "bvs": {"hp": 90, "atk": 92, "def": 75, "spa": 92, "spd": 85, "spe": 60}, "stats": {"hp": 287, "atk": 203, "def": 174, "spa": 203, "spd": 191, "spe": 149}, "types": ["Grass", "Ice"]}}]}