{"id": "gen9randombattle-2641569868", "format": "[Gen 9] Random Battle", "players": ["GCarlo", "My Life is Dance \u2764"], "log": "|badge|p2|bronze|gen9randombattle|100-9\n|html|<div class=\"broadcast-red\"><strong>This battle is required to be public due to one or more player having a season medal.</strong><br />During the public phase, you can discuss the state of the ladder <a href=\"/seasondiscussion\">in a special chatroom.</a></div>\n|uhtml|medal-msg|<div class=\"broadcast-blue\">Curious what those medals under the avatar are? PS now has Ladder Seasons! For more information, check out the <a href=\"https://www.smogon.com/forums/threads/3740067/\">thread on Smogon.</a></div>\n|raw|<div class=\"broadcast-blue\"><strong>This battle is required to be public due to a player having a name starting with 'medal'.</div>\n|j|\u2606GCarlo\n|j|\u2606My Life is Dance \u2764\n|t:|1782810159\n|gametype|singles\n|player|p1|GCarlo|artist-gen4|2221\n|player|p2|My Life is Dance \u2764|tierno|2330\n|gen|9\n|tier|[Gen 9] Random Battle\n|rated|\n|rule|Species Clause: Limit one of each Pok\u00e9mon\n|rule|HP Percentage Mod: HP is shown in percentages\n|rule|Sleep Clause Mod: Limit one foe put to sleep\n|rule|Illusion Level Mod: Illusion disguises the Pok\u00e9mon's true level\n|\n|t:|1782810159\n|teamsize|p1|6\n|teamsize|p2|6\n|start\n|switch|p1a: Dachsbun|Dachsbun, L92, M|254/254\n|switch|p2a: Pincurchin|Pincurchin, M|258/258\n|-fieldstart|move: Electric Terrain|[from] ability: Electric Surge|[of] p2a: Pincurchin\n|turn|1\n|inactive|Battle timer is ON: inactive players will automatically lose when time's up. (requested by My Life is Dance \u2764)\n|\n|t:|1782810170\n|switch|p1a: Komala|Komala, L88, F|258/258\n|-ability|p1a: Komala|Comatose\n|move|p2a: Pincurchin|Toxic Spikes|p1a: Komala\n|-sidestart|p1: GCarlo|move: Toxic Spikes\n|\n|upkeep\n|turn|2\n|\n|t:|1782810185\n|switch|p2a: Gengar|Gengar, L81, F|230/230\n|move|p1a: Komala|Knock Off|p2a: Gengar\n|-supereffective|p2a: Gengar\n|-damage|p2a: Gengar|0 fnt\n|-start|p1a: Komala|Disable|Knock Off|[from] ability: Cursed Body|[of] p2a: Gengar\n|-enditem|p2a: Gengar|Choice Specs|[from] move: Knock Off|[of] p1a: Komala\n|faint|p2a: Gengar\n|\n|upkeep\n|\n|t:|1782810196\n|switch|p2a: Iron Crown|Iron Crown, L78|268/268\n|-activate|p2a: Iron Crown|ability: Quark Drive\n|-start|p2a: Iron Crown|quarkdrivespa\n|turn|3\n|\n|t:|1782810205\n|switch|p1a: Solgaleo|Solgaleo, L74|325/325\n|move|p2a: Iron Crown|Psyshock|p1a: Solgaleo\n|-resisted|p1a: Solgaleo\n|-damage|p1a: Solgaleo|282/325\n|\n|-heal|p1a: Solgaleo|302/325|[from] item: Leftovers\n|upkeep\n|turn|4\n|\n|t:|1782810210\n|-end|p2a: Iron Crown|Quark Drive|[silent]\n|switch|p2a: Sceptile|Sceptile, L87, M|264/264\n|move|p1a: Solgaleo|Earthquake|p2a: Sceptile\n|-resisted|p2a: Sceptile\n|-damage|p2a: Sceptile|223/264\n|\n|-heal|p2a: Sceptile|239/264|[from] item: Leftovers\n|-heal|p1a: Solgaleo|322/325|[from] item: Leftovers\n|upkeep\n|turn|5\n|\n|t:|1782810214\n|move|p2a: Sceptile|Leech Seed|p1a: Solgaleo\n|-start|p1a: Solgaleo|move: Leech Seed\n|move|p1a: Solgaleo|Sunsteel Strike|p2a: Sceptile\n|-damage|p2a: Sceptile|110/264\n|\n|-heal|p2a: Sceptile|126/264|[from] item: Leftovers\n|-heal|p1a: Solgaleo|325/325|[from] item: Leftovers\n|-damage|p1a: Solgaleo|285/325|[from] Leech Seed|[of] p2a: Sceptile\n|-heal|p2a: Sceptile|166/264|[silent]\n|-fieldend|move: Electric Terrain\n|upkeep\n|turn|6\n|\n|t:|1782810219\n|move|p2a: Sceptile|Substitute|p2a: Sceptile\n|-start|p2a: Sceptile|Substitute\n|-damage|p2a: Sceptile|100/264\n|move|p1a: Solgaleo|Roar|p2a: Sceptile\n|drag|p2a: Iron Crown|Iron Crown, L78|268/268\n|\n|-heal|p1a: Solgaleo|305/325|[from] item: Leftovers\n|-damage|p1a: Solgaleo|265/325|[from] Leech Seed|[of] p2a: Iron Crown\n|upkeep\n|turn|7\n|\n|t:|1782810231\n|move|p2a: Iron Crown|Volt Switch|p1a: Solgaleo\n|-damage|p1a: Solgaleo|178/325\n|\n|t:|1782810238\n|-end|p2a: Iron Crown|Quark Drive|[silent]\n|switch|p2a: Sceptile|Sceptile, L87, M|100/264|[from] Volt Switch\n|move|p1a: Solgaleo|Sunsteel Strike|p2a: Sceptile\n|-damage|p2a: Sceptile|0 fnt\n|faint|p2a: Sceptile\n|\n|-heal|p1a: Solgaleo|198/325|[from] item: Leftovers\n|upkeep\n|\n|t:|1782810243\n|switch|p2a: Pincurchin|Pincurchin, M|258/258\n|-fieldstart|move: Electric Terrain|[from] ability: Electric Surge|[of] p2a: Pincurchin\n|turn|8\n|\n|t:|1782810247\n|switch|p1a: Komala|Komala, L88, F|258/258\n|-ability|p1a: Komala|Comatose\n|move|p2a: Pincurchin|Discharge|p1a: Komala\n|-crit|p1a: Komala\n|-damage|p1a: Komala|111/258\n|\n|upkeep\n|turn|9\n|\n|t:|1782810252\n|switch|p2a: Brambleghast|Brambleghast, L88, F|240/240\n|move|p1a: Komala|Rapid Spin|p2a: Brambleghast\n|-immune|p2a: Brambleghast\n|\n|upkeep\n|turn|10\n|\n|t:|1782810265\n|switch|p1a: Solgaleo|Solgaleo, L74|198/325\n|move|p2a: Brambleghast|Power Whip|p1a: Solgaleo\n|-resisted|p1a: Solgaleo\n|-damage|p1a: Solgaleo|118/325\n|\n|-heal|p1a: Solgaleo|138/325|[from] item: Leftovers\n|upkeep\n|turn|11\n|\n|t:|1782810271\n|move|p2a: Brambleghast|Poltergeist|p1a: Solgaleo\n|-activate|p1a: Solgaleo|move: Poltergeist|Leftovers\n|-supereffective|p1a: Solgaleo\n|-damage|p1a: Solgaleo|0 fnt\n|faint|p1a: Solgaleo\n|\n|upkeep\n|\n|t:|1782810280\n|switch|p1a: Meowscarada|Meowscarada, L78, F|247/247\n|-status|p1a: Meowscarada|psn\n|turn|12\n|\n|t:|1782810286\n|switch|p2a: Pincurchin|Pincurchin, M|258/258\n|move|p1a: Meowscarada|U-turn|p2a: Pincurchin\n|-start|p1a: Meowscarada|typechange|Bug|[from] ability: Protean\n|-damage|p2a: Pincurchin|176/258\n|\n|t:|1782810292\n|switch|p1a: Komala|Komala, L88, F|111/258|[from] U-turn\n|-ability|p1a: Komala|Comatose\n|\n|-heal|p2a: Pincurchin|192/258|[from] item: Leftovers\n|-fieldend|move: Electric Terrain\n|upkeep\n|turn|13\n|\n|t:|1782810295\n|move|p1a: Komala|Knock Off|p2a: Pincurchin\n|-damage|p2a: Pincurchin|120/258\n|-enditem|p2a: Pincurchin|Leftovers|[from] move: Knock Off|[of] p1a: Komala\n|move|p2a: Pincurchin|Discharge|p1a: Komala\n|-damage|p1a: Komala|38/258\n|\n|upkeep\n|turn|14\n|\n|t:|1782810302\n|move|p1a: Komala|Knock Off|p2a: Pincurchin\n|-damage|p2a: Pincurchin|72/258\n|move|p2a: Pincurchin|Recover|p2a: Pincurchin\n|-heal|p2a: Pincurchin|201/258\n|\n|upkeep\n|turn|15\n|\n|t:|1782810306\n|move|p1a: Komala|Rapid Spin|p2a: Pincurchin\n|-damage|p2a: Pincurchin|146/258\n|-boost|p1a: Komala|spe|1\n|-sideend|p1: GCarlo|Toxic Spikes|[from] move: Rapid Spin|[of] p1a: Komala\n|move|p2a: Pincurchin|Discharge|p1a: Komala\n|-damage|p1a: Komala|0 fnt\n|faint|p1a: Komala\n|\n|upkeep\n|\n|t:|1782810313\n|switch|p1a: Meowscarada|Meowscarada, L78, F|247/247 psn\n|turn|16\n|\n|t:|1782810319\n|move|p1a: Meowscarada|Flower Trick|p2a: Pincurchin\n|-start|p1a: Meowscarada|typechange|Grass|[from] ability: Protean\n|-crit|p2a: Pincurchin\n|-damage|p2a: Pincurchin|11/258\n|move|p2a: Pincurchin|Recover|p2a: Pincurchin\n|-heal|p2a: Pincurchin|140/258\n|\n|-damage|p1a: Meowscarada|217/247 psn|[from] psn\n|upkeep\n|turn|17\n|\n|t:|1782810341\n|-terastallize|p1a: Meowscarada|Grass\n|move|p1a: Meowscarada|Flower Trick|p2a: Pincurchin\n|-crit|p2a: Pincurchin\n|-damage|p2a: Pincurchin|0 fnt\n|faint|p2a: Pincurchin\n|\n|-damage|p1a: Meowscarada|187/247 psn|[from] psn\n|upkeep\n|\n|t:|1782810350\n|switch|p2a: Smeargle|Smeargle, L95, F|258/258\n|turn|18\n|\n|t:|1782810356\n|move|p1a: Meowscarada|Flower Trick|p2a: Smeargle\n|-crit|p2a: Smeargle\n|-enditem|p2a: Smeargle|Focus Sash\n|-damage|p2a: Smeargle|1/258\n|move|p2a: Smeargle|Sticky Web|p1a: Meowscarada\n|-sidestart|p1: GCarlo|move: Sticky Web\n|\n|-damage|p1a: Meowscarada|157/247 psn|[from] psn\n|upkeep\n|turn|19\n|\n|t:|1782810361\n|move|p1a: Meowscarada|Flower Trick|p2a: Smeargle\n|-crit|p2a: Smeargle\n|-damage|p2a: Smeargle|0 fnt\n|faint|p2a: Smeargle\n|\n|-damage|p1a: Meowscarada|127/247 psn|[from] psn\n|upkeep\n|\n|t:|1782810365\n|switch|p2a: Brambleghast|Brambleghast, L88, F|240/240\n|turn|20\n|\n|t:|1782810373\n|switch|p1a: Dachsbun|Dachsbun, L92, M|254/254\n|-activate|p1a: Dachsbun|move: Sticky Web\n|-unboost|p1a: Dachsbun|spe|1\n|move|p2a: Brambleghast|Poltergeist|p1a: Dachsbun\n|-activate|p1a: Dachsbun|move: Poltergeist|Leftovers\n|-damage|p1a: Dachsbun|142/254\n|\n|-heal|p1a: Dachsbun|157/254|[from] item: Leftovers\n|upkeep\n|turn|21\n|\n|t:|1782810382\n|move|p2a: Brambleghast|Leech Seed|p1a: Dachsbun\n|-start|p1a: Dachsbun|move: Leech Seed\n|move|p1a: Dachsbun|Wish|p1a: Dachsbun\n|\n|-heal|p1a: Dachsbun|172/254|[from] item: Leftovers\n|-damage|p1a: Dachsbun|141/254|[from] Leech Seed|[of] p2a: Brambleghast\n|upkeep\n|turn|22\n|\n|t:|1782810389\n|switch|p2a: Iron Crown|Iron Crown, L78|268/268\n|move|p1a: Dachsbun|Play Rough|p2a: Iron Crown\n|-resisted|p2a: Iron Crown\n|-damage|p2a: Iron Crown|223/268\n|\n|-heal|p1a: Dachsbun|254/254|[from] move: Wish|[wisher] Dachsbun\n|-damage|p1a: Dachsbun|223/254|[from] Leech Seed|[of] p2a: Iron Crown\n|-heal|p2a: Iron Crown|254/268|[silent]\n|upkeep\n|turn|23\n|\n|t:|1782810399\n|switch|p1a: Koraidon|Koraidon, L64|235/235\n|-activate|p1a: Koraidon|move: Sticky Web\n|-unboost|p1a: Koraidon|spe|1\n|-weather|SunnyDay|[from] ability: Orichalcum Pulse|[of] p1a: Koraidon\n|-activate|p1a: Koraidon|Orichalcum Pulse|[source]\n|move|p2a: Iron Crown|Tachyon Cutter|p1a: Koraidon\n|-damage|p1a: Koraidon|144/235\n|-damage|p1a: Koraidon|50/235\n|-hitcount|p1a: Koraidon|2\n|\n|-weather|SunnyDay|[upkeep]\n|upkeep\n|turn|24\n|\n|t:|1782810403\n|move|p2a: Iron Crown|Tachyon Cutter|p1a: Koraidon\n|-damage|p1a: Koraidon|0 fnt\n|faint|p1a: Koraidon\n|-hitcount|p1: Koraidon|1\n|\n|-weather|SunnyDay|[upkeep]\n|upkeep\n|\n|t:|1782810410\n|switch|p1a: Regidrago|Regidrago, L77|435/435\n|-activate|p1a: Regidrago|move: Sticky Web\n|-unboost|p1a: Regidrago|spe|1\n|turn|25\n|\n|t:|1782810421\n|move|p2a: Iron Crown|Tachyon Cutter|p1a: Regidrago\n|-damage|p1a: Regidrago|306/435\n|-damage|p1a: Regidrago|167/435\n|-hitcount|p1a: Regidrago|2\n|move|p1a: Regidrago|Earthquake|p2a: Iron Crown\n|-supereffective|p2a: Iron Crown\n|-damage|p2a: Iron Crown|93/268\n|-damage|p1a: Regidrago|124/435|[from] item: Life Orb\n|\n|-weather|SunnyDay|[upkeep]\n|upkeep\n|turn|26\n|\n|t:|1782810428\n|move|p2a: Iron Crown|Tachyon Cutter|p1a: Regidrago\n|-damage|p1a: Regidrago|0 fnt\n|faint|p1a: Regidrago\n|-hitcount|p1: Regidrago|1\n|\n|-weather|SunnyDay|[upkeep]\n|upkeep\n|\n|t:|1782810431\n|switch|p1a: Meowscarada|Meowscarada, L78, F, tera:Grass|127/247 psn\n|-activate|p1a: Meowscarada|move: Sticky Web\n|-unboost|p1a: Meowscarada|spe|1\n|turn|27\n|\n|t:|1782810434\n|move|p2a: Iron Crown|Tachyon Cutter|p1a: Meowscarada\n|-damage|p1a: Meowscarada|18/247 psn\n|-damage|p1a: Meowscarada|0 fnt\n|faint|p1a: Meowscarada\n|-hitcount|p1: Meowscarada|2\n|\n|-weather|none\n|upkeep\n|\n|t:|1782810436\n|switch|p1a: Dachsbun|Dachsbun, L92, M|223/254\n|-activate|p1a: Dachsbun|move: Sticky Web\n|-unboost|p1a: Dachsbun|spe|1\n|turn|28\n|\n|t:|1782810439\n|move|p2a: Iron Crown|Tachyon Cutter|p1a: Dachsbun\n|-supereffective|p1a: Dachsbun\n|-damage|p1a: Dachsbun|53/254\n|-supereffective|p1a: Dachsbun\n|-damage|p1a: Dachsbun|0 fnt\n|faint|p1a: Dachsbun\n|-hitcount|p1: Dachsbun|2\n|\n|win|My Life is Dance \u2764\n", "inputlog": ">version f8ac14003a5f27e1bdc8d8c59608a773c1cb96e5\n>start {\"formatid\":\"gen9randombattle\",\"seed\":\"sodium,a40440a2f8dd6c4ffa12e580d579cc17\",\"rated\":\"Rated battle\"}\n>player p1 {\"name\":\"GCarlo\",\"avatar\":\"artist-gen4\",\"rating\":2221,\"seed\":\"sodium,8ae5a50dfdfd564145bdf5e609f954ad\"}\n>player p2 {\"name\":\"My Life is Dance \u2764\",\"avatar\":\"tierno\",\"rating\":2330,\"seed\":\"sodium,669b3ed25cb236926322ae29ba685354\"}\n>p1 switch 5\n>p2 move toxicspikes\n>p1 move knockoff\n>p2 switch 4\n>p2 switch 5\n>p1 switch 6\n>p2 move psyshock\n>p1 move earthquake\n>p2 switch 6\n>p1 move sunsteelstrike\n>p2 move leechseed\n>p1 move roar\n>p2 move substitute\n>p1 move sunsteelstrike\n>p2 move voltswitch\n>p2 switch 6\n>p2 switch 4\n>p1 switch 6\n>p2 move discharge\n>p1 move rapidspin\n>p2 switch 3\n>p1 switch 6\n>p2 move powerwhip\n>p1 move morningsun\n>p2 move poltergeist\n>p1 switch 3\n>p1 move uturn\n>p2 switch 3\n>p1 switch 6\n>p1 move knockoff\n>p2 move discharge\n>p1 move knockoff\n>p2 move recover\n>p1 move rapidspin\n>p2 move discharge\n>p1 switch 6\n>p1 move flowertrick\n>p2 move recover\n>p1 move flowertrick terastallize\n>p2 move recover\n>p2 switch 2\n>p1 move flowertrick\n>p2 move stickyweb\n>p1 move flowertrick\n>p2 move stealthrock\n>p2 switch 3\n>p1 switch 5\n>p2 move poltergeist\n>p1 move wish\n>p2 move leechseed\n>p1 move playrough\n>p2 switch 6\n>p1 switch 4\n>p2 move tachyoncutter\n>p1 move flareblitz\n>p2 move tachyoncutter\n>p1 switch 2\n>p1 move earthquake\n>p2 move tachyoncutter\n>p1 move earthquake\n>p2 move tachyoncutter\n>p1 switch 5\n>p1 move knockoff\n>p2 move tachyoncutter\n>p1 switch 4\n>p1 move bodypress\n>p2 move tachyoncutter", "uploadtime": 1782810161, "views": 4, "formatid": "gen9randombattle", "rating": null, "private": 0, "password": null, "player_dets": [{"name": "GCarlo", "avatar": "artist-gen4", "rating": 2221, "seed": "sodium,8ae5a50dfdfd564145bdf5e609f954ad"}, {"name": "My Life is Dance \u2764", "avatar": "tierno", "rating": 2330, "seed": "sodium,669b3ed25cb236926322ae29ba685354"}], "teams_full": [{"Dachsbun": {"name": "Dachsbun", "species": "Dachsbun", "speciesId": "dachsbun", "gender": "M", "shiny": false, "level": 92, "moves": ["bodypress", "playrough", "wish", "protect"], "ability": "Well-Baked Body", "evs": {"hp": 85, "atk": 85, "def": 85, "spa": 85, "spd": 85, "spe": 85}, "ivs": {"hp": 31, "atk": 31, "def": 31, "spa": 31, "spd": 31, "spe": 31}, "item": "Leftovers", "teraType": "Steel", "role": "Bulky Support", "bvs": {"hp": 57, "atk": 80, "def": 115, "spa": 50, "spd": 80, "spe": 95}, "stats": {"hp": 254, "atk": 200, "def": 264, "spa": 144, "spd": 200, "spe": 227}, "types": ["Fairy"]}, "Regidrago": {"name": "Regidrago", "species": "Regidrago", "speciesId": "regidrago", "gender": "N", "shiny": false, "level": 77, "moves": ["earthquake", "dragonclaw", "dragondance", "terablast"], "ability": "Dragon's Maw", "evs": {"hp": 85, "atk": 85, "def": 85, "spa": 85, "spd": 85, "spe": 85}, "ivs": {"hp": 31, "atk": 31, "def": 31, "spa": 31, "spd": 31, "spe": 31}, "item": "Life Orb", "teraType": "Steel", "role": "Tera Blast user", "bvs": {"hp": 200, "atk": 100, "def": 50, "spa": 100, "spd": 50, "spe": 80}, "stats": {"hp": 435, "atk": 199, "def": 122, "spa": 199, "spd": 122, "spe": 168}, "types": ["Dragon"]}, "Meowscarada": {"name": "Meowscarada", "species": "Meowscarada", "speciesId": "meowscarada", "gender": "F", "shiny": false, "level": 78, "moves": ["tripleaxel", "flowertrick", "knockoff", "uturn"], "ability": "Protean", "evs": {"hp": 85, "atk": 85, "def": 85, "spa": 85, "spd": 85, "spe": 85}, "ivs": {"hp": 31, "atk": 31, "def": 31, "spa": 31, "spd": 31, "spe": 31}, "item": "Choice Band", "teraType": "Grass", "role": "Fast Support", "bvs": {"hp": 76, "atk": 110, "def": 70, "spa": 81, "spd": 70, "spe": 123}, "stats": {"hp": 247, "atk": 217, "def": 154, "spa": 171, "spd": 154, "spe": 237}, "types": ["Grass", "Dark"]}, "Koraidon": {"name": "Koraidon", "species": "Koraidon", "speciesId": "koraidon", "gender": "N", "shiny": false, "level": 64, "moves": ["outrage", "closecombat", "flareblitz", "uturn"], "ability": "Orichalcum Pulse", "evs": {"hp": 85, "atk": 85, "def": 85, "spa": 85, "spd": 85, "spe": 85}, "ivs": {"hp": 31, "atk": 31, "def": 31, "spa": 31, "spd": 31, "spe": 31}, "item": "Choice Band", "teraType": "Fire", "role": "Fast Attacker", "bvs": {"hp": 100, "atk": 135, "def": 115, "spa": 85, "spd": 100, "spe": 135}, "stats": {"hp": 235, "atk": 211, "def": 185, "spa": 147, "spd": 166, "spe": 211}, "types": ["Fighting", "Dragon"]}, "Komala": {"name": "Komala", "species": "Komala", "speciesId": "komala", "gender": "F", "shiny": false, "level": 88, "moves": ["knockoff", "uturn", "bodyslam", "rapidspin"], "ability": "Comatose", "evs": {"hp": 85, "atk": 85, "def": 85, "spa": 85, "spd": 85, "spe": 85}, "ivs": {"hp": 31, "atk": 31, "def": 31, "spa": 31, "spd": 31, "spe": 31}, "item": "Assault Vest", "teraType": "Ghost", "role": "Bulky Support", "bvs": {"hp": 65, "atk": 115, "def": 65, "spa": 75, "spd": 95, "spe": 65}, "stats": {"hp": 258, "atk": 253, "def": 165, "spa": 182, "spd": 217, "spe": 165}, "types": ["Normal"]}, "Solgaleo": {"name": "Solgaleo", "species": "Solgaleo", "speciesId": "solgaleo", "gender": "N", "shiny": false, "level": 74, "moves": ["morningsun", "earthquake", "roar", "sunsteelstrike"], "ability": "Full Metal Body", "evs": {"hp": 85, "atk": 85, "def": 85, "spa": 85, "spd": 85, "spe": 85}, "ivs": {"hp": 31, "atk": 31, "def": 31, "spa": 31, "spd": 31, "spe": 31}, "item": "Leftovers", "teraType": "Water", "role": "Bulky Attacker", "bvs": {"hp": 137, "atk": 137, "def": 107, "spa": 113, "spd": 89, "spe": 97}, "stats": {"hp": 325, "atk": 246, "def": 201, "spa": 210, "spd": 175, "spe": 187}, "types": ["Psychic", "Steel"]}}, {"Pincurchin": {"name": "Pincurchin", "species": "Pincurchin", "speciesId": "pincurchin", "gender": "M", "shiny": false, "level": 100, "moves": ["discharge", "recover", "scald", "toxicspikes"], "ability": "Electric Surge", "evs": {"hp": 85, "atk": 0, "def": 85, "spa": 85, "spd": 85, "spe": 85}, "ivs": {"hp": 31, "atk": 0, "def": 31, "spa": 31, "spd": 31, "spe": 31}, "item": "Leftovers", "teraType": "Water", "role": "Bulky Attacker", "bvs": {"hp": 48, "atk": 101, "def": 95, "spa": 91, "spd": 85, "spe": 15}, "stats": {"hp": 258, "atk": 207, "def": 247, "spa": 239, "spd": 227, "spe": 87}, "types": ["Electric"]}, "Smeargle": {"name": "Smeargle", "species": "Smeargle", "speciesId": "smeargle", "gender": "F", "shiny": false, "level": 95, "moves": ["ceaselessedge", "stickyweb", "stealthrock", "spore"], "ability": "Own Tempo", "evs": {"hp": 85, "atk": 85, "def": 85, "spa": 85, "spd": 85, "spe": 85}, "ivs": {"hp": 31, "atk": 31, "def": 31, "spa": 31, "spd": 31, "spe": 31}, "item": "Focus Sash", "teraType": "Ghost", "role": "Fast Support", "bvs": {"hp": 55, "atk": 20, "def": 35, "spa": 20, "spd": 45, "spe": 75}, "stats": {"hp": 258, "atk": 92, "def": 120, "spa": 92, "spd": 139, "spe": 196}, "types": ["Normal"]}, "Brambleghast": {"name": "Brambleghast", "species": "Brambleghast", "speciesId": "brambleghast", "gender": "F", "shiny": false, "level": 88, "moves": ["powerwhip", "poltergeist", "substitute", "leechseed"], "ability": "Wind Rider", "evs": {"hp": 85, "atk": 85, "def": 85, "spa": 85, "spd": 85, "spe": 85}, "ivs": {"hp": 31, "atk": 31, "def": 31, "spa": 31, "spd": 31, "spe": 31}, "item": "Leftovers", "teraType": "Water", "role": "Fast Support", "bvs": {"hp": 55, "atk": 115, "def": 70, "spa": 80, "spd": 70, "spe": 90}, "stats": {"hp": 240, "atk": 253, "def": 173, "spa": 191, "spd": 173, "spe": 209}, "types": ["Grass", "Ghost"]}, "Gengar": {"name": "Gengar", "species": "Gengar", "speciesId": "gengar", "gender": "F", "shiny": false, "level": 81, "moves": ["focusblast", "trick", "shadowball", "sludgewave"], "ability": "Cursed Body", "evs": {"hp": 85, "atk": 0, "def": 85, "spa": 85, "spd": 85, "spe": 85}, "ivs": {"hp": 31, "atk": 0, "def": 31, "spa": 31, "spd": 31, "spe": 31}, "item": "Choice Specs", "teraType": "Fighting", "role": "Wallbreaker", "bvs": {"hp": 60, "atk": 65, "def": 60, "spa": 130, "spd": 75, "spe": 110}, "stats": {"hp": 230, "atk": 110, "def": 144, "spa": 257, "spd": 168, "spe": 225}, "types": ["Ghost", "Poison"]}, "Iron Crown": {"name": "Iron Crown", "species": "Iron Crown", "speciesId": "ironcrown", "gender": "N", "shiny": false, "level": 78, "moves": ["voltswitch", "psyshock", "focusblast", "tachyoncutter"], "ability": "Quark Drive", "evs": {"hp": 85, "atk": 0, "def": 85, "spa": 85, "spd": 85, "spe": 85}, "ivs": {"hp": 31, "atk": 0, "def": 31, "spa": 31, "spd": 31, "spe": 31}, "item": "Choice Specs", "teraType": "Fighting", "role": "Wallbreaker", "bvs": {"hp": 90, "atk": 72, "def": 100, "spa": 122, "spd": 108, "spe": 98}, "stats": {"hp": 268, "atk": 117, "def": 201, "spa": 235, "spd": 214, "spe": 198}, "types": ["Steel", "Psychic"]}, "Sceptile": {"name": "Sceptile", "species": "Sceptile", "speciesId": "sceptile", "gender": "M", "shiny": false, "level": 87, "moves": ["gigadrain", "focusblast", "leechseed", "substitute"], "ability": "Overgrow", "evs": {"hp": 85, "atk": 0, "def": 85, "spa": 85, "spd": 85, "spe": 85}, "ivs": {"hp": 31, "atk": 0, "def": 31, "spa": 31, "spd": 31, "spe": 31}, "item": "Leftovers", "teraType": "Steel", "role": "Fast Support", "bvs": {"hp": 70, "atk": 85, "def": 65, "spa": 105, "spd": 85, "spe": 120}, "stats": {"hp": 264, "atk": 152, "def": 163, "spa": 232, "spd": 198, "spe": 259}, "types": ["Grass"]}}]}