{"id": "gen9randombattle-2641573750", "format": "[Gen 9] Random Battle", "players": ["JoJo321", "sarodiya"], "log": "|badge|p2|bronze|gen9randombattle|100-9\n|html|<div class=\"broadcast-red\"><strong>This battle is required to be public due to one or more player having a season medal.</strong><br />During the public phase, you can discuss the state of the ladder <a href=\"/seasondiscussion\">in a special chatroom.</a></div>\n|uhtml|medal-msg|<div class=\"broadcast-blue\">Curious what those medals under the avatar are? PS now has Ladder Seasons! For more information, check out the <a href=\"https://www.smogon.com/forums/threads/3740067/\">thread on Smogon.</a></div>\n|raw|<div class=\"broadcast-blue\"><strong>This battle is required to be public due to a player having a name starting with 'medal'.</div>\n|j|\u2606JoJo321\n|j|\u2606sarodiya\n|t:|1782810976\n|gametype|singles\n|player|p1|JoJo321|wattson|2234\n|player|p2|sarodiya|265|2229\n|gen|9\n|tier|[Gen 9] Random Battle\n|rated|\n|rule|Species Clause: Limit one of each Pok\u00e9mon\n|rule|HP Percentage Mod: HP is shown in percentages\n|rule|Sleep Clause Mod: Limit one foe put to sleep\n|rule|Illusion Level Mod: Illusion disguises the Pok\u00e9mon's true level\n|\n|t:|1782810976\n|teamsize|p1|6\n|teamsize|p2|6\n|start\n|switch|p1a: Appletun|Appletun, L92, F|352/352\n|switch|p2a: Registeel|Registeel, L81|262/262\n|turn|1\n|inactive|Battle timer is ON: inactive players will automatically lose when time's up. (requested by sarodiya)\n|inactive|JoJo321 has 120 seconds left.\n|\n|t:|1782811007\n|switch|p1a: Skeledirge|Skeledirge, L79, F|294/294\n|move|p2a: Registeel|Thunder Wave|p1a: Skeledirge|[miss]\n|-miss|p2a: Registeel|p1a: Skeledirge\n|\n|upkeep\n|turn|2\n|\n|t:|1782811030\n|move|p1a: Skeledirge|Torch Song|p2a: Registeel\n|-supereffective|p2a: Registeel\n|-damage|p2a: Registeel|148/262\n|-boost|p1a: Skeledirge|spa|1\n|move|p2a: Registeel|Thunder Wave|p1a: Skeledirge\n|-status|p1a: Skeledirge|par\n|\n|-heal|p2a: Registeel|164/262|[from] item: Leftovers\n|upkeep\n|turn|3\n|\n|t:|1782811033\n|move|p2a: Registeel|Stealth Rock|p1a: Skeledirge\n|-sidestart|p1: JoJo321|move: Stealth Rock\n|move|p1a: Skeledirge|Will-O-Wisp|p2a: Registeel\n|-status|p2a: Registeel|brn\n|\n|-heal|p2a: Registeel|180/262 brn|[from] item: Leftovers\n|-damage|p2a: Registeel|164/262 brn|[from] brn\n|upkeep\n|turn|4\n|\n|t:|1782811037\n|switch|p2a: Kleavor|Kleavor, L78, F|237/237\n|move|p1a: Skeledirge|Torch Song|p2a: Kleavor\n|-damage|p2a: Kleavor|81/237\n|-boost|p1a: Skeledirge|spa|1\n|\n|upkeep\n|turn|5\n|\n|t:|1782811043\n|switch|p1a: Iron Hands|Iron Hands, L79|373/373\n|-damage|p1a: Iron Hands|350/373|[from] Stealth Rock\n|move|p2a: Kleavor|Stone Axe|p1a: Iron Hands\n|-resisted|p1a: Iron Hands\n|-damage|p1a: Iron Hands|296/373\n|\n|-heal|p1a: Iron Hands|319/373|[from] item: Leftovers\n|upkeep\n|turn|6\n|\n|t:|1782811047\n|move|p2a: Kleavor|U-turn|p1a: Iron Hands\n|-resisted|p1a: Iron Hands\n|-damage|p1a: Iron Hands|282/373\n|\n|t:|1782811050\n|switch|p2a: Basculegion|Basculegion, L80, M|323/323|[from] U-turn\n|move|p1a: Iron Hands|Swords Dance|p1a: Iron Hands\n|-boost|p1a: Iron Hands|atk|2\n|\n|-heal|p1a: Iron Hands|305/373|[from] item: Leftovers\n|upkeep\n|turn|7\n|\n|t:|1782811052\n|move|p2a: Basculegion|Flip Turn|p1a: Iron Hands\n|-damage|p1a: Iron Hands|225/373\n|\n|t:|1782811054\n|switch|p2a: Camerupt|Camerupt, L91, F|275/275|[from] Flip Turn\n|move|p1a: Iron Hands|Thunder Punch|p2a: Camerupt\n|-immune|p2a: Camerupt\n|\n|-heal|p1a: Iron Hands|248/373|[from] item: Leftovers\n|upkeep\n|turn|8\n|\n|t:|1782811056\n|move|p2a: Camerupt|Earthquake|p1a: Iron Hands\n|-supereffective|p1a: Iron Hands\n|-damage|p1a: Iron Hands|0 fnt\n|faint|p1a: Iron Hands\n|-end|p1a: Iron Hands|Quark Drive|[silent]\n|\n|upkeep\n|\n|t:|1782811061\n|switch|p1a: Appletun|Appletun, L92, F|352/352\n|-damage|p1a: Appletun|308/352|[from] Stealth Rock\n|turn|9\n|inactive|sarodiya has 120 seconds left.\n|\n|t:|1782811105\n|move|p2a: Camerupt|Will-O-Wisp|p1a: Appletun\n|-status|p1a: Appletun|brn\n|move|p1a: Appletun|Apple Acid|p2a: Camerupt\n|-crit|p2a: Camerupt\n|-damage|p2a: Camerupt|113/275\n|-unboost|p2a: Camerupt|spd|1\n|\n|-heal|p2a: Camerupt|130/275|[from] item: Leftovers\n|-heal|p1a: Appletun|330/352 brn|[from] item: Leftovers\n|-damage|p1a: Appletun|308/352 brn|[from] brn\n|upkeep\n|turn|10\n|\n|t:|1782811121\n|switch|p2a: Hoopa|Hoopa-Unbound, L80|259/259\n|move|p1a: Appletun|Apple Acid|p2a: Hoopa\n|-damage|p2a: Hoopa|204/259\n|-unboost|p2a: Hoopa|spd|1\n|\n|-heal|p1a: Appletun|330/352 brn|[from] item: Leftovers\n|-damage|p1a: Appletun|308/352 brn|[from] brn\n|upkeep\n|turn|11\n|\n|t:|1782811128\n|move|p2a: Hoopa|Gunk Shot|p1a: Appletun|[miss]\n|-miss|p2a: Hoopa|p1a: Appletun\n|move|p1a: Appletun|Recover|p1a: Appletun\n|-heal|p1a: Appletun|352/352 brn\n|\n|-damage|p1a: Appletun|330/352 brn|[from] brn\n|upkeep\n|turn|12\n|\n|t:|1782811131\n|switch|p1a: Terrakion|Terrakion, L79|273/273\n|-damage|p1a: Terrakion|256/273|[from] Stealth Rock\n|move|p2a: Hoopa|Gunk Shot|p1a: Terrakion\n|-resisted|p1a: Terrakion\n|-damage|p1a: Terrakion|190/273\n|\n|upkeep\n|turn|13\n|\n|t:|1782811139\n|switch|p2a: Gurdurr|Gurdurr, L85, F|283/283\n|move|p1a: Terrakion|Swords Dance|p1a: Terrakion\n|-boost|p1a: Terrakion|atk|2\n|\n|upkeep\n|turn|14\n|\n|t:|1782811145\n|move|p1a: Terrakion|Close Combat|p2a: Gurdurr\n|-damage|p2a: Gurdurr|33/283\n|-unboost|p1a: Terrakion|def|1\n|-unboost|p1a: Terrakion|spd|1\n|-damage|p1a: Terrakion|163/273|[from] item: Life Orb\n|move|p2a: Gurdurr|Drain Punch|p1a: Terrakion\n|-supereffective|p1a: Terrakion\n|-damage|p1a: Terrakion|0 fnt\n|-heal|p2a: Gurdurr|115/283|[from] drain|[of] p1a: Terrakion\n|faint|p1a: Terrakion\n|\n|upkeep\n|\n|t:|1782811147\n|switch|p1a: Mesprit|Mesprit, L85|275/275\n|-damage|p1a: Mesprit|241/275|[from] Stealth Rock\n|turn|15\n|\n|t:|1782811152\n|switch|p2a: Basculegion|Basculegion, L80, M|323/323\n|move|p1a: Mesprit|Psychic Noise|p2a: Basculegion\n|-damage|p2a: Basculegion|259/323\n|-start|p2a: Basculegion|move: Heal Block\n|\n|-heal|p1a: Mesprit|258/275|[from] item: Leftovers\n|upkeep\n|turn|16\n|\n|t:|1782811157\n|move|p1a: Mesprit|Knock Off|p2a: Basculegion\n|-supereffective|p2a: Basculegion\n|-damage|p2a: Basculegion|69/323\n|-enditem|p2a: Basculegion|Assault Vest|[from] move: Knock Off|[of] p1a: Mesprit\n|move|p2a: Basculegion|Shadow Ball|p1a: Mesprit\n|-supereffective|p1a: Mesprit\n|-damage|p1a: Mesprit|94/275\n|\n|-heal|p1a: Mesprit|111/275|[from] item: Leftovers\n|-end|p2a: Basculegion|move: Heal Block\n|upkeep\n|turn|17\n|\n|t:|1782811163\n|move|p2a: Basculegion|Aqua Jet|p1a: Mesprit\n|-damage|p1a: Mesprit|55/275\n|move|p1a: Mesprit|Psychic Noise|p2a: Basculegion\n|-damage|p2a: Basculegion|0 fnt\n|faint|p2a: Basculegion\n|\n|-heal|p1a: Mesprit|72/275|[from] item: Leftovers\n|upkeep\n|\n|t:|1782811179\n|switch|p2a: Hoopa|Hoopa-Unbound, L80|204/259\n|turn|18\n|\n|t:|1782811202\n|move|p1a: Mesprit|Thunder Wave|p2a: Hoopa\n|-status|p2a: Hoopa|par\n|move|p2a: Hoopa|Hyperspace Fury|p1a: Mesprit\n|-supereffective|p1a: Mesprit\n|-damage|p1a: Mesprit|0 fnt\n|-unboost|p2a: Hoopa|def|1\n|faint|p1a: Mesprit\n|\n|upkeep\n|\n|t:|1782811204\n|switch|p1a: Volbeat|Volbeat, L90, M|263/263\n|turn|19\n|\n|t:|1782811210\n|switch|p2a: Camerupt|Camerupt, L91, F|130/275\n|move|p1a: Volbeat|U-turn|p2a: Camerupt\n|-resisted|p2a: Camerupt\n|-damage|p2a: Camerupt|94/275\n|\n|t:|1782811212\n|switch|p1a: Appletun|Appletun, L92, F|330/352 brn|[from] U-turn\n|-damage|p1a: Appletun|286/352 brn|[from] Stealth Rock\n|\n|-heal|p2a: Camerupt|111/275|[from] item: Leftovers\n|-heal|p1a: Appletun|308/352 brn|[from] item: Leftovers\n|-damage|p1a: Appletun|286/352 brn|[from] brn\n|upkeep\n|turn|20\n|\n|t:|1782811221\n|switch|p2a: Gurdurr|Gurdurr, L85, F|115/283\n|move|p1a: Appletun|Apple Acid|p2a: Gurdurr\n|-damage|p2a: Gurdurr|19/283\n|-unboost|p2a: Gurdurr|spd|1\n|\n|-heal|p1a: Appletun|308/352 brn|[from] item: Leftovers\n|-damage|p1a: Appletun|286/352 brn|[from] brn\n|upkeep\n|turn|21\n|\n|t:|1782811227\n|move|p2a: Gurdurr|Knock Off|p1a: Appletun\n|-damage|p1a: Appletun|208/352 brn\n|-enditem|p1a: Appletun|Leftovers|[from] move: Knock Off|[of] p2a: Gurdurr\n|move|p1a: Appletun|Recover|p1a: Appletun\n|-heal|p1a: Appletun|352/352 brn\n|\n|-damage|p1a: Appletun|330/352 brn|[from] brn\n|upkeep\n|turn|22\n|\n|t:|1782811231\n|move|p2a: Gurdurr|Drain Punch|p1a: Appletun\n|-crit|p1a: Appletun\n|-damage|p1a: Appletun|189/352 brn\n|-heal|p2a: Gurdurr|90/283|[from] drain|[of] p1a: Appletun\n|move|p1a: Appletun|Apple Acid|p2a: Gurdurr\n|-damage|p2a: Gurdurr|0 fnt\n|faint|p2a: Gurdurr\n|\n|-damage|p1a: Appletun|167/352 brn|[from] brn\n|upkeep\n|\n|t:|1782811235\n|switch|p2a: Kleavor|Kleavor, L78, F|81/237\n|turn|23\n|\n|t:|1782811239\n|switch|p1a: Skeledirge|Skeledirge, L79, F|294/294 par\n|move|p2a: Kleavor|X-Scissor|p1a: Skeledirge\n|-resisted|p1a: Skeledirge\n|-damage|p1a: Skeledirge|259/294 par\n|\n|upkeep\n|turn|24\n|\n|t:|1782811249\n|-terastallize|p1a: Skeledirge|Fairy\n|move|p2a: Kleavor|Stone Axe|p1a: Skeledirge\n|-damage|p1a: Skeledirge|147/294 par\n|move|p1a: Skeledirge|Will-O-Wisp|p2a: Kleavor\n|-status|p2a: Kleavor|brn\n|\n|-damage|p2a: Kleavor|67/237 brn|[from] brn\n|upkeep\n|turn|25\n|\n|t:|1782811254\n|move|p2a: Kleavor|U-turn|p1a: Skeledirge\n|-resisted|p1a: Skeledirge\n|-damage|p1a: Skeledirge|126/294 par\n|\n|t:|1782811255\n|switch|p2a: Camerupt|Camerupt, L91, F|111/275|[from] U-turn\n|move|p1a: Skeledirge|Slack Off|p1a: Skeledirge\n|-heal|p1a: Skeledirge|273/294 par\n|\n|-heal|p2a: Camerupt|128/275|[from] item: Leftovers\n|upkeep\n|turn|26\n|\n|t:|1782811268\n|move|p2a: Camerupt|Earthquake|p1a: Skeledirge\n|-damage|p1a: Skeledirge|141/294 par\n|move|p1a: Skeledirge|Torch Song|p2a: Camerupt\n|-resisted|p2a: Camerupt\n|-damage|p2a: Camerupt|81/275\n|-boost|p1a: Skeledirge|spa|1\n|\n|-heal|p2a: Camerupt|98/275|[from] item: Leftovers\n|upkeep\n|turn|27\n|\n|t:|1782811274\n|move|p2a: Camerupt|Earthquake|p1a: Skeledirge\n|-damage|p1a: Skeledirge|18/294 par\n|move|p1a: Skeledirge|Slack Off|p1a: Skeledirge\n|-heal|p1a: Skeledirge|165/294 par\n|\n|-heal|p2a: Camerupt|115/275|[from] item: Leftovers\n|upkeep\n|turn|28\n|\n|t:|1782811278\n|switch|p1a: Appletun|Appletun, L92, F|167/352 brn\n|-damage|p1a: Appletun|123/352 brn|[from] Stealth Rock\n|move|p2a: Camerupt|Earthquake|p1a: Appletun\n|-resisted|p1a: Appletun\n|-damage|p1a: Appletun|57/352 brn\n|\n|-heal|p2a: Camerupt|132/275|[from] item: Leftovers\n|-damage|p1a: Appletun|35/352 brn|[from] brn\n|upkeep\n|turn|29\n|-message|JoJo321 forfeited.\n|\n|win|sarodiya\n", "inputlog": ">version f8ac14003a5f27e1bdc8d8c59608a773c1cb96e5\n>start {\"formatid\":\"gen9randombattle\",\"seed\":\"sodium,09876c92b1d02cda41acf957a4962932\",\"rated\":\"Rated battle\"}\n>player p1 {\"name\":\"JoJo321\",\"avatar\":\"wattson\",\"rating\":2234,\"seed\":\"sodium,6beb267345c1677594e11d957638dd2b\"}\n>player p2 {\"name\":\"sarodiya\",\"avatar\":\"265\",\"rating\":2229,\"seed\":\"sodium,ad40468f165926e4de974d2f4b55d3fb\"}\n>p1 switch 4\n>p2 move thunderwave\n>p1 move torchsong\n>p2 move thunderwave\n>p1 move willowisp\n>p2 move stealthrock\n>p1 move torchsong\n>p2 switch 2\n>p1 switch 5\n>p2 move stoneaxe\n>p1 move swordsdance\n>p2 move uturn\n>p2 switch 6\n>p1 move thunderpunch\n>p2 move flipturn\n>p2 switch 4\n>p1 move drainpunch\n>p2 move earthquake\n>p1 switch 4\n>p1 move appleacid\n>p2 move willowisp\n>p1 move appleacid\n>p2 switch 5\n>p1 move recover\n>p2 move gunkshot\n>p1 switch 6\n>p2 move gunkshot\n>p1 move swordsdance\n>p2 switch 3\n>p1 move closecombat\n>p2 move drainpunch\n>p1 switch 3\n>p1 move psychicnoise\n>p2 switch 4\n>p1 move knockoff\n>p2 move shadowball\n>p1 move psychicnoise\n>p2 move aquajet\n>p2 switch 3\n>p1 move thunderwave\n>p2 move hyperspacefury\n>p1 switch 2\n>p1 move uturn\n>p2 switch 5\n>p1 switch 6\n>p1 move appleacid\n>p2 switch 4\n>p1 move recover\n>p2 move knockoff\n>p1 move appleacid\n>p2 move drainpunch\n>p2 switch 6\n>p1 switch 5\n>p2 move xscissor\n>p1 move willowisp terastallize\n>p2 move stoneaxe\n>p1 move slackoff\n>p2 move uturn\n>p2 switch 4\n>p1 move torchsong\n>p2 move earthquake\n>p1 move slackoff\n>p2 move earthquake\n>p1 switch 5\n>p2 move earthquake\n>forcelose p1", "uploadtime": 1782810977, "views": 3, "formatid": "gen9randombattle", "rating": null, "private": 0, "password": null, "player_dets": [{"name": "JoJo321", "avatar": "wattson", "rating": 2234, "seed": "sodium,6beb267345c1677594e11d957638dd2b"}, {"name": "sarodiya", "avatar": "265", "rating": 2229, "seed": "sodium,ad40468f165926e4de974d2f4b55d3fb"}], "teams_full": [{"Appletun": {"name": "Appletun", "species": "Appletun", "speciesId": "appletun", "gender": "F", "shiny": false, "level": 92, "moves": ["dracometeor", "dragontail", "recover", "appleacid"], "ability": "Thick Fat", "evs": {"hp": 85, "atk": 85, "def": 85, "spa": 85, "spd": 85, "spe": 85}, "ivs": {"hp": 31, "atk": 31, "def": 31, "spa": 31, "spd": 31, "spe": 31}, "item": "Leftovers", "teraType": "Steel", "role": "Bulky Attacker", "bvs": {"hp": 110, "atk": 85, "def": 80, "spa": 100, "spd": 80, "spe": 30}, "stats": {"hp": 352, "atk": 209, "def": 200, "spa": 236, "spd": 200, "spe": 108}, "types": ["Grass", "Dragon"]}, "Volbeat": {"name": "Volbeat", "species": "Volbeat", "speciesId": "volbeat", "gender": "M", "shiny": false, "level": 90, "moves": ["roost", "uturn", "thunderwave", "encore"], "ability": "Prankster", "evs": {"hp": 85, "atk": 85, "def": 85, "spa": 85, "spd": 85, "spe": 85}, "ivs": {"hp": 31, "atk": 31, "def": 31, "spa": 31, "spd": 31, "spe": 31}, "item": "Heavy-Duty Boots", "teraType": "Water", "role": "Bulky Support", "bvs": {"hp": 65, "atk": 73, "def": 75, "spa": 47, "spd": 85, "spe": 85}, "stats": {"hp": 263, "atk": 183, "def": 186, "spa": 136, "spd": 204, "spe": 204}, "types": ["Bug"]}, "Mesprit": {"name": "Mesprit", "species": "Mesprit", "speciesId": "mesprit", "gender": "N", "shiny": false, "level": 85, "moves": ["thunderwave", "knockoff", "psychicnoise", "stealthrock"], "ability": "Levitate", "evs": {"hp": 85, "atk": 85, "def": 85, "spa": 85, "spd": 85, "spe": 85}, "ivs": {"hp": 31, "atk": 31, "def": 31, "spa": 31, "spd": 31, "spe": 31}, "item": "Leftovers", "teraType": "Dark", "role": "Bulky Attacker", "bvs": {"hp": 80, "atk": 105, "def": 105, "spa": 105, "spd": 105, "spe": 80}, "stats": {"hp": 275, "atk": 227, "def": 227, "spa": 227, "spd": 227, "spe": 185}, "types": ["Psychic"]}, "Skeledirge": {"name": "Skeledirge", "species": "Skeledirge", "speciesId": "skeledirge", "gender": "F", "shiny": false, "level": 79, "moves": ["hex", "willowisp", "slackoff", "torchsong"], "ability": "Unaware", "evs": {"hp": 85, "atk": 0, "def": 85, "spa": 85, "spd": 85, "spe": 85}, "ivs": {"hp": 31, "atk": 0, "def": 31, "spa": 31, "spd": 31, "spe": 31}, "item": "Heavy-Duty Boots", "teraType": "Fairy", "role": "Bulky Support", "bvs": {"hp": 104, "atk": 75, "def": 100, "spa": 110, "spd": 75, "spe": 66}, "stats": {"hp": 294, "atk": 123, "def": 204, "spa": 219, "spd": 164, "spe": 150}, "types": ["Fire", "Ghost"]}, "Iron Hands": {"name": "Iron Hands", "species": "Iron Hands", "speciesId": "ironhands", "gender": "N", "shiny": false, "level": 79, "moves": ["icepunch", "thunderpunch", "drainpunch", "swordsdance"], "ability": "Quark Drive", "evs": {"hp": 85, "atk": 85, "def": 85, "spa": 85, "spd": 85, "spe": 85}, "ivs": {"hp": 31, "atk": 31, "def": 31, "spa": 31, "spd": 31, "spe": 31}, "item": "Leftovers", "teraType": "Flying", "role": "Bulky Attacker", "bvs": {"hp": 154, "atk": 140, "def": 108, "spa": 50, "spd": 68, "spe": 50}, "stats": {"hp": 373, "atk": 267, "def": 216, "spa": 125, "spd": 153, "spe": 125}, "types": ["Fighting", "Electric"]}, "Terrakion": {"name": "Terrakion", "species": "Terrakion", "speciesId": "terrakion", "gender": "N", "shiny": false, "level": 79, "moves": ["earthquake", "closecombat", "swordsdance", "stoneedge"], "ability": "Justified", "evs": {"hp": 85, "atk": 85, "def": 85, "spa": 85, "spd": 85, "spe": 85}, "ivs": {"hp": 31, "atk": 31, "def": 31, "spa": 31, "spd": 31, "spe": 31}, "item": "Life Orb", "teraType": "Fighting", "role": "Setup Sweeper", "bvs": {"hp": 91, "atk": 129, "def": 90, "spa": 72, "spd": 90, "spe": 108}, "stats": {"hp": 273, "atk": 249, "def": 188, "spa": 159, "spd": 188, "spe": 216}, "types": ["Rock", "Fighting"]}}, {"Registeel": {"name": "Registeel", "species": "Registeel", "speciesId": "registeel", "gender": "N", "shiny": false, "level": 81, "moves": ["thunderwave", "ironhead", "bodypress", "stealthrock"], "ability": "Clear Body", "evs": {"hp": 85, "atk": 85, "def": 85, "spa": 85, "spd": 85, "spe": 85}, "ivs": {"hp": 31, "atk": 31, "def": 31, "spa": 31, "spd": 31, "spe": 31}, "item": "Leftovers", "teraType": "Fighting", "role": "Bulky Support", "bvs": {"hp": 80, "atk": 75, "def": 150, "spa": 75, "spd": 150, "spe": 50}, "stats": {"hp": 262, "atk": 168, "def": 290, "spa": 168, "spd": 290, "spe": 128}, "types": ["Steel"]}, "Kleavor": {"name": "Kleavor", "species": "Kleavor", "speciesId": "kleavor", "gender": "F", "shiny": false, "level": 78, "moves": ["xscissor", "stoneaxe", "uturn", "defog"], "ability": "Sharpness", "evs": {"hp": 85, "atk": 85, "def": 85, "spa": 85, "spd": 85, "spe": 85}, "ivs": {"hp": 31, "atk": 31, "def": 31, "spa": 31, "spd": 31, "spe": 31}, "item": "Heavy-Duty Boots", "teraType": "Rock", "role": "Bulky Attacker", "bvs": {"hp": 70, "atk": 135, "def": 95, "spa": 45, "spd": 70, "spe": 85}, "stats": {"hp": 237, "atk": 256, "def": 193, "spa": 115, "spd": 154, "spe": 178}, "types": ["Bug", "Rock"]}, "Gurdurr": {"name": "Gurdurr", "species": "Gurdurr", "speciesId": "gurdurr", "gender": "F", "shiny": false, "level": 85, "moves": ["knockoff", "drainpunch", "bulkup", "machpunch"], "ability": "Guts", "evs": {"hp": 85, "atk": 85, "def": 85, "spa": 85, "spd": 85, "spe": 85}, "ivs": {"hp": 31, "atk": 31, "def": 31, "spa": 31, "spd": 31, "spe": 31}, "item": "Eviolite", "teraType": "Steel", "role": "Bulky Attacker", "bvs": {"hp": 85, "atk": 105, "def": 85, "spa": 40, "spd": 50, "spe": 40}, "stats": {"hp": 283, "atk": 227, "def": 193, "spa": 117, "spd": 134, "spe": 117}, "types": ["Fighting"]}, "Camerupt": {"name": "Camerupt", "species": "Camerupt", "speciesId": "camerupt", "gender": "F", "shiny": false, "level": 91, "moves": ["earthquake", "overheat", "roar", "willowisp"], "ability": "Solid Rock", "evs": {"hp": 85, "atk": 85, "def": 85, "spa": 85, "spd": 85, "spe": 85}, "ivs": {"hp": 31, "atk": 31, "def": 31, "spa": 31, "spd": 31, "spe": 31}, "item": "Leftovers", "teraType": "Grass", "role": "Bulky Support", "bvs": {"hp": 70, "atk": 100, "def": 70, "spa": 105, "spd": 75, "spe": 40}, "stats": {"hp": 275, "atk": 234, "def": 179, "spa": 243, "spd": 188, "spe": 125}, "types": ["Fire", "Ground"]}, "Hoopa": {"name": "Hoopa", "species": "Hoopa-Unbound", "speciesId": "hoopaunbound", "gender": "N", "shiny": false, "level": 80, "moves": ["hyperspacefury", "focusblast", "gunkshot", "psychic"], "ability": "Magician", "evs": {"hp": 85, "atk": 85, "def": 85, "spa": 85, "spd": 85, "spe": 85}, "ivs": {"hp": 31, "atk": 31, "def": 31, "spa": 31, "spd": 31, "spe": 31}, "item": "Assault Vest", "teraType": "Fighting", "role": "Bulky Attacker", "bvs": {"hp": 80, "atk": 160, "def": 60, "spa": 170, "spd": 130, "spe": 80}, "stats": {"hp": 259, "atk": 302, "def": 142, "spa": 318, "spd": 254, "spe": 174}, "types": ["Psychic", "Dark"]}, "Basculegion": {"name": "Basculegion", "species": "Basculegion", "speciesId": "basculegion", "gender": "M", "shiny": false, "level": 80, "moves": ["flipturn", "wavecrash", "aquajet", "shadowball"], "ability": "Adaptability", "evs": {"hp": 85, "atk": 85, "def": 85, "spa": 85, "spd": 85, "spe": 85}, "ivs": {"hp": 31, "atk": 31, "def": 31, "spa": 31, "spd": 31, "spe": 31}, "item": "Assault Vest", "teraType": "Water", "role": "AV Pivot", "bvs": {"hp": 120, "atk": 112, "def": 65, "spa": 80, "spd": 75, "spe": 78}, "stats": {"hp": 323, "atk": 225, "def": 150, "spa": 174, "spd": 166, "spe": 171}, "types": ["Water", "Ghost"]}}]}