{"id": "gen9randombattle-2641519735", "format": "[Gen 9] Random Battle", "players": ["Blooodfooort", "shynii21"], "log": "|j|\u2606Blooodfooort\n|j|\u2606shynii21\n|t:|1782799452\n|gametype|singles\n|player|p1|Blooodfooort|266|2166\n|player|p2|shynii21|lucian|2154\n|gen|9\n|tier|[Gen 9] Random Battle\n|rated|\n|rule|Species Clause: Limit one of each Pok\u00e9mon\n|rule|HP Percentage Mod: HP is shown in percentages\n|rule|Sleep Clause Mod: Limit one foe put to sleep\n|rule|Illusion Level Mod: Illusion disguises the Pok\u00e9mon's true level\n|\n|t:|1782799453\n|teamsize|p1|6\n|teamsize|p2|6\n|start\n|switch|p1a: Donphan|Donphan, L84, F|288/288\n|switch|p2a: Luxray|Luxray, L88, M|283/283\n|turn|1\n|inactive|Battle timer is ON: inactive players will automatically lose when time's up. (requested by shynii21)\n|\n|t:|1782799466\n|switch|p2a: Giratina|Giratina, L75|349/349\n|-ability|p2a: Giratina|Pressure\n|move|p1a: Donphan|Knock Off|p2a: Giratina\n|-supereffective|p2a: Giratina\n|-damage|p2a: Giratina|209/349\n|-enditem|p2a: Giratina|Leftovers|[from] move: Knock Off|[of] p1a: Donphan\n|\n|upkeep\n|turn|2\n|\n|t:|1782799476\n|switch|p1a: Chandelure|Chandelure, L83, M|235/235\n|move|p2a: Giratina|Will-O-Wisp|p1a: Chandelure\n|-start|p1a: Chandelure|ability: Flash Fire\n|\n|upkeep\n|turn|3\n|inactive|shynii21 has 120 seconds left.\n|\n|t:|1782799525\n|switch|p2a: Kommo-o|Kommo-o, L78, F|245/245\n|move|p1a: Chandelure|Shadow Ball|p2a: Kommo-o\n|-damage|p2a: Kommo-o|139/245\n|\n|upkeep\n|turn|4\n|\n|t:|1782799537\n|move|p1a: Chandelure|Shadow Ball|p2a: Kommo-o\n|-damage|p2a: Kommo-o|36/245\n|move|p2a: Kommo-o|Scale Shot|p1a: Chandelure\n|-damage|p1a: Chandelure|208/235\n|-damage|p1a: Chandelure|183/235\n|-damage|p1a: Chandelure|156/235\n|-damage|p1a: Chandelure|131/235\n|-hitcount|p1a: Chandelure|4\n|-unboost|p2a: Kommo-o|def|1\n|-boost|p2a: Kommo-o|spe|1\n|\n|upkeep\n|turn|5\n|\n|t:|1782799545\n|move|p1a: Chandelure|Shadow Ball|p2a: Kommo-o\n|-damage|p2a: Kommo-o|0 fnt\n|faint|p2a: Kommo-o\n|\n|upkeep\n|\n|t:|1782799555\n|switch|p2a: Overqwil|Overqwil, L82, F|274/274\n|-ability|p2a: Overqwil|Intimidate|boost\n|-unboost|p1a: Chandelure|atk|1\n|turn|6\n|\n|t:|1782799569\n|move|p1a: Chandelure|Shadow Ball|p2a: Overqwil\n|-resisted|p2a: Overqwil\n|-damage|p2a: Overqwil|196/274\n|move|p2a: Overqwil|Swords Dance|p2a: Overqwil\n|-boost|p2a: Overqwil|atk|2\n|\n|upkeep\n|turn|7\n|\n|t:|1782799573\n|move|p1a: Chandelure|Shadow Ball|p2a: Overqwil\n|-resisted|p2a: Overqwil\n|-damage|p2a: Overqwil|122/274\n|-unboost|p2a: Overqwil|spd|1\n|move|p2a: Overqwil|Scale Shot|p1a: Chandelure\n|-damage|p1a: Chandelure|90/235\n|-damage|p1a: Chandelure|54/235\n|-damage|p1a: Chandelure|12/235\n|-damage|p1a: Chandelure|0 fnt\n|faint|p1a: Chandelure\n|-hitcount|p1: Chandelure|4\n|-unboost|p2a: Overqwil|def|1\n|-boost|p2a: Overqwil|spe|1\n|\n|upkeep\n|\n|t:|1782799578\n|switch|p1a: Donphan|Donphan, L84, F|288/288\n|turn|8\n|\n|t:|1782799584\n|switch|p2a: Giratina|Giratina, L75|209/349\n|-ability|p2a: Giratina|Pressure\n|move|p1a: Donphan|Earthquake|p2a: Giratina\n|-damage|p2a: Giratina|91/349\n|\n|upkeep\n|turn|9\n|\n|t:|1782799594\n|move|p1a: Donphan|Ice Shard|p2a: Giratina\n|-supereffective|p2a: Giratina\n|-damage|p2a: Giratina|31/349\n|move|p2a: Giratina|Will-O-Wisp|p1a: Donphan|[miss]\n|-miss|p2a: Giratina|p1a: Donphan\n|\n|upkeep\n|turn|10\n|\n|t:|1782799602\n|move|p1a: Donphan|Ice Shard|p2a: Giratina\n|-supereffective|p2a: Giratina\n|-damage|p2a: Giratina|0 fnt\n|faint|p2a: Giratina\n|\n|upkeep\n|\n|t:|1782799615\n|switch|p2a: Munkidori|Munkidori, L79, M|269/269\n|turn|11\n|\n|t:|1782799622\n|move|p2a: Munkidori|Fake Out|p1a: Donphan\n|-damage|p1a: Donphan|272/288\n|cant|p1a: Donphan|flinch\n|\n|upkeep\n|turn|12\n|\n|t:|1782799632\n|move|p2a: Munkidori|U-turn|p1a: Donphan\n|-damage|p1a: Donphan|242/288\n|\n|t:|1782799641\n|switch|p2a: Overqwil|Overqwil, L82, F|122/274|[from] U-turn\n|-ability|p2a: Overqwil|Intimidate|boost\n|-unboost|p1a: Donphan|atk|1\n|move|p1a: Donphan|Earthquake|p2a: Overqwil\n|-supereffective|p2a: Overqwil\n|-damage|p2a: Overqwil|0 fnt\n|faint|p2a: Overqwil\n|\n|upkeep\n|\n|t:|1782799651\n|switch|p2a: Lokix|Lokix, L82, F|251/251\n|turn|13\n|\n|t:|1782799669\n|switch|p1a: Arceus|Arceus-Ground, L70|284/284\n|move|p2a: Lokix|Swords Dance|p2a: Lokix\n|-boost|p2a: Lokix|atk|2\n|\n|upkeep\n|turn|14\n|\n|t:|1782799685\n|move|p1a: Arceus|Stone Edge|p2a: Lokix\n|-supereffective|p2a: Lokix\n|-damage|p2a: Lokix|125/251\n|move|p2a: Lokix|Leech Life|p1a: Arceus\n|-damage|p1a: Arceus|73/284\n|-heal|p2a: Lokix|231/251|[from] drain|[of] p1a: Arceus\n|-damage|p2a: Lokix|206/251|[from] item: Life Orb\n|\n|upkeep\n|turn|15\n|\n|t:|1782799698\n|-terastallize|p2a: Lokix|Dark\n|move|p1a: Arceus|Earthquake|p2a: Lokix\n|-damage|p2a: Lokix|82/251\n|move|p2a: Lokix|Leech Life|p1a: Arceus\n|-damage|p1a: Arceus|0 fnt\n|-heal|p2a: Lokix|119/251|[from] drain|[of] p1a: Arceus\n|faint|p1a: Arceus\n|-damage|p2a: Lokix|94/251|[from] item: Life Orb\n|\n|upkeep\n|\n|t:|1782799707\n|switch|p1a: Terapagos|Terapagos, L77, M|265/265\n|-activate|p1a: Terapagos|ability: Tera Shift\n|detailschange|p1a: Terapagos|Terapagos-Terastal, L77, M\n|-heal|p1a: Terapagos|273/273|[silent]\n|turn|16\n|\n|t:|1782799725\n|-terastallize|p1a: Terapagos|Stellar\n|detailschange|p1a: Terapagos|Terapagos-Stellar, L77, M, tera:Stellar\n|-heal|p1a: Terapagos|373/373|[silent]\n|move|p2a: Lokix|Knock Off|p1a: Terapagos\n|-damage|p1a: Terapagos|64/373\n|-enditem|p1a: Terapagos|Chesto Berry|[from] move: Knock Off|[of] p2a: Lokix\n|-damage|p2a: Lokix|69/251|[from] item: Life Orb\n|move|p1a: Terapagos|Tera Starstorm|p2a: Lokix\n|-supereffective|p2a: Lokix\n|-damage|p2a: Lokix|0 fnt\n|faint|p2a: Lokix\n|\n|upkeep\n|c|\u2606Blooodfooort|Oh\n|inactive|shynii21 has 120 seconds left.\n|\n|t:|1782799746\n|switch|p2a: Luxray|Luxray, L88, M|283/283\n|turn|17\n|c|\u2606Blooodfooort|That was a dumb move\n|inactive|shynii21 has 120 seconds left.\n|c|\u2606Blooodfooort|Didnt know he loses the ability\n|c|\u2606shynii21|If the calc was telling the truth apparently Tinted Lens actually ignores the ability\n|inactive|shynii21 has 90 seconds left.\n|c|\u2606Blooodfooort|Oh ok\n|\n|t:|1782799794\n|move|p1a: Terapagos|Rest|p1a: Terapagos\n|-status|p1a: Terapagos|slp|[from] move: Rest\n|-heal|p1a: Terapagos|373/373 slp|[silent]\n|move|p2a: Luxray|Supercell Slam|p1a: Terapagos\n|-damage|p1a: Terapagos|244/373 slp\n|\n|-status|p2a: Luxray|brn|[from] item: Flame Orb\n|upkeep\n|turn|18\n|c|\u2606Blooodfooort|Makes sense\n|inactive|shynii21 has 90 seconds left.\n|\n|t:|1782799802\n|cant|p1a: Terapagos|slp\n|move|p2a: Luxray|Trailblaze|p1a: Terapagos\n|-damage|p1a: Terapagos|176/373 slp\n|-boost|p2a: Luxray|spe|1\n|\n|-damage|p2a: Luxray|266/283 brn|[from] brn\n|upkeep\n|turn|19\n|\n|t:|1782799810\n|move|p2a: Luxray|Facade|p1a: Terapagos\n|-damage|p1a: Terapagos|14/373 slp\n|cant|p1a: Terapagos|slp\n|\n|-damage|p2a: Luxray|249/283 brn|[from] brn\n|upkeep\n|turn|20\n|\n|t:|1782799812\n|move|p2a: Luxray|Facade|p1a: Terapagos\n|-damage|p1a: Terapagos|0 fnt\n|faint|p1a: Terapagos\n|detailschange|p1: Terapagos|Terapagos, L77, M|[silent]\n|\n|-damage|p2a: Luxray|232/283 brn|[from] brn\n|upkeep\n|\n|t:|1782799819\n|switch|p1a: Dusknoir|Dusknoir, L89, M|225/225\n|-item|p2a: Luxray|Flame Orb|[from] ability: Frisk|[of] p1a: Dusknoir\n|turn|21\n|\n|t:|1782799838\n|move|p2a: Luxray|Throat Chop|p1a: Dusknoir\n|-supereffective|p1a: Dusknoir\n|-damage|p1a: Dusknoir|71/225\n|-start|p1a: Dusknoir|Throat Chop|[silent]\n|move|p1a: Dusknoir|Earthquake|p2a: Luxray\n|-supereffective|p2a: Luxray\n|-damage|p2a: Luxray|60/283 brn\n|\n|-heal|p1a: Dusknoir|85/225|[from] item: Leftovers\n|-damage|p2a: Luxray|43/283 brn|[from] brn\n|upkeep\n|turn|22\n|\n|t:|1782799844\n|move|p1a: Dusknoir|Shadow Sneak|p2a: Luxray\n|-damage|p2a: Luxray|0 fnt\n|faint|p2a: Luxray\n|\n|-heal|p1a: Dusknoir|99/225|[from] item: Leftovers\n|-end|p1a: Dusknoir|Throat Chop|[silent]\n|upkeep\n|\n|t:|1782799847\n|switch|p2a: Munkidori|Munkidori, L79, M|269/269\n|turn|23\n|\n|t:|1782799851\n|move|p2a: Munkidori|Psychic Noise|p1a: Dusknoir\n|-crit|p1a: Dusknoir\n|-damage|p1a: Dusknoir|5/225\n|-start|p1a: Dusknoir|move: Heal Block\n|-status|p1a: Dusknoir|tox|[from] ability: Toxic Chain|[of] p2a: Munkidori\n|move|p1a: Dusknoir|Earthquake|p2a: Munkidori\n|-supereffective|p2a: Munkidori\n|-damage|p2a: Munkidori|77/269\n|\n|-damage|p1a: Dusknoir|0 fnt|[from] psn\n|faint|p1a: Dusknoir\n|upkeep\n|\n|t:|1782799859\n|switch|p1a: Raging Bolt|Raging Bolt, L78|323/323\n|turn|24\n|\n|t:|1782799862\n|move|p2a: Munkidori|Sludge Wave|p1a: Raging Bolt\n|-damage|p1a: Raging Bolt|211/323\n|-status|p1a: Raging Bolt|tox|[from] ability: Toxic Chain|[of] p2a: Munkidori\n|move|p1a: Raging Bolt|Draco Meteor|p2a: Munkidori|[miss]\n|-miss|p1a: Raging Bolt|p2a: Munkidori\n|\n|-heal|p1a: Raging Bolt|231/323 tox|[from] item: Leftovers\n|-damage|p1a: Raging Bolt|211/323 tox|[from] psn\n|upkeep\n|turn|25\n|\n|t:|1782799868\n|move|p2a: Munkidori|Sludge Wave|p1a: Raging Bolt\n|-damage|p1a: Raging Bolt|94/323 tox\n|move|p1a: Raging Bolt|Draco Meteor|p2a: Munkidori\n|-damage|p2a: Munkidori|0 fnt\n|-unboost|p1a: Raging Bolt|spa|2\n|faint|p2a: Munkidori\n|\n|win|Blooodfooort\n", "inputlog": ">version f8ac14003a5f27e1bdc8d8c59608a773c1cb96e5\n>start {\"formatid\":\"gen9randombattle\",\"seed\":\"sodium,aef636617fdded673df9720d7f93c7ab\",\"rated\":\"Rated battle\"}\n>player p1 {\"name\":\"Blooodfooort\",\"avatar\":\"266\",\"rating\":2166,\"seed\":\"sodium,dd93dbda90003bdd0a83dc49e481fdd1\"}\n>player p2 {\"name\":\"shynii21\",\"avatar\":\"lucian\",\"rating\":2154,\"seed\":\"sodium,6f8ad0295ac559c26d4d540fc5131cfa\"}\n>p1 move knockoff\n>p2 switch 4\n>p1 switch 5\n>p2 move willowisp\n>p1 move shadowball\n>p2 switch 3\n>p1 move shadowball\n>p2 move scaleshot\n>p1 move shadowball\n>p2 move scaleshot\n>p2 switch 5\n>p1 move shadowball\n>p2 move swordsdance\n>p1 move shadowball\n>p2 move scaleshot\n>p1 switch 5\n>p1 move earthquake\n>p2 switch 3\n>p1 move iceshard\n>p2 move willowisp\n>p1 move iceshard\n>p2 move rest\n>p2 switch 6\n>p1 move earthquake\n>p2 move fakeout\n>p1 move earthquake\n>p2 move uturn\n>p2 switch 3\n>p2 switch 2\n>p1 switch 6\n>p2 move swordsdance\n>p1 move stoneedge\n>p2 move leechlife\n>p1 move earthquake\n>p2 move leechlife terastallize\n>p1 switch 4\n>p1 move terastarstorm terastallize\n>p2 move knockoff\n>chat \u2606Blooodfooort|Oh\n>p2 switch 4\n>chat \u2606Blooodfooort|That was a dumb move\n>chat \u2606Blooodfooort|Didnt know he loses the ability\n>chat \u2606shynii21|If the calc was telling the truth apparently Tinted Lens actually ignores the ability\n>chat \u2606Blooodfooort|Oh ok\n>p1 move rest\n>p2 move supercellslam\n>chat \u2606Blooodfooort|Makes sense\n>p1 move terastarstorm\n>p2 move trailblaze\n>p1 move terastarstorm\n>p2 move facade\n>p1 move terastarstorm\n>p2 move facade\n>p1 switch 2\n>p1 move earthquake\n>p2 move throatchop\n>p1 move shadowsneak\n>p2 move throatchop\n>p2 switch 3\n>p1 move earthquake\n>p2 move psychicnoise\n>p1 switch 3\n>p1 move dracometeor\n>p2 move sludgewave\n>p1 move dracometeor\n>p2 move sludgewave", "uploadtime": 1782799454, "views": 3, "formatid": "gen9randombattle", "rating": null, "private": 0, "password": null, "player_dets": [{"name": "Blooodfooort", "avatar": "266", "rating": 2166, "seed": "sodium,dd93dbda90003bdd0a83dc49e481fdd1"}, {"name": "shynii21", "avatar": "lucian", "rating": 2154, "seed": "sodium,6f8ad0295ac559c26d4d540fc5131cfa"}], "teams_full": [{"Donphan": {"name": "Donphan", "species": "Donphan", "speciesId": "donphan", "gender": "F", "shiny": false, "level": 84, "moves": ["iceshard", "knockoff", "rapidspin", "earthquake"], "ability": "Sturdy", "evs": {"hp": 85, "atk": 85, "def": 85, "spa": 85, "spd": 85, "spe": 85}, "ivs": {"hp": 31, "atk": 31, "def": 31, "spa": 31, "spd": 31, "spe": 31}, "item": "Assault Vest", "teraType": "Steel", "role": "Bulky Support", "bvs": {"hp": 90, "atk": 120, "def": 120, "spa": 60, "spd": 60, "spe": 50}, "stats": {"hp": 288, "atk": 250, "def": 250, "spa": 149, "spd": 149, "spe": 132}, "types": ["Ground"]}, "Dusknoir": {"name": "Dusknoir", "species": "Dusknoir", "speciesId": "dusknoir", "gender": "M", "shiny": false, "level": 89, "moves": ["poltergeist", "painsplit", "shadowsneak", "earthquake"], "ability": "Frisk", "evs": {"hp": 85, "atk": 85, "def": 85, "spa": 85, "spd": 85, "spe": 85}, "ivs": {"hp": 31, "atk": 31, "def": 31, "spa": 31, "spd": 31, "spe": 31}, "item": "Leftovers", "teraType": "Fairy", "role": "Bulky Support", "bvs": {"hp": 45, "atk": 100, "def": 135, "spa": 65, "spd": 135, "spe": 45}, "stats": {"hp": 225, "atk": 229, "def": 291, "spa": 166, "spd": 291, "spe": 131}, "types": ["Ghost"]}, "Raging Bolt": {"name": "Raging Bolt", "species": "Raging Bolt", "speciesId": "ragingbolt", "gender": "N", "shiny": false, "level": 78, "moves": ["thunderclap", "thunderbolt", "calmmind", "dracometeor"], "ability": "Protosynthesis", "evs": {"hp": 85, "atk": 0, "def": 85, "spa": 85, "spd": 85, "spe": 85}, "ivs": {"hp": 31, "atk": 0, "def": 31, "spa": 31, "spd": 31, "spe": 31}, "item": "Leftovers", "teraType": "Fairy", "role": "Bulky Setup", "bvs": {"hp": 125, "atk": 73, "def": 91, "spa": 137, "spd": 89, "spe": 75}, "stats": {"hp": 323, "atk": 118, "def": 187, "spa": 259, "spd": 184, "spe": 162}, "types": ["Electric", "Dragon"]}, "Terapagos": {"name": "Terapagos", "species": "Terapagos", "speciesId": "terapagos", "gender": "M", "shiny": false, "level": 77, "moves": ["darkpulse", "rest", "calmmind", "terastarstorm"], "ability": "Tera Shift", "evs": {"hp": 85, "atk": 0, "def": 85, "spa": 85, "spd": 85, "spe": 85}, "ivs": {"hp": 31, "atk": 0, "def": 31, "spa": 31, "spd": 31, "spe": 31}, "item": "Chesto Berry", "teraType": "Stellar", "role": "Setup Sweeper", "bvs": {"hp": 90, "atk": 65, "def": 85, "spa": 65, "spd": 85, "spe": 60}, "stats": {"hp": 265, "atk": 105, "def": 175, "spa": 145, "spd": 175, "spe": 137}, "types": ["Normal"]}, "Chandelure": {"name": "Chandelure", "species": "Chandelure", "speciesId": "chandelure", "gender": "M", "shiny": false, "level": 83, "moves": ["energyball", "shadowball", "trick", "fireblast"], "ability": "Flash Fire", "evs": {"hp": 85, "atk": 0, "def": 85, "spa": 85, "spd": 85, "spe": 85}, "ivs": {"hp": 31, "atk": 0, "def": 31, "spa": 31, "spd": 31, "spe": 31}, "item": "Choice Scarf", "teraType": "Grass", "role": "Fast Attacker", "bvs": {"hp": 60, "atk": 55, "def": 90, "spa": 145, "spd": 90, "spe": 80}, "stats": {"hp": 235, "atk": 96, "def": 197, "spa": 288, "spd": 197, "spe": 180}, "types": ["Ghost", "Fire"]}, "Arceus": {"name": "Arceus", "species": "Arceus-Ground", "speciesId": "arceusground", "gender": "N", "shiny": false, "level": 70, "moves": ["earthquake", "stoneedge", "recover", "dragondance"], "ability": "Multitype", "evs": {"hp": 85, "atk": 85, "def": 85, "spa": 85, "spd": 85, "spe": 85}, "ivs": {"hp": 31, "atk": 31, "def": 31, "spa": 31, "spd": 31, "spe": 31}, "item": "Earth Plate", "teraType": "Steel", "role": "Fast Bulky Setup", "bvs": {"hp": 120, "atk": 120, "def": 120, "spa": 120, "spd": 120, "spe": 120}, "stats": {"hp": 284, "atk": 209, "def": 209, "spa": 209, "spd": 209, "spe": 209}, "types": ["Ground"]}}, {"Luxray": {"name": "Luxray", "species": "Luxray", "speciesId": "luxray", "gender": "M", "shiny": false, "level": 88, "moves": ["trailblaze", "supercellslam", "facade", "throatchop"], "ability": "Guts", "evs": {"hp": 81, "atk": 85, "def": 85, "spa": 85, "spd": 85, "spe": 85}, "ivs": {"hp": 31, "atk": 31, "def": 31, "spa": 31, "spd": 31, "spe": 31}, "item": "Flame Orb", "teraType": "Normal", "role": "Setup Sweeper", "bvs": {"hp": 80, "atk": 120, "def": 79, "spa": 95, "spd": 79, "spe": 70}, "stats": {"hp": 283, "atk": 261, "def": 189, "spa": 217, "spd": 189, "spe": 173}, "types": ["Electric"]}, "Lokix": {"name": "Lokix", "species": "Lokix", "speciesId": "lokix", "gender": "F", "shiny": false, "level": 82, "moves": ["knockoff", "swordsdance", "suckerpunch", "leechlife"], "ability": "Tinted Lens", "evs": {"hp": 85, "atk": 85, "def": 85, "spa": 85, "spd": 85, "spe": 85}, "ivs": {"hp": 31, "atk": 31, "def": 31, "spa": 31, "spd": 31, "spe": 31}, "item": "Life Orb", "teraType": "Dark", "role": "Setup Sweeper", "bvs": {"hp": 71, "atk": 102, "def": 78, "spa": 52, "spd": 55, "spe": 92}, "stats": {"hp": 251, "atk": 214, "def": 175, "spa": 132, "spd": 137, "spe": 198}, "types": ["Bug", "Dark"]}, "Kommo-o": {"name": "Kommo-o", "species": "Kommo-o", "speciesId": "kommoo", "gender": "F", "shiny": false, "level": 78, "moves": ["closecombat", "scaleshot", "swordsdance", "ironhead"], "ability": "Soundproof", "evs": {"hp": 85, "atk": 85, "def": 85, "spa": 85, "spd": 85, "spe": 85}, "ivs": {"hp": 31, "atk": 31, "def": 31, "spa": 31, "spd": 31, "spe": 31}, "item": "Loaded Dice", "teraType": "Steel", "role": "Setup Sweeper", "bvs": {"hp": 75, "atk": 110, "def": 125, "spa": 100, "spd": 105, "spe": 85}, "stats": {"hp": 245, "atk": 217, "def": 240, "spa": 201, "spd": 209, "spe": 178}, "types": ["Dragon", "Fighting"]}, "Giratina": {"name": "Giratina", "species": "Giratina", "speciesId": "giratina", "gender": "N", "shiny": false, "level": 75, "moves": ["rest", "defog", "shadowball", "willowisp"], "ability": "Pressure", "evs": {"hp": 85, "atk": 0, "def": 85, "spa": 85, "spd": 85, "spe": 85}, "ivs": {"hp": 31, "atk": 0, "def": 31, "spa": 31, "spd": 31, "spe": 31}, "item": "Leftovers", "teraType": "Fairy", "role": "Bulky Support", "bvs": {"hp": 150, "atk": 100, "def": 120, "spa": 100, "spd": 120, "spe": 90}, "stats": {"hp": 349, "atk": 155, "def": 224, "spa": 194, "spd": 224, "spe": 179}, "types": ["Ghost", "Dragon"]}, "Overqwil": {"name": "Overqwil", "species": "Overqwil", "speciesId": "overqwil", "gender": "F", "shiny": false, "level": 82, "moves": ["gunkshot", "swordsdance", "scaleshot", "crunch"], "ability": "Intimidate", "evs": {"hp": 85, "atk": 85, "def": 85, "spa": 85, "spd": 85, "spe": 85}, "ivs": {"hp": 31, "atk": 31, "def": 31, "spa": 31, "spd": 31, "spe": 31}, "item": "Loaded Dice", "teraType": "Dragon", "role": "Setup Sweeper", "bvs": {"hp": 85, "atk": 115, "def": 95, "spa": 65, "spd": 65, "spe": 85}, "stats": {"hp": 274, "atk": 236, "def": 203, "spa": 154, "spd": 154, "spe": 187}, "types": ["Dark", "Poison"]}, "Munkidori": {"name": "Munkidori", "species": "Munkidori", "speciesId": "munkidori", "gender": "M", "shiny": false, "level": 79, "moves": ["psychicnoise", "sludgewave", "uturn", "fakeout"], "ability": "Toxic Chain", "evs": {"hp": 85, "atk": 85, "def": 85, "spa": 85, "spd": 85, "spe": 85}, "ivs": {"hp": 31, "atk": 31, "def": 31, "spa": 31, "spd": 31, "spe": 31}, "item": "Assault Vest", "teraType": "Dark", "role": "AV Pivot", "bvs": {"hp": 88, "atk": 75, "def": 66, "spa": 130, "spd": 90, "spe": 106}, "stats": {"hp": 269, "atk": 164, "def": 150, "spa": 251, "spd": 188, "spe": 213}, "types": ["Poison", "Psychic"]}}]}