{"id": "gen9randombattle-2641462886", "format": "[Gen 9] Random Battle", "players": ["griggsn", "l3ague0fShadows"], "log": "|j|\u2606griggsn\n|j|\u2606l3ague0fShadows\n|t:|1782788603\n|gametype|singles\n|player|p1|griggsn|psychic-gen4|1584\n|player|p2|l3ague0fShadows|169|1615\n|gen|9\n|tier|[Gen 9] Random Battle\n|rated|\n|rule|Species Clause: Limit one of each Pok\u00e9mon\n|rule|HP Percentage Mod: HP is shown in percentages\n|rule|Sleep Clause Mod: Limit one foe put to sleep\n|rule|Illusion Level Mod: Illusion disguises the Pok\u00e9mon's true level\n|\n|t:|1782788603\n|teamsize|p1|6\n|teamsize|p2|6\n|start\n|switch|p1a: Primarina|Primarina, L83, M|268/268\n|switch|p2a: Honchkrow|Honchkrow, L86, M|312/312\n|turn|1\n|inactive|Battle timer is ON: inactive players will automatically lose when time's up. (requested by l3ague0fShadows)\n|inactive|griggsn has 120 seconds left.\n|inactive|griggsn has 90 seconds left.\n|\n|t:|1782788665\n|switch|p2a: Bronzong|Bronzong, L88|261/261\n|move|p1a: Primarina|Moonblast|p2a: Bronzong\n|-resisted|p2a: Bronzong\n|-damage|p2a: Bronzong|211/261\n|\n|-heal|p2a: Bronzong|227/261|[from] item: Leftovers\n|upkeep\n|turn|2\n|\n|t:|1782788693\n|switch|p1a: Arcanine|Arcanine-Hisui, L79, M|279/279\n|move|p2a: Bronzong|Iron Defense|p2a: Bronzong\n|-boost|p2a: Bronzong|def|2\n|\n|-heal|p2a: Bronzong|243/261|[from] item: Leftovers\n|upkeep\n|turn|3\n|\n|t:|1782788699\n|move|p1a: Arcanine|Flare Blitz|p2a: Bronzong\n|-supereffective|p2a: Bronzong\n|-damage|p2a: Bronzong|87/261\n|move|p2a: Bronzong|Body Press|p1a: Arcanine\n|-supereffective|p1a: Arcanine\n|-damage|p1a: Arcanine|0 fnt\n|faint|p1a: Arcanine\n|\n|-heal|p2a: Bronzong|103/261|[from] item: Leftovers\n|upkeep\n|\n|t:|1782788713\n|switch|p1a: Armarouge|Armarouge, L80, M|267/267\n|turn|4\n|inactive|l3ague0fShadows has 120 seconds left.\n|\n|t:|1782788748\n|move|p1a: Armarouge|Armor Cannon|p2a: Bronzong\n|-supereffective|p2a: Bronzong\n|-damage|p2a: Bronzong|0 fnt\n|-unboost|p1a: Armarouge|def|1\n|-unboost|p1a: Armarouge|spd|1\n|faint|p2a: Bronzong\n|\n|upkeep\n|\n|t:|1782788756\n|switch|p2a: Plusle|Plusle, L95, M|268/268\n|turn|5\n|\n|t:|1782788763\n|move|p2a: Plusle|Nasty Plot|p2a: Plusle\n|-boost|p2a: Plusle|spa|2\n|move|p1a: Armarouge|Armor Cannon|p2a: Plusle\n|-damage|p2a: Plusle|63/268\n|-unboost|p1a: Armarouge|def|1\n|-unboost|p1a: Armarouge|spd|1\n|\n|upkeep\n|turn|6\n|\n|t:|1782788767\n|move|p2a: Plusle|Thunderbolt|p1a: Armarouge\n|-damage|p1a: Armarouge|0 fnt\n|faint|p1a: Armarouge\n|-damage|p2a: Plusle|37/268|[from] item: Life Orb\n|\n|upkeep\n|\n|t:|1782788770\n|switch|p1a: Gurdurr|Gurdurr, L85, M|283/283\n|turn|7\n|\n|t:|1782788775\n|move|p1a: Gurdurr|Mach Punch|p2a: Plusle\n|-damage|p2a: Plusle|0 fnt\n|faint|p2a: Plusle\n|\n|upkeep\n|\n|t:|1782788789\n|switch|p2a: Sinistcha|Sinistcha, L83|254/254\n|turn|8\n|\n|t:|1782788795\n|move|p2a: Sinistcha|Calm Mind|p2a: Sinistcha\n|-boost|p2a: Sinistcha|spa|1\n|-boost|p2a: Sinistcha|spd|1\n|move|p1a: Gurdurr|Knock Off|p2a: Sinistcha\n|-supereffective|p2a: Sinistcha\n|-damage|p2a: Sinistcha|132/254\n|-enditem|p2a: Sinistcha|Leftovers|[from] move: Knock Off|[of] p1a: Gurdurr\n|\n|upkeep\n|turn|9\n|\n|t:|1782788810\n|switch|p1a: Dondozo|Dondozo, L78, M|362/362\n|move|p2a: Sinistcha|Matcha Gotcha|p1a: Dondozo\n|-supereffective|p1a: Dondozo\n|-damage|p1a: Dondozo|98/362\n|-heal|p2a: Sinistcha|254/254|[from] drain|[of] p1a: Dondozo\n|\n|-heal|p1a: Dondozo|120/362|[from] item: Leftovers\n|upkeep\n|turn|10\n|\n|t:|1782788817\n|-terastallize|p1a: Dondozo|Dragon\n|move|p2a: Sinistcha|Matcha Gotcha|p1a: Dondozo\n|-resisted|p1a: Dondozo\n|-damage|p1a: Dondozo|58/362\n|-status|p1a: Dondozo|brn\n|move|p1a: Dondozo|Rest|p1a: Dondozo\n|-status|p1a: Dondozo|slp|[from] move: Rest\n|-heal|p1a: Dondozo|362/362 slp|[silent]\n|\n|upkeep\n|turn|11\n|\n|t:|1782788828\n|switch|p2a: Glastrier|Glastrier, L86|312/312\n|cant|p1a: Dondozo|slp\n|move|p1a: Dondozo|Sleep Talk|p1a: Dondozo\n|move|p1a: Dondozo|Curse|p1a: Dondozo|[from] move: Sleep Talk\n|-unboost|p1a: Dondozo|spe|1\n|-boost|p1a: Dondozo|atk|1\n|-boost|p1a: Dondozo|def|1\n|\n|upkeep\n|turn|12\n|\n|t:|1782788837\n|move|p2a: Glastrier|Icicle Crash|p1a: Dondozo|[miss]\n|-miss|p2a: Glastrier|p1a: Dondozo\n|cant|p1a: Dondozo|slp\n|move|p1a: Dondozo|Sleep Talk|p1a: Dondozo\n|move|p1a: Dondozo|Wave Crash|p2a: Glastrier|[from] move: Sleep Talk\n|-damage|p2a: Glastrier|192/312\n|-damage|p1a: Dondozo|322/362 slp|[from] Recoil\n|\n|-heal|p1a: Dondozo|344/362 slp|[from] item: Leftovers\n|upkeep\n|turn|13\n|\n|t:|1782788844\n|move|p2a: Glastrier|Icicle Crash|p1a: Dondozo\n|-supereffective|p1a: Dondozo\n|-damage|p1a: Dondozo|200/362 slp\n|-curestatus|p1a: Dondozo|slp|[msg]\n|move|p1a: Dondozo|Curse|p1a: Dondozo\n|-unboost|p1a: Dondozo|spe|1\n|-boost|p1a: Dondozo|atk|1\n|-boost|p1a: Dondozo|def|1\n|\n|-heal|p1a: Dondozo|222/362|[from] item: Leftovers\n|upkeep\n|turn|14\n|\n|t:|1782788860\n|move|p2a: Glastrier|Icicle Crash|p1a: Dondozo|[miss]\n|-miss|p2a: Glastrier|p1a: Dondozo\n|move|p1a: Dondozo|Curse|p1a: Dondozo\n|-unboost|p1a: Dondozo|spe|1\n|-boost|p1a: Dondozo|atk|1\n|-boost|p1a: Dondozo|def|1\n|\n|-heal|p1a: Dondozo|244/362|[from] item: Leftovers\n|upkeep\n|turn|15\n|-message|l3ague0fShadows forfeited.\n|\n|win|griggsn\n|raw|griggsn's rating: 1584 &rarr; <strong>1606</strong><br />(+22 for winning)\n|raw|l3ague0fShadows's rating: 1615 &rarr; <strong>1593</strong><br />(-22 for losing)\n", "inputlog": ">version f8ac14003a5f27e1bdc8d8c59608a773c1cb96e5\n>start {\"formatid\":\"gen9randombattle\",\"seed\":\"sodium,1bef56b4371fbfc10360719bd2f67ec4\",\"rated\":\"Rated battle\"}\n>player p1 {\"name\":\"griggsn\",\"avatar\":\"psychic-gen4\",\"rating\":1584,\"seed\":\"sodium,a33761666c897b65c1439e23cbbde292\"}\n>player p2 {\"name\":\"l3ague0fShadows\",\"avatar\":\"169\",\"rating\":1615,\"seed\":\"sodium,155ae69c4ac78371d5ac84bd6dc5d4bd\"}\n>p1 move moonblast\n>p2 switch 2\n>p1 switch 5\n>p2 move irondefense\n>p1 move flareblitz\n>p2 move bodypress\n>p1 switch 4\n>p1 move armorcannon\n>p2 move psychicnoise\n>p2 switch 3\n>p1 move armorcannon\n>p2 move nastyplot\n>p1 move armorcannon\n>p2 move thunderbolt\n>p1 switch 6\n>p1 move machpunch\n>p2 move alluringvoice\n>p2 switch 6\n>p1 move knockoff\n>p2 move calmmind\n>p1 switch 3\n>p2 move matchagotcha\n>p1 move rest terastallize\n>p2 move matchagotcha\n>p1 move sleeptalk\n>p2 switch 4\n>p1 move sleeptalk\n>p2 move iciclecrash\n>p1 move curse\n>p2 move iciclecrash\n>p1 move curse\n>p2 move iciclecrash\n>forcelose p2", "uploadtime": 1782788873, "views": 3, "formatid": "gen9randombattle", "rating": 1593, "private": 0, "password": null, "player_dets": [{"name": "griggsn", "avatar": "psychic-gen4", "rating": 1584, "seed": "sodium,a33761666c897b65c1439e23cbbde292"}, {"name": "l3ague0fShadows", "avatar": "169", "rating": 1615, "seed": "sodium,155ae69c4ac78371d5ac84bd6dc5d4bd"}], "teams_full": [{"Primarina": {"name": "Primarina", "species": "Primarina", "speciesId": "primarina", "gender": "M", "shiny": false, "level": 83, "moves": ["moonblast", "psychicnoise", "drainingkiss", "calmmind"], "ability": "Liquid Voice", "evs": {"hp": 85, "atk": 0, "def": 85, "spa": 85, "spd": 85, "spe": 85}, "ivs": {"hp": 31, "atk": 0, "def": 31, "spa": 31, "spd": 31, "spe": 31}, "item": "Leftovers", "teraType": "Steel", "role": "Bulky Setup", "bvs": {"hp": 80, "atk": 74, "def": 74, "spa": 126, "spd": 116, "spe": 60}, "stats": {"hp": 268, "atk": 127, "def": 171, "spa": 257, "spd": 240, "spe": 147}, "types": ["Water", "Fairy"]}, "Oricorio": {"name": "Oricorio", "species": "Oricorio-Sensu", "speciesId": "oricoriosensu", "gender": "F", "shiny": false, "level": 85, "moves": ["hurricane", "quiverdance", "revelationdance", "roost"], "ability": "Dancer", "evs": {"hp": 85, "atk": 0, "def": 85, "spa": 85, "spd": 85, "spe": 85}, "ivs": {"hp": 31, "atk": 0, "def": 31, "spa": 31, "spd": 31, "spe": 31}, "item": "Heavy-Duty Boots", "teraType": "Fighting", "role": "Setup Sweeper", "bvs": {"hp": 75, "atk": 70, "def": 70, "spa": 98, "spd": 70, "spe": 93}, "stats": {"hp": 266, "atk": 124, "def": 168, "spa": 215, "spd": 168, "spe": 207}, "types": ["Ghost", "Flying"]}, "Dondozo": {"name": "Dondozo", "species": "Dondozo", "speciesId": "dondozo", "gender": "M", "shiny": false, "level": 78, "moves": ["rest", "wavecrash", "sleeptalk", "curse"], "ability": "Unaware", "evs": {"hp": 85, "atk": 85, "def": 85, "spa": 85, "spd": 85, "spe": 85}, "ivs": {"hp": 31, "atk": 31, "def": 31, "spa": 31, "spd": 31, "spe": 31}, "item": "Leftovers", "teraType": "Dragon", "role": "Bulky Setup", "bvs": {"hp": 150, "atk": 100, "def": 115, "spa": 65, "spd": 65, "spe": 35}, "stats": {"hp": 362, "atk": 201, "def": 224, "spa": 146, "spd": 146, "spe": 100}, "types": ["Water"]}, "Armarouge": {"name": "Armarouge", "species": "Armarouge", "speciesId": "armarouge", "gender": "M", "shiny": false, "level": 80, "moves": ["energyball", "armorcannon", "aurasphere", "psyshock"], "ability": "Weak Armor", "evs": {"hp": 85, "atk": 0, "def": 85, "spa": 85, "spd": 85, "spe": 85}, "ivs": {"hp": 31, "atk": 0, "def": 31, "spa": 31, "spd": 31, "spe": 31}, "item": "Choice Specs", "teraType": "Fighting", "role": "Wallbreaker", "bvs": {"hp": 85, "atk": 60, "def": 100, "spa": 125, "spd": 80, "spe": 75}, "stats": {"hp": 267, "atk": 101, "def": 206, "spa": 246, "spd": 174, "spe": 166}, "types": ["Fire", "Psychic"]}, "Arcanine": {"name": "Arcanine", "species": "Arcanine-Hisui", "speciesId": "arcaninehisui", "gender": "M", "shiny": false, "level": 79, "moves": ["headsmash", "flareblitz", "closecombat", "wildcharge"], "ability": "Rock Head", "evs": {"hp": 81, "atk": 85, "def": 85, "spa": 85, "spd": 85, "spe": 85}, "ivs": {"hp": 31, "atk": 31, "def": 31, "spa": 31, "spd": 31, "spe": 31}, "item": "Choice Band", "teraType": "Rock", "role": "Fast Attacker", "bvs": {"hp": 95, "atk": 115, "def": 80, "spa": 95, "spd": 80, "spe": 90}, "stats": {"hp": 279, "atk": 227, "def": 172, "spa": 196, "spd": 172, "spe": 188}, "types": ["Fire", "Rock"]}, "Gurdurr": {"name": "Gurdurr", "species": "Gurdurr", "speciesId": "gurdurr", "gender": "M", "shiny": false, "level": 85, "moves": ["defog", "machpunch", "knockoff", "drainpunch"], "ability": "Guts", "evs": {"hp": 85, "atk": 85, "def": 85, "spa": 85, "spd": 85, "spe": 85}, "ivs": {"hp": 31, "atk": 31, "def": 31, "spa": 31, "spd": 31, "spe": 31}, "item": "Eviolite", "teraType": "Steel", "role": "Bulky Attacker", "bvs": {"hp": 85, "atk": 105, "def": 85, "spa": 40, "spd": 50, "spe": 40}, "stats": {"hp": 283, "atk": 227, "def": 193, "spa": 117, "spd": 134, "spe": 117}, "types": ["Fighting"]}}, {"Honchkrow": {"name": "Honchkrow", "species": "Honchkrow", "speciesId": "honchkrow", "gender": "M", "shiny": false, "level": 86, "moves": ["bravebird", "thunderwave", "suckerpunch", "lashout"], "ability": "Moxie", "evs": {"hp": 85, "atk": 85, "def": 85, "spa": 85, "spd": 85, "spe": 85}, "ivs": {"hp": 31, "atk": 31, "def": 31, "spa": 31, "spd": 31, "spe": 31}, "item": "Heavy-Duty Boots", "teraType": "Flying", "role": "Wallbreaker", "bvs": {"hp": 100, "atk": 125, "def": 52, "spa": 105, "spd": 52, "spe": 71}, "stats": {"hp": 312, "atk": 264, "def": 139, "spa": 230, "spd": 139, "spe": 171}, "types": ["Dark", "Flying"]}, "Bronzong": {"name": "Bronzong", "species": "Bronzong", "speciesId": "bronzong", "gender": "N", "shiny": false, "level": 88, "moves": ["irondefense", "bodypress", "psychicnoise", "ironhead"], "ability": "Levitate", "evs": {"hp": 85, "atk": 85, "def": 85, "spa": 85, "spd": 85, "spe": 85}, "ivs": {"hp": 31, "atk": 31, "def": 31, "spa": 31, "spd": 31, "spe": 31}, "item": "Leftovers", "teraType": "Fighting", "role": "Bulky Setup", "bvs": {"hp": 67, "atk": 89, "def": 116, "spa": 79, "spd": 116, "spe": 33}, "stats": {"hp": 261, "atk": 207, "def": 254, "spa": 189, "spd": 254, "spe": 108}, "types": ["Steel", "Psychic"]}, "Plusle": {"name": "Plusle", "species": "Plusle", "speciesId": "plusle", "gender": "M", "shiny": false, "level": 95, "moves": ["encore", "alluringvoice", "nastyplot", "thunderbolt"], "ability": "Lightning Rod", "evs": {"hp": 85, "atk": 0, "def": 85, "spa": 85, "spd": 85, "spe": 85}, "ivs": {"hp": 31, "atk": 0, "def": 31, "spa": 31, "spd": 31, "spe": 31}, "item": "Life Orb", "teraType": "Electric", "role": "Setup Sweeper", "bvs": {"hp": 60, "atk": 50, "def": 40, "spa": 85, "spd": 75, "spe": 95}, "stats": {"hp": 268, "atk": 100, "def": 130, "spa": 215, "spd": 196, "spe": 234}, "types": ["Electric"]}, "Glastrier": {"name": "Glastrier", "species": "Glastrier", "speciesId": "glastrier", "gender": "N", "shiny": false, "level": 86, "moves": ["iciclecrash", "swordsdance", "closecombat", "heavyslam"], "ability": "Chilling Neigh", "evs": {"hp": 85, "atk": 85, "def": 85, "spa": 85, "spd": 85, "spe": 85}, "ivs": {"hp": 31, "atk": 31, "def": 31, "spa": 31, "spd": 31, "spe": 31}, "item": "Heavy-Duty Boots", "teraType": "Steel", "role": "Bulky Attacker", "bvs": {"hp": 100, "atk": 145, "def": 130, "spa": 65, "spd": 110, "spe": 30}, "stats": {"hp": 312, "atk": 299, "def": 273, "spa": 161, "spd": 238, "spe": 101}, "types": ["Ice"]}, "Komala": {"name": "Komala", "species": "Komala", "speciesId": "komala", "gender": "F", "shiny": false, "level": 88, "moves": ["knockoff", "earthquake", "bodyslam", "rapidspin"], "ability": "Comatose", "evs": {"hp": 85, "atk": 85, "def": 85, "spa": 85, "spd": 85, "spe": 85}, "ivs": {"hp": 31, "atk": 31, "def": 31, "spa": 31, "spd": 31, "spe": 31}, "item": "Assault Vest", "teraType": "Ghost", "role": "Bulky Support", "bvs": {"hp": 65, "atk": 115, "def": 65, "spa": 75, "spd": 95, "spe": 65}, "stats": {"hp": 258, "atk": 253, "def": 165, "spa": 182, "spd": 217, "spe": 165}, "types": ["Normal"]}, "Sinistcha": {"name": "Sinistcha", "species": "Sinistcha", "speciesId": "sinistcha", "gender": "N", "shiny": false, "level": 83, "moves": ["strengthsap", "calmmind", "shadowball", "matchagotcha"], "ability": "Heatproof", "evs": {"hp": 85, "atk": 0, "def": 85, "spa": 85, "spd": 85, "spe": 85}, "ivs": {"hp": 31, "atk": 0, "def": 31, "spa": 31, "spd": 31, "spe": 31}, "item": "Leftovers", "teraType": "Steel", "role": "Bulky Setup", "bvs": {"hp": 71, "atk": 60, "def": 106, "spa": 121, "spd": 80, "spe": 70}, "stats": {"hp": 254, "atk": 104, "def": 224, "spa": 249, "spd": 180, "spe": 164}, "types": ["Grass", "Ghost"]}}]}