{"id": "gen9randombattle-2641424701", "format": "[Gen 9] Random Battle", "players": ["Krystaps", "Mojytow"], "log": "|j|\u2606Krystaps\n|j|\u2606Mojytow\n|t:|1782782762\n|gametype|singles\n|player|p1|Krystaps|lady-gen4|1644\n|player|p2|Mojytow|101|1607\n|gen|9\n|tier|[Gen 9] Random Battle\n|rated|\n|rule|Species Clause: Limit one of each Pok\u00e9mon\n|rule|HP Percentage Mod: HP is shown in percentages\n|rule|Sleep Clause Mod: Limit one foe put to sleep\n|rule|Illusion Level Mod: Illusion disguises the Pok\u00e9mon's true level\n|\n|t:|1782782762\n|teamsize|p1|6\n|teamsize|p2|6\n|start\n|switch|p1a: Lapras|Lapras, L87, M|367/367\n|switch|p2a: Deoxys|Deoxys, L74|196/196\n|-ability|p2a: Deoxys|Pressure\n|turn|1\n|inactive|Battle timer is ON: inactive players will automatically lose when time's up. (requested by Mojytow)\n|\n|t:|1782782778\n|move|p2a: Deoxys|Knock Off|p1a: Lapras\n|-damage|p1a: Lapras|257/367\n|-enditem|p1a: Lapras|Loaded Dice|[from] move: Knock Off|[of] p2a: Deoxys\n|-damage|p2a: Deoxys|177/196|[from] item: Life Orb\n|move|p1a: Lapras|Dragon Dance|p1a: Lapras\n|-boost|p1a: Lapras|atk|1\n|-boost|p1a: Lapras|spe|1\n|\n|upkeep\n|turn|2\n|\n|t:|1782782787\n|move|p2a: Deoxys|Superpower|p1a: Lapras\n|-supereffective|p1a: Lapras\n|-damage|p1a: Lapras|5/367\n|-unboost|p2a: Deoxys|atk|1\n|-unboost|p2a: Deoxys|def|1\n|-damage|p2a: Deoxys|158/196|[from] item: Life Orb\n|move|p1a: Lapras|Waterfall|p2a: Deoxys\n|-damage|p2a: Deoxys|0 fnt\n|faint|p2a: Deoxys\n|\n|upkeep\n|\n|t:|1782782810\n|switch|p2a: Samurott|Samurott-Hisui, L77, F|265/265\n|turn|3\n|inactive|Krystaps has 120 seconds left.\n|\n|t:|1782782841\n|move|p2a: Samurott|Sucker Punch|p1a: Lapras\n|-damage|p1a: Lapras|0 fnt\n|faint|p1a: Lapras\n|\n|upkeep\n|inactive|Krystaps has 120 seconds left.\n|\n|t:|1782782868\n|switch|p1a: Tyranitar|Tyranitar, L78, M|284/284\n|-weather|Sandstorm|[from] ability: Sand Stream|[of] p1a: Tyranitar\n|turn|4\n|\n|t:|1782782893\n|switch|p2a: Magmortar|Magmortar, L88, M|275/275\n|move|p1a: Tyranitar|Dragon Dance|p1a: Tyranitar\n|-boost|p1a: Tyranitar|atk|1\n|-boost|p1a: Tyranitar|spe|1\n|\n|-weather|Sandstorm|[upkeep]\n|-damage|p2a: Magmortar|258/275|[from] Sandstorm\n|upkeep\n|turn|5\n|\n|t:|1782782907\n|-terastallize|p2a: Magmortar|Water\n|move|p1a: Tyranitar|Stone Edge|p2a: Magmortar\n|-damage|p2a: Magmortar|32/275\n|move|p2a: Magmortar|Will-O-Wisp|p1a: Tyranitar\n|-status|p1a: Tyranitar|brn\n|\n|-weather|Sandstorm|[upkeep]\n|-damage|p2a: Magmortar|15/275|[from] Sandstorm\n|-damage|p1a: Tyranitar|267/284 brn|[from] brn\n|upkeep\n|turn|6\n|inactive|Krystaps has 120 seconds left.\n|\n|t:|1782782920\n|move|p1a: Tyranitar|Dragon Dance|p1a: Tyranitar\n|-boost|p1a: Tyranitar|atk|1\n|-boost|p1a: Tyranitar|spe|1\n|move|p2a: Magmortar|Focus Blast|p1a: Tyranitar\n|-supereffective|p1a: Tyranitar\n|-damage|p1a: Tyranitar|0 fnt\n|faint|p1a: Tyranitar\n|\n|-weather|Sandstorm|[upkeep]\n|-damage|p2a: Magmortar|0 fnt|[from] Sandstorm\n|faint|p2a: Magmortar\n|upkeep\n|inactive|Krystaps has 120 seconds left.\n|inactive|Mojytow has 120 seconds left.\n|\n|t:|1782782935\n|switch|p2a: Samurott|Samurott-Hisui, L77, F|265/265\n|switch|p1a: Smeargle|Smeargle, L95, F|258/258\n|turn|7\n|\n|t:|1782782943\n|move|p1a: Smeargle|Spore|p2a: Samurott\n|-status|p2a: Samurott|slp|[from] move: Spore\n|cant|p2a: Samurott|slp\n|\n|-weather|Sandstorm|[upkeep]\n|-damage|p1a: Smeargle|242/258|[from] Sandstorm\n|-damage|p2a: Samurott|249/265 slp|[from] Sandstorm\n|upkeep\n|turn|8\n|\n|t:|1782782958\n|switch|p2a: Brute Bonnet|Brute Bonnet, L80|309/309\n|move|p1a: Smeargle|Shell Smash|p1a: Smeargle\n|-unboost|p1a: Smeargle|def|1\n|-unboost|p1a: Smeargle|spd|1\n|-boost|p1a: Smeargle|atk|2\n|-boost|p1a: Smeargle|spa|2\n|-boost|p1a: Smeargle|spe|2\n|\n|-weather|none\n|upkeep\n|turn|9\n|\n|t:|1782782967\n|move|p2a: Brute Bonnet|Sucker Punch|p1a: Smeargle\n|-damage|p1a: Smeargle|44/258\n|move|p1a: Smeargle|Population Bomb|p2a: Brute Bonnet\n|-damage|p2a: Brute Bonnet|279/309\n|-damage|p2a: Brute Bonnet|249/309\n|-damage|p2a: Brute Bonnet|216/309\n|-damage|p2a: Brute Bonnet|185/309\n|-damage|p2a: Brute Bonnet|155/309\n|-damage|p2a: Brute Bonnet|122/309\n|-damage|p2a: Brute Bonnet|89/309\n|-damage|p2a: Brute Bonnet|59/309\n|-damage|p2a: Brute Bonnet|28/309\n|-damage|p2a: Brute Bonnet|0 fnt\n|faint|p2a: Brute Bonnet\n|-end|p2a: Brute Bonnet|Protosynthesis|[silent]\n|-hitcount|p2: Brute Bonnet|10\n|\n|upkeep\n|inactive|Mojytow has 120 seconds left.\n|\n|t:|1782782997\n|switch|p2a: Gengar|Gengar, L81, M|230/230\n|turn|10\n|\n|t:|1782783002\n|move|p1a: Smeargle|Power Trip|p2a: Gengar\n|-supereffective|p2a: Gengar\n|-damage|p2a: Gengar|0 fnt\n|faint|p2a: Gengar\n|\n|upkeep\n|inactive|Mojytow has 120 seconds left.\n|\n|t:|1782783009\n|switch|p2a: Altaria|Altaria, L89, F|278/278\n|turn|11\n|\n|t:|1782783017\n|move|p1a: Smeargle|Population Bomb|p2a: Altaria\n|-damage|p2a: Altaria|250/278\n|-damage|p2a: Altaria|219/278\n|-damage|p2a: Altaria|188/278\n|-damage|p2a: Altaria|157/278\n|-damage|p2a: Altaria|130/278\n|-damage|p2a: Altaria|100/278\n|-damage|p2a: Altaria|70/278\n|-damage|p2a: Altaria|40/278\n|-damage|p2a: Altaria|9/278\n|-damage|p2a: Altaria|0 fnt\n|faint|p2a: Altaria\n|-hitcount|p2: Altaria|10\n|\n|upkeep\n|inactive|Mojytow has 120 seconds left.\n|\n|t:|1782783033\n|switch|p2a: Samurott|Samurott-Hisui, L77, F|249/265 slp\n|turn|12\n|\n|t:|1782783036\n|cant|p2a: Samurott|slp\n|move|p1a: Smeargle|Population Bomb|p2a: Samurott\n|-damage|p2a: Samurott|215/265 slp\n|-damage|p2a: Samurott|179/265 slp\n|-damage|p2a: Samurott|142/265 slp\n|-damage|p2a: Samurott|103/265 slp\n|-damage|p2a: Samurott|63/265 slp\n|-damage|p2a: Samurott|24/265 slp\n|-damage|p2a: Samurott|0 fnt\n|faint|p2a: Samurott\n|-hitcount|p2: Samurott|7\n|\n|win|Krystaps\n|raw|Krystaps's rating: 1644 &rarr; <strong>1662</strong><br />(+18 for winning)\n|raw|Mojytow's rating: 1607 &rarr; <strong>1589</strong><br />(-18 for losing)\n", "inputlog": ">version f8ac14003a5f27e1bdc8d8c59608a773c1cb96e5\n>start {\"formatid\":\"gen9randombattle\",\"seed\":\"sodium,136db5b2a9d462306cb542810b193763\",\"rated\":\"Rated battle\"}\n>player p1 {\"name\":\"Krystaps\",\"avatar\":\"lady-gen4\",\"rating\":1644,\"seed\":\"sodium,af673a8bf631474a09ac4f9088229bbc\"}\n>player p2 {\"name\":\"Mojytow\",\"avatar\":\"101\",\"rating\":1607,\"seed\":\"sodium,64cc5da4eaa0d6617f8908fcb9aaade3\"}\n>p1 move dragondance\n>p2 move knockoff\n>p1 move waterfall\n>p2 move superpower\n>p2 switch 4\n>p1 move earthquake\n>p2 move suckerpunch\n>p1 switch 5\n>p1 move dragondance\n>p2 switch 2\n>p1 move stoneedge\n>p2 move willowisp terastallize\n>p1 move dragondance\n>p2 move focusblast\n>p1 switch 6\n>p2 switch 2\n>p1 move spore\n>p2 move flipturn\n>p1 move shellsmash\n>p2 switch 5\n>p1 move populationbomb\n>p2 move suckerpunch\n>p2 switch 6\n>p1 move powertrip\n>p2 move sludgewave\n>p2 switch 3\n>p1 move populationbomb\n>p2 move bravebird\n>p2 switch 5\n>p1 move populationbomb\n>p2 move suckerpunch", "uploadtime": 1782783039, "views": 7, "formatid": "gen9randombattle", "rating": 1589, "private": 0, "password": null, "player_dets": [{"name": "Krystaps", "avatar": "lady-gen4", "rating": 1644, "seed": "sodium,af673a8bf631474a09ac4f9088229bbc"}, {"name": "Mojytow", "avatar": "101", "rating": 1607, "seed": "sodium,64cc5da4eaa0d6617f8908fcb9aaade3"}], "teams_full": [{"Lapras": {"name": "Lapras", "species": "Lapras", "speciesId": "lapras", "gender": "M", "shiny": false, "level": 87, "moves": ["waterfall", "dragondance", "earthquake", "iciclespear"], "ability": "Water Absorb", "evs": {"hp": 81, "atk": 85, "def": 85, "spa": 85, "spd": 85, "spe": 85}, "ivs": {"hp": 31, "atk": 31, "def": 31, "spa": 31, "spd": 31, "spe": 31}, "item": "Loaded Dice", "teraType": "Ground", "role": "Setup Sweeper", "bvs": {"hp": 130, "atk": 85, "def": 80, "spa": 85, "spd": 95, "spe": 60}, "stats": {"hp": 367, "atk": 198, "def": 189, "spa": 198, "spd": 215, "spe": 154}, "types": ["Water", "Ice"]}, "Annihilape": {"name": "Annihilape", "species": "Annihilape", "speciesId": "annihilape", "gender": "M", "shiny": false, "level": 76, "moves": ["bulkup", "ragefist", "drainpunch", "taunt"], "ability": "Defiant", "evs": {"hp": 85, "atk": 85, "def": 85, "spa": 85, "spd": 85, "spe": 85}, "ivs": {"hp": 31, "atk": 31, "def": 31, "spa": 31, "spd": 31, "spe": 31}, "item": "Leftovers", "teraType": "Fairy", "role": "Bulky Setup", "bvs": {"hp": 110, "atk": 115, "def": 80, "spa": 50, "spd": 90, "spe": 90}, "stats": {"hp": 292, "atk": 219, "def": 166, "spa": 120, "spd": 181, "spe": 181}, "types": ["Fighting", "Ghost"]}, "Slowking": {"name": "Slowking", "species": "Slowking", "speciesId": "slowking", "gender": "F", "shiny": false, "level": 88, "moves": ["psyshock", "thunderwave", "scald", "slackoff"], "ability": "Regenerator", "evs": {"hp": 85, "atk": 0, "def": 85, "spa": 85, "spd": 85, "spe": 85}, "ivs": {"hp": 31, "atk": 0, "def": 31, "spa": 31, "spd": 31, "spe": 31}, "item": "Leftovers", "teraType": "Dragon", "role": "Bulky Attacker", "bvs": {"hp": 95, "atk": 75, "def": 80, "spa": 100, "spd": 110, "spe": 30}, "stats": {"hp": 310, "atk": 137, "def": 191, "spa": 226, "spd": 244, "spe": 103}, "types": ["Water", "Psychic"]}, "Iron Jugulis": {"name": "Iron Jugulis", "species": "Iron Jugulis", "speciesId": "ironjugulis", "gender": "N", "shiny": false, "level": 77, "moves": ["darkpulse", "meteorbeam", "hurricane", "earthpower"], "ability": "Quark Drive", "evs": {"hp": 85, "atk": 0, "def": 85, "spa": 85, "spd": 85, "spe": 85}, "ivs": {"hp": 31, "atk": 0, "def": 31, "spa": 31, "spd": 31, "spe": 31}, "item": "Power Herb", "teraType": "Dark", "role": "Setup Sweeper", "bvs": {"hp": 94, "atk": 80, "def": 86, "spa": 122, "spd": 80, "spe": 108}, "stats": {"hp": 271, "atk": 128, "def": 177, "spa": 232, "spd": 168, "spe": 211}, "types": ["Dark", "Flying"]}, "Tyranitar": {"name": "Tyranitar", "species": "Tyranitar", "speciesId": "tyranitar", "gender": "M", "shiny": false, "level": 78, "moves": ["dragondance", "stoneedge", "icepunch", "knockoff"], "ability": "Sand Stream", "evs": {"hp": 85, "atk": 85, "def": 85, "spa": 85, "spd": 85, "spe": 85}, "ivs": {"hp": 31, "atk": 31, "def": 31, "spa": 31, "spd": 31, "spe": 31}, "item": "Weakness Policy", "teraType": "Ghost", "role": "Bulky Setup", "bvs": {"hp": 100, "atk": 134, "def": 110, "spa": 95, "spd": 100, "spe": 61}, "stats": {"hp": 284, "atk": 254, "def": 217, "spa": 193, "spd": 201, "spe": 140}, "types": ["Rock", "Dark"]}, "Smeargle": {"name": "Smeargle", "species": "Smeargle", "speciesId": "smeargle", "gender": "F", "shiny": false, "level": 95, "moves": ["shellsmash", "spore", "populationbomb", "powertrip"], "ability": "Technician", "evs": {"hp": 85, "atk": 85, "def": 85, "spa": 85, "spd": 85, "spe": 85}, "ivs": {"hp": 31, "atk": 31, "def": 31, "spa": 31, "spd": 31, "spe": 31}, "item": "Wide Lens", "teraType": "Normal", "role": "Setup Sweeper", "bvs": {"hp": 55, "atk": 20, "def": 35, "spa": 20, "spd": 45, "spe": 75}, "stats": {"hp": 258, "atk": 92, "def": 120, "spa": 92, "spd": 139, "spe": 196}, "types": ["Normal"]}}, {"Deoxys": {"name": "Deoxys", "species": "Deoxys", "speciesId": "deoxys", "gender": "N", "shiny": false, "level": 74, "moves": ["superpower", "psychoboost", "knockoff", "extremespeed"], "ability": "Pressure", "evs": {"hp": 85, "atk": 85, "def": 85, "spa": 85, "spd": 85, "spe": 85}, "ivs": {"hp": 31, "atk": 31, "def": 31, "spa": 31, "spd": 31, "spe": 31}, "item": "Life Orb", "teraType": "Psychic", "role": "Fast Attacker", "bvs": {"hp": 50, "atk": 150, "def": 50, "spa": 150, "spd": 50, "spe": 150}, "stats": {"hp": 196, "atk": 265, "def": 117, "spa": 265, "spd": 117, "spe": 265}, "types": ["Psychic"]}, "Magmortar": {"name": "Magmortar", "species": "Magmortar", "speciesId": "magmortar", "gender": "M", "shiny": false, "level": 88, "moves": ["willowisp", "fireblast", "focusblast", "earthquake"], "ability": "Flame Body", "evs": {"hp": 85, "atk": 85, "def": 85, "spa": 85, "spd": 85, "spe": 85}, "ivs": {"hp": 31, "atk": 31, "def": 31, "spa": 31, "spd": 31, "spe": 31}, "item": "Heavy-Duty Boots", "teraType": "Water", "role": "Fast Attacker", "bvs": {"hp": 75, "atk": 95, "def": 67, "spa": 125, "spd": 95, "spe": 83}, "stats": {"hp": 275, "atk": 217, "def": 168, "spa": 270, "spd": 217, "spe": 196}, "types": ["Fire"]}, "Altaria": {"name": "Altaria", "species": "Altaria", "speciesId": "altaria", "gender": "F", "shiny": false, "level": 89, "moves": ["roost", "bravebird", "dragondance", "earthquake"], "ability": "Natural Cure", "evs": {"hp": 85, "atk": 85, "def": 85, "spa": 85, "spd": 85, "spe": 85}, "ivs": {"hp": 31, "atk": 31, "def": 31, "spa": 31, "spd": 31, "spe": 31}, "item": "Heavy-Duty Boots", "teraType": "Steel", "role": "Bulky Setup", "bvs": {"hp": 75, "atk": 70, "def": 90, "spa": 70, "spd": 105, "spe": 80}, "stats": {"hp": 278, "atk": 175, "def": 211, "spa": 175, "spd": 238, "spe": 193}, "types": ["Dragon", "Flying"]}, "Samurott": {"name": "Samurott", "species": "Samurott-Hisui", "speciesId": "samurotthisui", "gender": "F", "shiny": false, "level": 77, "moves": ["flipturn", "suckerpunch", "razorshell", "ceaselessedge"], "ability": "Sharpness", "evs": {"hp": 85, "atk": 85, "def": 85, "spa": 85, "spd": 85, "spe": 85}, "ivs": {"hp": 31, "atk": 31, "def": 31, "spa": 31, "spd": 31, "spe": 31}, "item": "Choice Band", "teraType": "Dark", "role": "Fast Attacker", "bvs": {"hp": 90, "atk": 108, "def": 80, "spa": 100, "spd": 65, "spe": 85}, "stats": {"hp": 265, "atk": 211, "def": 168, "spa": 199, "spd": 145, "spe": 175}, "types": ["Water", "Dark"]}, "Brute Bonnet": {"name": "Brute Bonnet", "species": "Brute Bonnet", "speciesId": "brutebonnet", "gender": "N", "shiny": false, "level": 80, "moves": ["seedbomb", "suckerpunch", "spore", "crunch"], "ability": "Protosynthesis", "evs": {"hp": 85, "atk": 85, "def": 85, "spa": 85, "spd": 85, "spe": 85}, "ivs": {"hp": 31, "atk": 31, "def": 31, "spa": 31, "spd": 31, "spe": 31}, "item": "Leftovers", "teraType": "Poison", "role": "Bulky Support", "bvs": {"hp": 111, "atk": 127, "def": 99, "spa": 79, "spd": 99, "spe": 55}, "stats": {"hp": 309, "atk": 249, "def": 205, "spa": 173, "spd": 205, "spe": 134}, "types": ["Grass", "Dark"]}, "Gengar": {"name": "Gengar", "species": "Gengar", "speciesId": "gengar", "gender": "M", "shiny": false, "level": 81, "moves": ["shadowball", "trick", "focusblast", "sludgewave"], "ability": "Cursed Body", "evs": {"hp": 85, "atk": 0, "def": 85, "spa": 85, "spd": 85, "spe": 85}, "ivs": {"hp": 31, "atk": 0, "def": 31, "spa": 31, "spd": 31, "spe": 31}, "item": "Choice Specs", "teraType": "Ghost", "role": "Wallbreaker", "bvs": {"hp": 60, "atk": 65, "def": 60, "spa": 130, "spd": 75, "spe": 110}, "stats": {"hp": 230, "atk": 110, "def": 144, "spa": 257, "spd": 168, "spe": 225}, "types": ["Ghost", "Poison"]}}]}