{"id": "gen9randombattle-2641597031", "format": "[Gen 9] Random Battle", "players": ["crackers_017", "dragon2528"], "log": "|j|\u2606crackers_017\n|j|\u2606dragon2528\n|t:|1782815726\n|gametype|singles\n|player|p1|crackers_017|gardenia|1284\n|player|p2|dragon2528|gentleman-gen4dp|1282\n|gen|9\n|tier|[Gen 9] Random Battle\n|rated|\n|rule|Species Clause: Limit one of each Pok\u00e9mon\n|rule|HP Percentage Mod: HP is shown in percentages\n|rule|Sleep Clause Mod: Limit one foe put to sleep\n|rule|Illusion Level Mod: Illusion disguises the Pok\u00e9mon's true level\n|\n|t:|1782815726\n|teamsize|p1|6\n|teamsize|p2|6\n|start\n|switch|p1a: Muk|Muk, L86, F|321/321\n|switch|p2a: Cloyster|Cloyster, L80, M|211/211\n|turn|1\n|inactive|Battle timer is ON: inactive players will automatically lose when time's up. (requested by dragon2528)\n|inactive|crackers_017 has 120 seconds left.\n|\n|t:|1782815808\n|move|p2a: Cloyster|Shell Smash|p2a: Cloyster\n|-unboost|p2a: Cloyster|def|1\n|-unboost|p2a: Cloyster|spd|1\n|-boost|p2a: Cloyster|atk|2\n|-boost|p2a: Cloyster|spa|2\n|-boost|p2a: Cloyster|spe|2\n|-enditem|p2a: Cloyster|White Herb\n|-clearnegativeboost|p2a: Cloyster|[silent]\n|move|p1a: Muk|Haze|p1a: Muk\n|-clearallboost\n|\n|upkeep\n|turn|2\n|\n|t:|1782815820\n|move|p2a: Cloyster|Shell Smash|p2a: Cloyster\n|-unboost|p2a: Cloyster|def|1\n|-unboost|p2a: Cloyster|spd|1\n|-boost|p2a: Cloyster|atk|2\n|-boost|p2a: Cloyster|spa|2\n|-boost|p2a: Cloyster|spe|2\n|move|p1a: Muk|Poison Jab|p2a: Cloyster\n|-damage|p2a: Cloyster|126/211\n|\n|upkeep\n|turn|3\n|\n|t:|1782815828\n|-terastallize|p1a: Muk|Dark\n|move|p2a: Cloyster|Rock Blast|p1a: Muk\n|-damage|p1a: Muk|283/321\n|-damage|p1a: Muk|250/321\n|-damage|p1a: Muk|216/321\n|-damage|p1a: Muk|182/321\n|-damage|p1a: Muk|148/321\n|-hitcount|p1a: Muk|5\n|move|p1a: Muk|Haze|p1a: Muk\n|-clearallboost\n|\n|-heal|p1a: Muk|168/321|[from] item: Leftovers\n|upkeep\n|turn|4\n|\n|t:|1782815845\n|move|p2a: Cloyster|Icicle Spear|p1a: Muk\n|-crit|p1a: Muk\n|-damage|p1a: Muk|126/321\n|-damage|p1a: Muk|98/321\n|-damage|p1a: Muk|70/321\n|-damage|p1a: Muk|45/321\n|-damage|p1a: Muk|17/321\n|-hitcount|p1a: Muk|5\n|move|p1a: Muk|Knock Off|p2a: Cloyster\n|-damage|p2a: Cloyster|83/211\n|\n|-heal|p1a: Muk|37/321|[from] item: Leftovers\n|upkeep\n|turn|5\n|\n|t:|1782815858\n|move|p2a: Cloyster|Icicle Spear|p1a: Muk\n|-damage|p1a: Muk|12/321\n|-damage|p1a: Muk|0 fnt\n|faint|p1a: Muk\n|-hitcount|p1: Muk|2\n|\n|upkeep\n|\n|t:|1782815862\n|switch|p1a: Duraludon|Duraludon, L82, F|249/249\n|turn|6\n|\n|t:|1782815883\n|move|p1a: Duraludon|Thunder Wave|p2a: Cloyster\n|-status|p2a: Cloyster|par\n|move|p2a: Cloyster|Icicle Spear|p1a: Duraludon\n|-damage|p1a: Duraludon|234/249\n|-damage|p1a: Duraludon|221/249\n|-damage|p1a: Duraludon|206/249\n|-damage|p1a: Duraludon|191/249\n|-damage|p1a: Duraludon|176/249\n|-hitcount|p1a: Duraludon|5\n|\n|upkeep\n|turn|7\n|\n|t:|1782815894\n|move|p1a: Duraludon|Body Press|p2a: Cloyster\n|-supereffective|p2a: Cloyster\n|-damage|p2a: Cloyster|11/211 par\n|cant|p2a: Cloyster|par\n|\n|upkeep\n|turn|8\n|\n|t:|1782815901\n|move|p1a: Duraludon|Body Press|p2a: Cloyster\n|-supereffective|p2a: Cloyster\n|-damage|p2a: Cloyster|0 fnt\n|faint|p2a: Cloyster\n|\n|upkeep\n|\n|t:|1782815911\n|switch|p2a: Decidueye|Decidueye-Hisui, L87, F|295/295\n|turn|9\n|\n|t:|1782815936\n|move|p1a: Duraludon|Thunder Wave|p2a: Decidueye\n|-status|p2a: Decidueye|par\n|move|p2a: Decidueye|Triple Arrows|p1a: Duraludon\n|-supereffective|p1a: Duraludon\n|-damage|p1a: Duraludon|50/249\n|-unboost|p1a: Duraludon|def|1\n|\n|upkeep\n|turn|10\n|\n|t:|1782815945\n|switch|p1a: Venusaur|Venusaur, L84, M|272/272\n|move|p2a: Decidueye|Triple Arrows|p1a: Venusaur\n|-resisted|p1a: Venusaur\n|-damage|p1a: Venusaur|216/272\n|\n|-heal|p1a: Venusaur|233/272|[from] item: Leftovers\n|upkeep\n|turn|11\n|\n|t:|1782815960\n|switch|p2a: Lugia|Lugia, L73|275/275\n|move|p1a: Venusaur|Substitute|p1a: Venusaur\n|-start|p1a: Venusaur|Substitute\n|-damage|p1a: Venusaur|165/272\n|\n|-heal|p1a: Venusaur|182/272|[from] item: Leftovers\n|upkeep\n|turn|12\n|\n|t:|1782815976\n|move|p2a: Lugia|Earth Power|p1a: Venusaur\n|-activate|p1a: Venusaur|move: Substitute|[damage]\n|move|p1a: Venusaur|Leech Seed|p2a: Lugia\n|-start|p2a: Lugia|move: Leech Seed\n|\n|-heal|p1a: Venusaur|199/272|[from] item: Leftovers\n|-damage|p2a: Lugia|241/275|[from] Leech Seed|[of] p1a: Venusaur\n|-heal|p1a: Venusaur|233/272|[silent]\n|upkeep\n|turn|13\n|inactive|dragon2528 has 120 seconds left.\n|\n|t:|1782816002\n|switch|p2a: Banette|Banette, L93, M|270/270\n|move|p1a: Venusaur|Substitute|p1a: Venusaur\n|-fail|p1a: Venusaur|move: Substitute\n|\n|-heal|p1a: Venusaur|250/272|[from] item: Leftovers\n|upkeep\n|turn|14\n|inactive|dragon2528 has 120 seconds left.\n|\n|t:|1782816015\n|move|p1a: Venusaur|Leech Seed|p2a: Banette\n|-start|p2a: Banette|move: Leech Seed\n|move|p2a: Banette|Swords Dance|p2a: Banette\n|-boost|p2a: Banette|atk|2\n|\n|-heal|p1a: Venusaur|267/272|[from] item: Leftovers\n|-damage|p2a: Banette|237/270|[from] Leech Seed|[of] p1a: Venusaur\n|-heal|p1a: Venusaur|272/272|[silent]\n|upkeep\n|turn|15\n|\n|t:|1782816025\n|move|p2a: Banette|Shadow Sneak|p1a: Venusaur\n|-end|p1a: Venusaur|Substitute\n|-damage|p2a: Banette|210/270|[from] item: Life Orb\n|move|p1a: Venusaur|Substitute|p1a: Venusaur\n|-start|p1a: Venusaur|Substitute\n|-damage|p1a: Venusaur|204/272\n|\n|-heal|p1a: Venusaur|221/272|[from] item: Leftovers\n|-damage|p2a: Banette|177/270|[from] Leech Seed|[of] p1a: Venusaur\n|-heal|p1a: Venusaur|254/272|[silent]\n|upkeep\n|turn|16\n|\n|t:|1782816037\n|switch|p2a: Lugia|Lugia, L73|241/275\n|move|p1a: Venusaur|Substitute|p1a: Venusaur\n|-fail|p1a: Venusaur|move: Substitute\n|\n|-heal|p1a: Venusaur|271/272|[from] item: Leftovers\n|upkeep\n|turn|17\n|inactive|dragon2528 has 120 seconds left.\n|\n|t:|1782816052\n|move|p2a: Lugia|Aeroblast|p1a: Venusaur\n|-supereffective|p1a: Venusaur\n|-end|p1a: Venusaur|Substitute\n|move|p1a: Venusaur|Leech Seed|p2a: Lugia\n|-start|p2a: Lugia|move: Leech Seed\n|\n|-heal|p1a: Venusaur|272/272|[from] item: Leftovers\n|-damage|p2a: Lugia|207/275|[from] Leech Seed|[of] p1a: Venusaur\n|upkeep\n|turn|18\n|inactive|dragon2528 has 120 seconds left.\n|\n|t:|1782816065\n|switch|p1a: Hippowdon|Hippowdon, L82, F|311/311\n|-weather|Sandstorm|[from] ability: Sand Stream|[of] p1a: Hippowdon\n|move|p2a: Lugia|Aeroblast|p1a: Hippowdon\n|-damage|p1a: Hippowdon|217/311\n|\n|-weather|Sandstorm|[upkeep]\n|-damage|p2a: Lugia|190/275|[from] Sandstorm\n|-heal|p1a: Hippowdon|236/311|[from] item: Leftovers\n|-damage|p2a: Lugia|156/275|[from] Leech Seed|[of] p1a: Hippowdon\n|-heal|p1a: Hippowdon|270/311|[silent]\n|upkeep\n|turn|19\n|inactive|dragon2528 has 120 seconds left.\n|\n|t:|1782816081\n|switch|p2a: Luvdisc|Luvdisc, M|247/247\n|move|p1a: Hippowdon|Stealth Rock|p2a: Luvdisc\n|-sidestart|p2: dragon2528|move: Stealth Rock\n|\n|-weather|Sandstorm|[upkeep]\n|-damage|p2a: Luvdisc|232/247|[from] Sandstorm\n|-heal|p1a: Hippowdon|289/311|[from] item: Leftovers\n|upkeep\n|turn|20\n|inactive|dragon2528 has 120 seconds left.\n|\n|t:|1782816092\n|switch|p1a: Duraludon|Duraludon, L82, F|50/249\n|move|p2a: Luvdisc|Surf|p1a: Duraludon\n|-resisted|p1a: Duraludon\n|-damage|p1a: Duraludon|10/249\n|\n|-weather|Sandstorm|[upkeep]\n|-damage|p2a: Luvdisc|217/247|[from] Sandstorm\n|upkeep\n|turn|21\n|inactive|dragon2528 has 120 seconds left.\n|\n|t:|1782816105\n|move|p2a: Luvdisc|Surf|p1a: Duraludon\n|-resisted|p1a: Duraludon\n|-damage|p1a: Duraludon|0 fnt\n|faint|p1a: Duraludon\n|\n|-weather|Sandstorm|[upkeep]\n|-damage|p2a: Luvdisc|202/247|[from] Sandstorm\n|upkeep\n|\n|t:|1782816109\n|switch|p1a: Leafeon|Leafeon, L88, F|258/258\n|turn|22\n|inactive|dragon2528 has 120 seconds left.\n|\n|t:|1782816137\n|switch|p2a: Lugia|Lugia, L73|156/275\n|move|p1a: Leafeon|Swords Dance|p1a: Leafeon\n|-boost|p1a: Leafeon|atk|2\n|\n|-weather|none\n|upkeep\n|turn|23\n|\n|t:|1782816148\n|move|p1a: Leafeon|Knock Off|p2a: Lugia\n|-supereffective|p2a: Lugia\n|-crit|p2a: Lugia\n|-damage|p2a: Lugia|0 fnt\n|-enditem|p2a: Lugia|Heavy-Duty Boots|[from] move: Knock Off|[of] p1a: Leafeon\n|faint|p2a: Lugia\n|-damage|p1a: Leafeon|233/258|[from] item: Life Orb\n|\n|upkeep\n|\n|t:|1782816158\n|switch|p2a: Banette|Banette, L93, M|177/270\n|-damage|p2a: Banette|144/270|[from] Stealth Rock\n|turn|24\n|\n|t:|1782816166\n|move|p1a: Leafeon|Knock Off|p2a: Banette\n|-supereffective|p2a: Banette\n|-damage|p2a: Banette|0 fnt\n|-enditem|p2a: Banette|Life Orb|[from] move: Knock Off|[of] p1a: Leafeon\n|faint|p2a: Banette\n|-damage|p1a: Leafeon|208/258|[from] item: Life Orb\n|\n|upkeep\n|-message|dragon2528 forfeited.\n|\n|win|crackers_017\n|raw|crackers_017's rating: 1284 &rarr; <strong>1309</strong><br />(+25 for winning)\n|raw|dragon2528's rating: 1282 &rarr; <strong>1257</strong><br />(-25 for losing)\n|l|\u2606dragon2528\n|player|p2|\n", "inputlog": ">version f8ac14003a5f27e1bdc8d8c59608a773c1cb96e5\n>start {\"formatid\":\"gen9randombattle\",\"seed\":\"sodium,369ba49a3e449c26ef22471228290f7b\",\"rated\":\"Rated battle\"}\n>player p1 {\"name\":\"crackers_017\",\"avatar\":\"gardenia\",\"rating\":1284,\"seed\":\"sodium,f36e280af6c9414f2bbf73c7d862b691\"}\n>player p2 {\"name\":\"dragon2528\",\"avatar\":\"gentleman-gen4dp\",\"rating\":1282,\"seed\":\"sodium,58f8da4232b31589ab3d9aa1855e897a\"}\n>p1 move haze\n>p2 move shellsmash\n>p1 move poisonjab\n>p2 move shellsmash\n>p1 move haze terastallize\n>p2 move rockblast\n>p1 move knockoff\n>p2 move iciclespear\n>p1 move poisonjab\n>p2 move iciclespear\n>p1 switch 6\n>p1 move thunderwave\n>p2 move iciclespear\n>p1 move bodypress\n>p2 move iciclespear\n>p1 move bodypress\n>p2 move iciclespear\n>p2 switch 6\n>p1 move thunderwave\n>p2 move triplearrows\n>p1 switch 3\n>p2 move triplearrows\n>p1 move substitute\n>p2 switch 3\n>p1 move leechseed\n>p2 move earthpower\n>p1 move substitute\n>p2 switch 5\n>p1 move leechseed\n>p2 move swordsdance\n>p1 move substitute\n>p2 move shadowsneak\n>p1 move substitute\n>p2 switch 5\n>p1 move leechseed\n>p2 move aeroblast\n>p1 switch 2\n>p2 move aeroblast\n>p1 move stealthrock\n>p2 switch 4\n>p1 switch 3\n>p2 move surf\n>p1 move bodypress\n>p2 move surf\n>p1 switch 4\n>p1 move swordsdance\n>p2 switch 4\n>p1 move knockoff\n>p2 move aeroblast\n>p2 switch 5\n>p1 move knockoff\n>p2 move gunkshot\n>forcelose p2", "uploadtime": 1782816182, "views": 3, "formatid": "gen9randombattle", "rating": 1257, "private": 0, "password": null, "player_dets": [{"name": "crackers_017", "avatar": "gardenia", "rating": 1284, "seed": "sodium,f36e280af6c9414f2bbf73c7d862b691"}, {"name": "dragon2528", "avatar": "gentleman-gen4dp", "rating": 1282, "seed": "sodium,58f8da4232b31589ab3d9aa1855e897a"}], "teams_full": [{"Muk": {"name": "Muk", "species": "Muk", "speciesId": "muk", "gender": "F", "shiny": false, "level": 86, "moves": ["haze", "knockoff", "poisonjab", "icepunch"], "ability": "Poison Touch", "evs": {"hp": 85, "atk": 85, "def": 85, "spa": 85, "spd": 85, "spe": 85}, "ivs": {"hp": 31, "atk": 31, "def": 31, "spa": 31, "spd": 31, "spe": 31}, "item": "Leftovers", "teraType": "Dark", "role": "Bulky Attacker", "bvs": {"hp": 105, "atk": 105, "def": 75, "spa": 65, "spd": 100, "spe": 50}, "stats": {"hp": 321, "atk": 230, "def": 178, "spa": 161, "spd": 221, "spe": 135}, "types": ["Poison"]}, "Hippowdon": {"name": "Hippowdon", "species": "Hippowdon", "speciesId": "hippowdon", "gender": "F", "shiny": false, "level": 82, "moves": ["stoneedge", "slackoff", "stealthrock", "earthquake"], "ability": "Sand Stream", "evs": {"hp": 85, "atk": 85, "def": 85, "spa": 85, "spd": 85, "spe": 85}, "ivs": {"hp": 31, "atk": 31, "def": 31, "spa": 31, "spd": 31, "spe": 31}, "item": "Leftovers", "teraType": "Dragon", "role": "Bulky Support", "bvs": {"hp": 108, "atk": 112, "def": 118, "spa": 68, "spd": 72, "spe": 47}, "stats": {"hp": 311, "atk": 231, "def": 241, "spa": 159, "spd": 165, "spe": 124}, "types": ["Ground"]}, "Venusaur": {"name": "Venusaur", "species": "Venusaur", "speciesId": "venusaur", "gender": "M", "shiny": false, "level": 84, "moves": ["gigadrain", "substitute", "sludgebomb", "leechseed"], "ability": "Overgrow", "evs": {"hp": 85, "atk": 0, "def": 85, "spa": 85, "spd": 85, "spe": 85}, "ivs": {"hp": 31, "atk": 0, "def": 31, "spa": 31, "spd": 31, "spe": 31}, "item": "Leftovers", "teraType": "Steel", "role": "Bulky Support", "bvs": {"hp": 80, "atk": 82, "def": 83, "spa": 100, "spd": 100, "spe": 80}, "stats": {"hp": 272, "atk": 142, "def": 188, "spa": 216, "spd": 216, "spe": 183}, "types": ["Grass", "Poison"]}, "Leafeon": {"name": "Leafeon", "species": "Leafeon", "speciesId": "leafeon", "gender": "F", "shiny": false, "level": 88, "moves": ["leafblade", "synthesis", "knockoff", "swordsdance"], "ability": "Chlorophyll", "evs": {"hp": 85, "atk": 85, "def": 85, "spa": 85, "spd": 85, "spe": 85}, "ivs": {"hp": 31, "atk": 31, "def": 31, "spa": 31, "spd": 31, "spe": 31}, "item": "Life Orb", "teraType": "Dark", "role": "Setup Sweeper", "bvs": {"hp": 65, "atk": 110, "def": 130, "spa": 60, "spd": 65, "spe": 95}, "stats": {"hp": 258, "atk": 244, "def": 279, "spa": 156, "spd": 165, "spe": 217}, "types": ["Grass"]}, "Alcremie": {"name": "Alcremie", "species": "Alcremie-Rainbow-Swirl", "speciesId": "alcremie", "gender": "F", "shiny": false, "level": 90, "moves": ["recover", "alluringvoice", "psyshock", "calmmind"], "ability": "Aroma Veil", "evs": {"hp": 85, "atk": 0, "def": 85, "spa": 85, "spd": 85, "spe": 85}, "ivs": {"hp": 31, "atk": 0, "def": 31, "spa": 31, "spd": 31, "spe": 31}, "item": "Leftovers", "teraType": "Poison", "role": "Bulky Setup", "bvs": {"hp": 65, "atk": 60, "def": 75, "spa": 110, "spd": 121, "spe": 64}, "stats": {"hp": 263, "atk": 113, "def": 186, "spa": 249, "spd": 269, "spe": 167}, "types": ["Fairy"]}, "Duraludon": {"name": "Duraludon", "species": "Duraludon", "speciesId": "duraludon", "gender": "F", "shiny": false, "level": 82, "moves": ["thunderwave", "dracometeor", "flashcannon", "bodypress"], "ability": "Light Metal", "evs": {"hp": 85, "atk": 0, "def": 85, "spa": 85, "spd": 85, "spe": 85}, "ivs": {"hp": 31, "atk": 0, "def": 31, "spa": 31, "spd": 31, "spe": 31}, "item": "Eviolite", "teraType": "Fighting", "role": "Bulky Attacker", "bvs": {"hp": 70, "atk": 95, "def": 115, "spa": 120, "spd": 50, "spe": 85}, "stats": {"hp": 249, "atk": 160, "def": 236, "spa": 244, "spd": 129, "spe": 187}, "types": ["Steel", "Dragon"]}}, {"Cloyster": {"name": "Cloyster", "species": "Cloyster", "speciesId": "cloyster", "gender": "M", "shiny": false, "level": 80, "moves": ["rockblast", "hydropump", "iciclespear", "shellsmash"], "ability": "Skill Link", "evs": {"hp": 85, "atk": 85, "def": 85, "spa": 85, "spd": 85, "spe": 85}, "ivs": {"hp": 31, "atk": 31, "def": 31, "spa": 31, "spd": 31, "spe": 31}, "item": "White Herb", "teraType": "Rock", "role": "Setup Sweeper", "bvs": {"hp": 50, "atk": 95, "def": 180, "spa": 85, "spd": 45, "spe": 70}, "stats": {"hp": 211, "atk": 198, "def": 334, "spa": 182, "spd": 118, "spe": 158}, "types": ["Water", "Ice"]}, "Raikou": {"name": "Raikou", "species": "Raikou", "speciesId": "raikou", "gender": "N", "shiny": false, "level": 81, "moves": ["thunderbolt", "calmmind", "scald", "substitute"], "ability": "Pressure", "evs": {"hp": 85, "atk": 0, "def": 85, "spa": 85, "spd": 85, "spe": 85}, "ivs": {"hp": 31, "atk": 0, "def": 31, "spa": 31, "spd": 31, "spe": 31}, "item": "Leftovers", "teraType": "Grass", "role": "Bulky Setup", "bvs": {"hp": 90, "atk": 85, "def": 75, "spa": 115, "spd": 100, "spe": 115}, "stats": {"hp": 278, "atk": 142, "def": 168, "spa": 233, "spd": 209, "spe": 233}, "types": ["Electric"]}, "Lugia": {"name": "Lugia", "species": "Lugia", "speciesId": "lugia", "gender": "N", "shiny": false, "level": 73, "moves": ["recover", "aeroblast", "calmmind", "earthpower"], "ability": "Multiscale", "evs": {"hp": 85, "atk": 0, "def": 85, "spa": 85, "spd": 85, "spe": 85}, "ivs": {"hp": 31, "atk": 0, "def": 31, "spa": 31, "spd": 31, "spe": 31}, "item": "Heavy-Duty Boots", "teraType": "Steel", "role": "Bulky Setup", "bvs": {"hp": 106, "atk": 90, "def": 130, "spa": 90, "spd": 154, "spe": 110}, "stats": {"hp": 275, "atk": 136, "def": 232, "spa": 174, "spd": 267, "spe": 203}, "types": ["Psychic", "Flying"]}, "Luvdisc": {"name": "Luvdisc", "species": "Luvdisc", "speciesId": "luvdisc", "gender": "M", "shiny": false, "level": 100, "moves": ["flipturn", "endeavor", "surf", "substitute"], "ability": "Swift Swim", "evs": {"hp": 81, "atk": 85, "def": 85, "spa": 85, "spd": 85, "spe": 85}, "ivs": {"hp": 31, "atk": 31, "def": 31, "spa": 31, "spd": 31, "spe": 31}, "item": "Heavy-Duty Boots", "teraType": "Ghost", "role": "Fast Support", "bvs": {"hp": 43, "atk": 30, "def": 55, "spa": 40, "spd": 65, "spe": 97}, "stats": {"hp": 247, "atk": 117, "def": 167, "spa": 137, "spd": 187, "spe": 251}, "types": ["Water"]}, "Banette": {"name": "Banette", "species": "Banette", "speciesId": "banette", "gender": "M", "shiny": false, "level": 93, "moves": ["gunkshot", "shadowsneak", "swordsdance", "poltergeist"], "ability": "Insomnia", "evs": {"hp": 85, "atk": 85, "def": 85, "spa": 85, "spd": 85, "spe": 85}, "ivs": {"hp": 31, "atk": 31, "def": 31, "spa": 31, "spd": 31, "spe": 31}, "item": "Life Orb", "teraType": "Ghost", "role": "Wallbreaker", "bvs": {"hp": 64, "atk": 115, "def": 65, "spa": 83, "spd": 63, "spe": 65}, "stats": {"hp": 270, "atk": 267, "def": 174, "spa": 207, "spd": 170, "spe": 174}, "types": ["Ghost"]}, "Decidueye": {"name": "Decidueye", "species": "Decidueye-Hisui", "speciesId": "decidueyehisui", "gender": "F", "shiny": false, "level": 87, "moves": ["suckerpunch", "triplearrows", "leafblade", "roost"], "ability": "Scrappy", "evs": {"hp": 85, "atk": 85, "def": 85, "spa": 85, "spd": 85, "spe": 85}, "ivs": {"hp": 31, "atk": 31, "def": 31, "spa": 31, "spd": 31, "spe": 31}, "item": "Leftovers", "teraType": "Water", "role": "Bulky Attacker", "bvs": {"hp": 88, "atk": 112, "def": 80, "spa": 95, "spd": 95, "spe": 60}, "stats": {"hp": 295, "atk": 245, "def": 189, "spa": 215, "spd": 215, "spe": 154}, "types": ["Grass", "Fighting"]}}]}