{"id": "gen9randombattle-2641743700", "format": "[Gen 9] Random Battle", "players": ["Xxplaymakrxx", "legolas06"], "log": "|j|\u2606Xxplaymakrxx\n|j|\u2606legolas06\n|t:|1782836692\n|gametype|singles\n|player|p1|Xxplaymakrxx|170|1953\n|player|p2|legolas06|102|1967\n|gen|9\n|tier|[Gen 9] Random Battle\n|rated|\n|rule|Species Clause: Limit one of each Pok\u00e9mon\n|rule|HP Percentage Mod: HP is shown in percentages\n|rule|Sleep Clause Mod: Limit one foe put to sleep\n|rule|Illusion Level Mod: Illusion disguises the Pok\u00e9mon's true level\n|\n|t:|1782836692\n|teamsize|p1|6\n|teamsize|p2|6\n|start\n|switch|p1a: Jirachi|Jirachi, L80|291/291\n|switch|p2a: Eternatus|Eternatus, L69|308/308\n|-ability|p2a: Eternatus|Pressure\n|turn|1\n|inactive|Battle timer is ON: inactive players will automatically lose when time's up. (requested by legolas06)\n|l|\u2606legolas06\n|inactive|legolas06 disconnected and has a minute to reconnect!\n|player|p2|\n|j|\u2606legolas06\n|inactive|legolas06 reconnected and has 115 seconds left.\n|player|p2|legolas06|102|\n|\n|t:|1782836744\n|move|p1a: Jirachi|Protect|p1a: Jirachi\n|-singleturn|p1a: Jirachi|Protect\n|move|p2a: Eternatus|Fire Blast|p1a: Jirachi\n|-activate|p1a: Jirachi|move: Protect\n|\n|upkeep\n|turn|2\n|\n|t:|1782836751\n|switch|p2a: Vikavolt|Vikavolt, L83, M|263/263\n|switch|p1a: Raikou|Raikou, L81|278/278\n|-ability|p1a: Raikou|Pressure\n|\n|upkeep\n|turn|3\n|\n|t:|1782836757\n|move|p1a: Raikou|Calm Mind|p1a: Raikou\n|-boost|p1a: Raikou|spa|1\n|-boost|p1a: Raikou|spd|1\n|move|p2a: Vikavolt|Sticky Web|p1a: Raikou\n|-sidestart|p1: Xxplaymakrxx|move: Sticky Web\n|\n|upkeep\n|turn|4\n|\n|t:|1782836766\n|switch|p2a: Flapple|Flapple, L88, M|266/266\n|move|p1a: Raikou|Scald|p2a: Flapple\n|-resisted|p2a: Flapple\n|-damage|p2a: Flapple|237/266\n|\n|upkeep\n|turn|5\n|\n|t:|1782836781\n|move|p1a: Raikou|Shadow Ball|p2a: Flapple\n|-damage|p2a: Flapple|121/266\n|move|p2a: Flapple|Dragon Dance|p2a: Flapple\n|-boost|p2a: Flapple|atk|1\n|-boost|p2a: Flapple|spe|1\n|\n|upkeep\n|turn|6\n|\n|t:|1782836792\n|move|p2a: Flapple|Outrage|p1a: Raikou\n|-damage|p1a: Raikou|0 fnt\n|faint|p1a: Raikou\n|\n|upkeep\n|\n|t:|1782836796\n|switch|p1a: Comfey|Comfey, L85, F|225/225\n|-activate|p1a: Comfey|move: Sticky Web\n|-unboost|p1a: Comfey|spe|1\n|turn|7\n|\n|t:|1782836800\n|move|p2a: Flapple|Outrage|p1a: Comfey|[from] lockedmove\n|-immune|p1a: Comfey\n|move|p1a: Comfey|Calm Mind|p1a: Comfey\n|-boost|p1a: Comfey|spa|1\n|-boost|p1a: Comfey|spd|1\n|\n|upkeep\n|turn|8\n|\n|t:|1782836805\n|-terastallize|p2a: Flapple|Fire\n|move|p1a: Comfey|Draining Kiss|p2a: Flapple\n|-resisted|p2a: Flapple\n|-damage|p2a: Flapple|73/266\n|move|p2a: Flapple|Grav Apple|p1a: Comfey\n|-damage|p1a: Comfey|0 fnt\n|faint|p1a: Comfey\n|\n|upkeep\n|\n|t:|1782836817\n|switch|p1a: Ambipom|Ambipom, L84, M|263/263\n|-activate|p1a: Ambipom|move: Sticky Web\n|-unboost|p1a: Ambipom|spe|1\n|turn|9\n|\n|t:|1782836825\n|switch|p2a: Forretress|Forretress, L84, F|263/263\n|move|p1a: Ambipom|Fake Out|p2a: Forretress\n|-resisted|p2a: Forretress\n|-damage|p2a: Forretress|236/263\n|\n|-heal|p2a: Forretress|252/263|[from] item: Leftovers\n|upkeep\n|turn|10\n|\n|t:|1782836838\n|switch|p1a: Serperior|Serperior, L79, F|248/248\n|-activate|p1a: Serperior|move: Sticky Web\n|-boost|p1a: Serperior|spe|1\n|move|p2a: Forretress|Stealth Rock|p1a: Serperior\n|-sidestart|p1: Xxplaymakrxx|move: Stealth Rock\n|\n|-heal|p2a: Forretress|263/263|[from] item: Leftovers\n|upkeep\n|turn|11\n|\n|t:|1782836845\n|move|p1a: Serperior|Glare|p2a: Forretress\n|-status|p2a: Forretress|par\n|move|p2a: Forretress|Volt Switch|p1a: Serperior\n|-resisted|p1a: Serperior\n|-damage|p1a: Serperior|232/248\n|\n|t:|1782836853\n|switch|p2a: Vikavolt|Vikavolt, L83, M|263/263|[from] Volt Switch\n|\n|upkeep\n|turn|12\n|\n|t:|1782836859\n|-terastallize|p1a: Serperior|Rock\n|move|p1a: Serperior|Leaf Storm|p2a: Vikavolt\n|-resisted|p2a: Vikavolt\n|-damage|p2a: Vikavolt|195/263\n|-boost|p1a: Serperior|spa|2\n|-damage|p1a: Serperior|208/248|[from] item: Life Orb\n|move|p2a: Vikavolt|Bug Buzz|p1a: Serperior\n|-damage|p1a: Serperior|75/248\n|\n|upkeep\n|turn|13\n|\n|t:|1782836872\n|move|p1a: Serperior|Tera Blast|p2a: Vikavolt|[anim] Tera Blast Rock\n|-supereffective|p2a: Vikavolt\n|-damage|p2a: Vikavolt|0 fnt\n|faint|p2a: Vikavolt\n|-damage|p1a: Serperior|51/248|[from] item: Life Orb\n|\n|upkeep\n|\n|t:|1782836877\n|switch|p2a: Regieleki|Regieleki, L79|256/256\n|turn|14\n|\n|t:|1782836887\n|switch|p1a: Jirachi|Jirachi, L80|291/291\n|-activate|p1a: Jirachi|move: Sticky Web\n|-unboost|p1a: Jirachi|spe|1\n|-damage|p1a: Jirachi|273/291|[from] Stealth Rock\n|move|p2a: Regieleki|Thunderbolt|p1a: Jirachi\n|-damage|p1a: Jirachi|137/291\n|\n|-heal|p1a: Jirachi|155/291|[from] item: Leftovers\n|upkeep\n|turn|15\n|\n|t:|1782836895\n|move|p1a: Jirachi|Protect|p1a: Jirachi\n|-singleturn|p1a: Jirachi|Protect\n|move|p2a: Regieleki|Volt Switch|p1a: Jirachi\n|-activate|p1a: Jirachi|move: Protect\n|\n|-heal|p1a: Jirachi|173/291|[from] item: Leftovers\n|upkeep\n|turn|16\n|\n|t:|1782836899\n|move|p2a: Regieleki|Volt Switch|p1a: Jirachi\n|-damage|p1a: Jirachi|77/291\n|\n|t:|1782836902\n|switch|p2a: Flapple|Flapple, L88, M, tera:Fire|73/266|[from] Volt Switch\n|move|p1a: Jirachi|Wish|p1a: Jirachi\n|\n|-heal|p1a: Jirachi|95/291|[from] item: Leftovers\n|upkeep\n|turn|17\n|\n|t:|1782836916\n|switch|p1a: Ambipom|Ambipom, L84, M|263/263\n|-activate|p1a: Ambipom|move: Sticky Web\n|-unboost|p1a: Ambipom|spe|1\n|-damage|p1a: Ambipom|231/263|[from] Stealth Rock\n|move|p2a: Flapple|Tera Blast|p1a: Ambipom|[anim] Tera Blast Fire\n|-damage|p1a: Ambipom|50/263\n|\n|-heal|p1a: Ambipom|195/263|[from] move: Wish|[wisher] Jirachi\n|upkeep\n|turn|18\n|\n|t:|1782836930\n|switch|p2a: Forretress|Forretress, L84, F|263/263 par\n|move|p1a: Ambipom|Low Kick|p2a: Forretress\n|-damage|p2a: Forretress|215/263 par\n|\n|-heal|p2a: Forretress|231/263 par|[from] item: Leftovers\n|upkeep\n|turn|19\n|\n|t:|1782836935\n|switch|p1a: Jirachi|Jirachi, L80|95/291\n|-activate|p1a: Jirachi|move: Sticky Web\n|-unboost|p1a: Jirachi|spe|1\n|-damage|p1a: Jirachi|77/291|[from] Stealth Rock\n|move|p2a: Forretress|Toxic Spikes|p1a: Jirachi\n|-sidestart|p1: Xxplaymakrxx|move: Toxic Spikes\n|\n|-heal|p1a: Jirachi|95/291|[from] item: Leftovers\n|-heal|p2a: Forretress|247/263 par|[from] item: Leftovers\n|upkeep\n|turn|20\n|\n|t:|1782836942\n|move|p1a: Jirachi|Wish|p1a: Jirachi\n|cant|p2a: Forretress|par\n|\n|-heal|p1a: Jirachi|113/291|[from] item: Leftovers\n|-heal|p2a: Forretress|263/263 par|[from] item: Leftovers\n|upkeep\n|turn|21\n|\n|t:|1782836958\n|move|p1a: Jirachi|Iron Head|p2a: Forretress\n|-resisted|p2a: Forretress\n|-damage|p2a: Forretress|234/263 par\n|cant|p2a: Forretress|flinch\n|\n|-heal|p1a: Jirachi|258/291|[from] move: Wish|[wisher] Jirachi\n|-heal|p1a: Jirachi|276/291|[from] item: Leftovers\n|-heal|p2a: Forretress|250/263 par|[from] item: Leftovers\n|upkeep\n|turn|22\n|\n|t:|1782836969\n|switch|p1a: Maushold|Maushold, L76|238/238\n|-activate|p1a: Maushold|move: Sticky Web\n|-unboost|p1a: Maushold|spe|1\n|-damage|p1a: Maushold|209/238|[from] Stealth Rock\n|-status|p1a: Maushold|psn\n|move|p2a: Forretress|Volt Switch|p1a: Maushold\n|-damage|p1a: Maushold|168/238 psn\n|\n|t:|1782836992\n|switch|p2a: Flapple|Flapple, L88, M, tera:Fire|73/266|[from] Volt Switch\n|\n|-damage|p1a: Maushold|139/238 psn|[from] psn\n|upkeep\n|turn|23\n|\n|t:|1782836998\n|move|p2a: Flapple|Grav Apple|p1a: Maushold\n|-damage|p1a: Maushold|0 fnt\n|faint|p1a: Maushold\n|\n|upkeep\n|-message|Xxplaymakrxx forfeited.\n|\n|win|legolas06\n|raw|Xxplaymakrxx's rating: 1953 &rarr; <strong>1934</strong><br />(-19 for losing)\n|raw|legolas06's rating: 1967 &rarr; <strong>1986</strong><br />(+19 for winning)\n", "inputlog": ">version f8ac14003a5f27e1bdc8d8c59608a773c1cb96e5\n>start {\"formatid\":\"gen9randombattle\",\"seed\":\"sodium,cf0ae91c380fceb56c094cb6c92281a1\",\"rated\":\"Rated battle\"}\n>player p1 {\"name\":\"Xxplaymakrxx\",\"avatar\":\"170\",\"rating\":1953,\"seed\":\"sodium,bfb8d35324a6930fa85153074ac6e7d0\"}\n>player p2 {\"name\":\"legolas06\",\"avatar\":\"102\",\"rating\":1967,\"seed\":\"sodium,9e73b563bd8ea133f7e13373a629f661\"}\n>p1 move protect\n>p2 move fireblast\n>p1 switch 5\n>p2 switch 4\n>p1 move calmmind\n>p2 move stickyweb\n>p1 move scald\n>p2 switch 5\n>p1 move shadowball\n>p2 move dragondance\n>p1 move shadowball\n>p2 move outrage\n>p1 switch 6\n>p1 move calmmind\n>p2 move outrage\n>p1 move drainingkiss\n>p2 move gravapple terastallize\n>p1 switch 3\n>p1 move fakeout\n>p2 switch 3\n>p1 switch 4\n>p2 move stealthrock\n>p1 move glare\n>p2 move voltswitch\n>p2 switch 5\n>p1 move leafstorm terastallize\n>p2 move bugbuzz\n>p1 move terablast\n>p2 move energyball\n>p2 switch 2\n>p1 switch 5\n>p2 move thunderbolt\n>p1 move protect\n>p2 move voltswitch\n>p1 move wish\n>p2 move voltswitch\n>p2 switch 3\n>p1 switch 4\n>p2 move terablast\n>p1 move lowkick\n>p2 switch 5\n>p1 switch 4\n>p2 move toxicspikes\n>p1 move wish\n>p2 move voltswitch\n>p1 move ironhead\n>p2 move voltswitch\n>p1 switch 2\n>p2 move voltswitch\n>p2 switch 5\n>p1 move tidyup\n>p2 move gravapple\n>forcelose p1", "uploadtime": 1782836697, "views": 4, "formatid": "gen9randombattle", "rating": 1934, "private": 0, "password": null, "player_dets": [{"name": "Xxplaymakrxx", "avatar": "170", "rating": 1953, "seed": "sodium,bfb8d35324a6930fa85153074ac6e7d0"}, {"name": "legolas06", "avatar": "102", "rating": 1967, "seed": "sodium,9e73b563bd8ea133f7e13373a629f661"}], "teams_full": [{"Jirachi": {"name": "Jirachi", "species": "Jirachi", "speciesId": "jirachi", "gender": "N", "shiny": false, "level": 80, "moves": ["ironhead", "protect", "wish", "uturn"], "ability": "Serene Grace", "evs": {"hp": 85, "atk": 85, "def": 85, "spa": 85, "spd": 85, "spe": 85}, "ivs": {"hp": 31, "atk": 31, "def": 31, "spa": 31, "spd": 31, "spe": 31}, "item": "Leftovers", "teraType": "Water", "role": "Bulky Support", "bvs": {"hp": 100, "atk": 100, "def": 100, "spa": 100, "spd": 100, "spe": 100}, "stats": {"hp": 291, "atk": 206, "def": 206, "spa": 206, "spd": 206, "spe": 206}, "types": ["Steel", "Psychic"]}, "Maushold": {"name": "Maushold", "species": "Maushold", "speciesId": "maushold", "gender": "N", "shiny": false, "level": 76, "moves": ["bite", "populationbomb", "encore", "tidyup"], "ability": "Technician", "evs": {"hp": 85, "atk": 85, "def": 85, "spa": 85, "spd": 85, "spe": 85}, "ivs": {"hp": 31, "atk": 31, "def": 31, "spa": 31, "spd": 31, "spe": 31}, "item": "Wide Lens", "teraType": "Normal", "role": "Setup Sweeper", "bvs": {"hp": 74, "atk": 75, "def": 70, "spa": 65, "spd": 75, "spe": 111}, "stats": {"hp": 238, "atk": 158, "def": 150, "spa": 143, "spd": 158, "spe": 213}, "types": ["Normal"]}, "Ambipom": {"name": "Ambipom", "species": "Ambipom", "speciesId": "ambipom", "gender": "M", "shiny": false, "level": 84, "moves": ["doubleedge", "fakeout", "knockoff", "lowkick"], "ability": "Technician", "evs": {"hp": 85, "atk": 85, "def": 85, "spa": 85, "spd": 85, "spe": 85}, "ivs": {"hp": 31, "atk": 31, "def": 31, "spa": 31, "spd": 31, "spe": 31}, "item": "Silk Scarf", "teraType": "Normal", "role": "Wallbreaker", "bvs": {"hp": 75, "atk": 100, "def": 66, "spa": 60, "spd": 66, "spe": 115}, "stats": {"hp": 263, "atk": 216, "def": 159, "spa": 149, "spd": 159, "spe": 241}, "types": ["Normal"]}, "Serperior": {"name": "Serperior", "species": "Serperior", "speciesId": "serperior", "gender": "F", "shiny": false, "level": 79, "moves": ["leafstorm", "glare", "terablast", "synthesis"], "ability": "Contrary", "evs": {"hp": 85, "atk": 85, "def": 85, "spa": 85, "spd": 85, "spe": 85}, "ivs": {"hp": 31, "atk": 31, "def": 31, "spa": 31, "spd": 31, "spe": 31}, "item": "Life Orb", "teraType": "Rock", "role": "Tera Blast user", "bvs": {"hp": 75, "atk": 75, "def": 95, "spa": 75, "spd": 95, "spe": 113}, "stats": {"hp": 248, "atk": 164, "def": 196, "spa": 164, "spd": 196, "spe": 224}, "types": ["Grass"]}, "Raikou": {"name": "Raikou", "species": "Raikou", "speciesId": "raikou", "gender": "N", "shiny": false, "level": 81, "moves": ["thunderbolt", "calmmind", "shadowball", "scald"], "ability": "Pressure", "evs": {"hp": 85, "atk": 0, "def": 85, "spa": 85, "spd": 85, "spe": 85}, "ivs": {"hp": 31, "atk": 0, "def": 31, "spa": 31, "spd": 31, "spe": 31}, "item": "Leftovers", "teraType": "Water", "role": "Bulky Attacker", "bvs": {"hp": 90, "atk": 85, "def": 75, "spa": 115, "spd": 100, "spe": 115}, "stats": {"hp": 278, "atk": 142, "def": 168, "spa": 233, "spd": 209, "spe": 233}, "types": ["Electric"]}, "Comfey": {"name": "Comfey", "species": "Comfey", "speciesId": "comfey", "gender": "F", "shiny": false, "level": 85, "moves": ["storedpower", "calmmind", "gigadrain", "drainingkiss"], "ability": "Triage", "evs": {"hp": 85, "atk": 0, "def": 85, "spa": 85, "spd": 85, "spe": 85}, "ivs": {"hp": 31, "atk": 0, "def": 31, "spa": 31, "spd": 31, "spe": 31}, "item": "Leftovers", "teraType": "Steel", "role": "Bulky Setup", "bvs": {"hp": 51, "atk": 52, "def": 90, "spa": 82, "spd": 110, "spe": 100}, "stats": {"hp": 225, "atk": 93, "def": 202, "spa": 188, "spd": 236, "spe": 219}, "types": ["Fairy"]}}, {"Eternatus": {"name": "Eternatus", "species": "Eternatus", "speciesId": "eternatus", "gender": "N", "shiny": false, "level": 69, "moves": ["dynamaxcannon", "recover", "fireblast", "sludgebomb"], "ability": "Pressure", "evs": {"hp": 85, "atk": 0, "def": 85, "spa": 85, "spd": 85, "spe": 85}, "ivs": {"hp": 31, "atk": 0, "def": 31, "spa": 31, "spd": 31, "spe": 31}, "item": "Rocky Helmet", "teraType": "Dragon", "role": "Bulky Attacker", "bvs": {"hp": 140, "atk": 85, "def": 95, "spa": 145, "spd": 95, "spe": 130}, "stats": {"hp": 308, "atk": 122, "def": 171, "spa": 240, "spd": 171, "spe": 220}, "types": ["Poison", "Dragon"]}, "Regieleki": {"name": "Regieleki", "species": "Regieleki", "speciesId": "regieleki", "gender": "N", "shiny": false, "level": 79, "moves": ["thunderbolt", "explosion", "voltswitch", "rapidspin"], "ability": "Transistor", "evs": {"hp": 85, "atk": 85, "def": 85, "spa": 85, "spd": 85, "spe": 85}, "ivs": {"hp": 31, "atk": 31, "def": 31, "spa": 31, "spd": 31, "spe": 31}, "item": "Magnet", "teraType": "Electric", "role": "Fast Support", "bvs": {"hp": 80, "atk": 100, "def": 50, "spa": 100, "spd": 50, "spe": 200}, "stats": {"hp": 256, "atk": 204, "def": 125, "spa": 204, "spd": 125, "spe": 362}, "types": ["Electric"]}, "Forretress": {"name": "Forretress", "species": "Forretress", "speciesId": "forretress", "gender": "F", "shiny": false, "level": 84, "moves": ["stealthrock", "ironhead", "toxicspikes", "voltswitch"], "ability": "Sturdy", "evs": {"hp": 85, "atk": 85, "def": 85, "spa": 85, "spd": 85, "spe": 85}, "ivs": {"hp": 31, "atk": 31, "def": 31, "spa": 31, "spd": 31, "spe": 31}, "item": "Leftovers", "teraType": "Water", "role": "Bulky Support", "bvs": {"hp": 75, "atk": 90, "def": 140, "spa": 60, "spd": 60, "spe": 40}, "stats": {"hp": 263, "atk": 199, "def": 283, "spa": 149, "spd": 149, "spe": 115}, "types": ["Bug", "Steel"]}, "Vikavolt": {"name": "Vikavolt", "species": "Vikavolt", "speciesId": "vikavolt", "gender": "M", "shiny": false, "level": 83, "moves": ["discharge", "bugbuzz", "stickyweb", "energyball"], "ability": "Levitate", "evs": {"hp": 85, "atk": 0, "def": 85, "spa": 85, "spd": 85, "spe": 85}, "ivs": {"hp": 31, "atk": 0, "def": 31, "spa": 31, "spd": 31, "spe": 31}, "item": "Heavy-Duty Boots", "teraType": "Electric", "role": "Bulky Support", "bvs": {"hp": 77, "atk": 70, "def": 90, "spa": 145, "spd": 75, "spe": 43}, "stats": {"hp": 263, "atk": 121, "def": 197, "spa": 288, "spd": 172, "spe": 119}, "types": ["Bug", "Electric"]}, "Flapple": {"name": "Flapple", "species": "Flapple", "speciesId": "flapple", "gender": "M", "shiny": false, "level": 88, "moves": ["gravapple", "terablast", "outrage", "dragondance"], "ability": "Hustle", "evs": {"hp": 85, "atk": 85, "def": 85, "spa": 85, "spd": 85, "spe": 85}, "ivs": {"hp": 31, "atk": 31, "def": 31, "spa": 31, "spd": 31, "spe": 31}, "item": "Wide Lens", "teraType": "Fire", "role": "Tera Blast user", "bvs": {"hp": 70, "atk": 110, "def": 80, "spa": 95, "spd": 60, "spe": 70}, "stats": {"hp": 266, "atk": 244, "def": 191, "spa": 217, "spd": 156, "spe": 173}, "types": ["Grass", "Dragon"]}, "Iron Boulder": {"name": "Iron Boulder", "species": "Iron Boulder", "speciesId": "ironboulder", "gender": "N", "shiny": false, "level": 77, "moves": ["zenheadbutt", "swordsdance", "mightycleave", "closecombat"], "ability": "Quark Drive", "evs": {"hp": 85, "atk": 85, "def": 85, "spa": 85, "spd": 85, "spe": 85}, "ivs": {"hp": 31, "atk": 31, "def": 31, "spa": 31, "spd": 31, "spe": 31}, "item": "Life Orb", "teraType": "Fighting", "role": "Setup Sweeper", "bvs": {"hp": 90, "atk": 120, "def": 80, "spa": 68, "spd": 108, "spe": 124}, "stats": {"hp": 265, "atk": 229, "def": 168, "spa": 149, "spd": 211, "spe": 236}, "types": ["Rock", "Psychic"]}}]}