{"id": "gen9randombattle-2641212286", "format": "[Gen 9] Random Battle", "players": ["diegohha", "jeanpilopez"], "log": "|j|\u2606diegohha\n|j|\u2606jeanpilopez\n|html|<table width=\"100%\"><tr><td align=\"left\">diegohha</td><td align=\"right\">jeanpilopez</tr><tr><td align=\"left\"><i class=\"fa fa-circle-o\"></i> <i class=\"fa fa-circle-o\"></i> </td><td align=\"right\"><i class=\"fa fa-circle-o\"></i> <i class=\"fa fa-circle-o\"></i> </tr></table>\n|uhtml|bestof|<h2><strong>Game 1</strong> of <a href=\"/game-bestof3-gen9randombattle-2641212285\">a best-of-3</a></h2>\n|t:|1782754353\n|gametype|singles\n|player|p1|diegohha|ltsurge|\n|player|p2|jeanpilopez|gambler|\n|gen|9\n|tier|[Gen 9] Random Battle\n|rule|Species Clause: Limit one of each Pok\u00e9mon\n|rule|HP Percentage Mod: HP is shown in percentages\n|rule|Sleep Clause Mod: Limit one foe put to sleep\n|rule|Illusion Level Mod: Illusion disguises the Pok\u00e9mon's true level\n|raw|<div class=\"infobox\"><details class=\"readmore\" open><summary><strong>1 custom rule:</strong></summary> Best of = 3</details></div>\n|\n|t:|1782754353\n|teamsize|p1|6\n|teamsize|p2|6\n|start\n|switch|p1a: Girafarig|Girafarig, L89, M|269/269\n|switch|p2a: Chi-Yu|Chi-Yu, L77|211/211\n|-ability|p2a: Chi-Yu|Beads of Ruin\n|turn|1\n|\n|t:|1782754408\n|-terastallize|p1a: Girafarig|Fairy\n|move|p1a: Girafarig|Nasty Plot|p1a: Girafarig\n|-boost|p1a: Girafarig|spa|2\n|move|p2a: Chi-Yu|Nasty Plot|p2a: Chi-Yu\n|-boost|p2a: Chi-Yu|spa|2\n|\n|upkeep\n|turn|2\n|\n|t:|1782754425\n|-terastallize|p2a: Chi-Yu|Fire\n|move|p1a: Girafarig|Dazzling Gleam|p2a: Chi-Yu\n|-resisted|p2a: Chi-Yu\n|-crit|p2a: Chi-Yu\n|-damage|p2a: Chi-Yu|106/211\n|move|p2a: Chi-Yu|Fire Blast|p1a: Girafarig|[miss]\n|-miss|p2a: Chi-Yu|p1a: Girafarig\n|\n|upkeep\n|turn|3\n|\n|t:|1782754434\n|move|p1a: Girafarig|Psychic|p2a: Chi-Yu\n|-damage|p2a: Chi-Yu|0 fnt\n|faint|p2a: Chi-Yu\n|\n|upkeep\n|\n|t:|1782754448\n|switch|p2a: Landorus|Landorus-Therian, L76, M|260/260\n|-ability|p2a: Landorus|Intimidate|boost\n|-unboost|p1a: Girafarig|atk|1\n|turn|4\n|\n|t:|1782754458\n|move|p1a: Girafarig|Dazzling Gleam|p2a: Landorus\n|-damage|p2a: Landorus|65/260\n|move|p2a: Landorus|Stone Edge|p1a: Girafarig\n|-damage|p1a: Girafarig|203/269\n|\n|-heal|p2a: Landorus|81/260|[from] item: Leftovers\n|upkeep\n|turn|5\n|\n|t:|1782754466\n|move|p1a: Girafarig|Dazzling Gleam|p2a: Landorus\n|-damage|p2a: Landorus|0 fnt\n|faint|p2a: Landorus\n|\n|upkeep\n|\n|t:|1782754473\n|switch|p2a: Grumpig|Grumpig, L92, M|297/297\n|turn|6\n|\n|t:|1782754485\n|move|p1a: Girafarig|Shadow Ball|p2a: Grumpig\n|-supereffective|p2a: Grumpig\n|-damage|p2a: Grumpig|123/297\n|-unboost|p2a: Grumpig|spd|1\n|move|p2a: Grumpig|Shadow Ball|p1a: Girafarig\n|-damage|p1a: Girafarig|128/269\n|\n|upkeep\n|turn|7\n|\n|t:|1782754494\n|switch|p2a: Houndoom|Houndoom, L87, M|272/272\n|move|p1a: Girafarig|Shadow Ball|p2a: Houndoom\n|-resisted|p2a: Houndoom\n|-damage|p2a: Houndoom|212/272\n|\n|upkeep\n|turn|8\n|\n|t:|1782754502\n|move|p2a: Houndoom|Sludge Bomb|p1a: Girafarig\n|-supereffective|p1a: Girafarig\n|-damage|p1a: Girafarig|18/269\n|move|p1a: Girafarig|Dazzling Gleam|p2a: Houndoom\n|-damage|p2a: Houndoom|16/272\n|\n|upkeep\n|turn|9\n|\n|t:|1782754512\n|switch|p1a: Probopass|Probopass, L91, F|257/257\n|move|p2a: Houndoom|Sludge Bomb|p1a: Probopass\n|-immune|p1a: Probopass\n|\n|upkeep\n|turn|10\n|\n|t:|1782754524\n|move|p2a: Houndoom|Nasty Plot|p2a: Houndoom\n|-boost|p2a: Houndoom|spa|2\n|move|p1a: Probopass|Body Press|p2a: Houndoom\n|-supereffective|p2a: Houndoom\n|-damage|p2a: Houndoom|0 fnt\n|faint|p2a: Houndoom\n|\n|upkeep\n|\n|t:|1782754536\n|switch|p2a: Snorlax|Snorlax, L82, F|397/397\n|turn|11\n|\n|t:|1782754541\n|move|p1a: Probopass|Thunder Wave|p2a: Snorlax|[miss]\n|-miss|p1a: Probopass|p2a: Snorlax\n|move|p2a: Snorlax|Earthquake|p1a: Probopass\n|-supereffective|p1a: Probopass\n|-damage|p1a: Probopass|69/257\n|\n|-heal|p1a: Probopass|85/257|[from] item: Leftovers\n|upkeep\n|turn|12\n|\n|t:|1782754552\n|switch|p2a: Raging Bolt|Raging Bolt, L78|323/323\n|-enditem|p2a: Raging Bolt|Booster Energy\n|-activate|p2a: Raging Bolt|ability: Protosynthesis|[fromitem]\n|-start|p2a: Raging Bolt|protosynthesisspa\n|move|p1a: Probopass|Thunder Wave|p2a: Raging Bolt\n|-immune|p2a: Raging Bolt\n|\n|-heal|p1a: Probopass|101/257|[from] item: Leftovers\n|upkeep\n|turn|13\n|\n|t:|1782754562\n|move|p2a: Raging Bolt|Calm Mind|p2a: Raging Bolt\n|-boost|p2a: Raging Bolt|spa|1\n|-boost|p2a: Raging Bolt|spd|1\n|move|p1a: Probopass|Body Press|p2a: Raging Bolt\n|-crit|p2a: Raging Bolt\n|-damage|p2a: Raging Bolt|177/323\n|\n|-heal|p1a: Probopass|117/257|[from] item: Leftovers\n|upkeep\n|turn|14\n|\n|t:|1782754575\n|move|p2a: Raging Bolt|Thunderbolt|p1a: Probopass\n|-damage|p1a: Probopass|0 fnt\n|faint|p1a: Probopass\n|\n|upkeep\n|\n|t:|1782754582\n|switch|p1a: Gastrodon|Gastrodon, L86, F|331/331\n|turn|15\n|\n|t:|1782754590\n|move|p2a: Raging Bolt|Dragon Pulse|p1a: Gastrodon\n|-damage|p1a: Gastrodon|138/331\n|move|p1a: Gastrodon|Stealth Rock|p2a: Raging Bolt\n|-sidestart|p2: jeanpilopez|move: Stealth Rock\n|\n|-heal|p1a: Gastrodon|158/331|[from] item: Leftovers\n|upkeep\n|turn|16\n|\n|t:|1782754610\n|switch|p1a: Barraskewda|Barraskewda, L81, F|231/231\n|move|p2a: Raging Bolt|Dragon Pulse|p1a: Barraskewda\n|-damage|p1a: Barraskewda|0 fnt\n|faint|p1a: Barraskewda\n|\n|upkeep\n|\n|t:|1782754617\n|switch|p1a: Dragalge|Dragalge, L88, M|258/258\n|turn|17\n|\n|t:|1782754623\n|move|p2a: Raging Bolt|Dragon Pulse|p1a: Dragalge\n|-supereffective|p1a: Dragalge\n|-damage|p1a: Dragalge|0 fnt\n|faint|p1a: Dragalge\n|\n|upkeep\n|\n|t:|1782754630\n|switch|p1a: Girafarig|Girafarig, L89, M, tera:Fairy|18/269\n|turn|18\n|\n|t:|1782754633\n|move|p2a: Raging Bolt|Thunderclap|p1a: Girafarig\n|-damage|p1a: Girafarig|0 fnt\n|faint|p1a: Girafarig\n|\n|upkeep\n|\n|t:|1782754636\n|switch|p1a: Volbeat|Volbeat, L90, M|263/263\n|turn|19\n|\n|t:|1782754641\n|move|p1a: Volbeat|Lunge|p2a: Raging Bolt\n|-crit|p2a: Raging Bolt\n|-damage|p2a: Raging Bolt|57/323\n|-unboost|p2a: Raging Bolt|atk|1\n|move|p2a: Raging Bolt|Dragon Pulse|p1a: Volbeat\n|-damage|p1a: Volbeat|56/263\n|\n|upkeep\n|turn|20\n|\n|t:|1782754649\n|move|p2a: Raging Bolt|Thunderclap|p1a: Volbeat\n|-damage|p1a: Volbeat|0 fnt\n|faint|p1a: Volbeat\n|\n|upkeep\n|\n|t:|1782754651\n|switch|p1a: Gastrodon|Gastrodon, L86, F|158/331\n|turn|21\n|\n|t:|1782754655\n|move|p2a: Raging Bolt|Dragon Pulse|p1a: Gastrodon\n|-damage|p1a: Gastrodon|0 fnt\n|faint|p1a: Gastrodon\n|\n|win|jeanpilopez\n||diegohha is ready for game 2.\n", "inputlog": ">version f8ac14003a5f27e1bdc8d8c59608a773c1cb96e5\n>start {\"formatid\":\"gen9randombattle@@@Best of = 3\",\"seed\":\"sodium,197f4b29e8d71fd73b1c61b90cd01305\"}\n>player p1 {\"name\":\"diegohha\",\"avatar\":\"ltsurge\",\"rating\":0,\"seed\":\"sodium,919190c159cdf068d730b56cabcbf5d5\"}\n>player p2 {\"name\":\"jeanpilopez\",\"avatar\":\"gambler\",\"rating\":0,\"seed\":\"sodium,9e27863403a0afe7d05a0845aa20df08\"}\n>p1 move nastyplot terastallize\n>p2 move nastyplot\n>p1 move dazzlinggleam\n>p2 move fireblast terastallize\n>p1 move psychic\n>p2 move fireblast\n>p2 switch 4\n>p1 move dazzlinggleam\n>p2 move stoneedge\n>p1 move dazzlinggleam\n>p2 move earthquake\n>p2 switch 2\n>p1 move shadowball\n>p2 move shadowball\n>p1 move shadowball\n>p2 switch 5\n>p1 move dazzlinggleam\n>p2 move sludgebomb\n>p1 switch 4\n>p2 move sludgebomb\n>p1 move bodypress\n>p2 move nastyplot\n>p2 switch 3\n>p1 move thunderwave\n>p2 move earthquake\n>p1 move thunderwave\n>p2 switch 6\n>p1 move bodypress\n>p2 move calmmind\n>p1 move bodypress\n>p2 move thunderbolt\n>p1 switch 5\n>p1 move stealthrock\n>p2 move dragonpulse\n>p1 switch 3\n>p2 move dragonpulse\n>p1 switch 6\n>p1 move dracometeor\n>p2 move dragonpulse\n>p1 switch 4\n>p1 move dazzlinggleam\n>p2 move thunderclap\n>p1 switch 2\n>p1 move lunge\n>p2 move dragonpulse\n>p1 move lunge\n>p2 move thunderclap\n>p1 switch 3\n>p1 move recover\n>p2 move dragonpulse", "uploadtime": 1782754660, "views": 5, "formatid": "gen9randombattle", "rating": null, "private": 0, "password": null, "player_dets": [{"name": "diegohha", "avatar": "ltsurge", "rating": 0, "seed": "sodium,919190c159cdf068d730b56cabcbf5d5"}, {"name": "jeanpilopez", "avatar": "gambler", "rating": 0, "seed": "sodium,9e27863403a0afe7d05a0845aa20df08"}], "teams_full": [{"Girafarig": {"name": "Girafarig", "species": "Girafarig", "speciesId": "girafarig", "gender": "M", "shiny": false, "level": 89, "moves": ["psychic", "nastyplot", "dazzlinggleam", "shadowball"], "ability": "Sap Sipper", "evs": {"hp": 85, "atk": 0, "def": 85, "spa": 85, "spd": 85, "spe": 85}, "ivs": {"hp": 31, "atk": 0, "def": 31, "spa": 31, "spd": 31, "spe": 31}, "item": "Eviolite", "teraType": "Fairy", "role": "Bulky Setup", "bvs": {"hp": 70, "atk": 80, "def": 65, "spa": 90, "spd": 65, "spe": 85}, "stats": {"hp": 269, "atk": 147, "def": 166, "spa": 211, "spd": 166, "spe": 202}, "types": ["Normal", "Psychic"]}, "Volbeat": {"name": "Volbeat", "species": "Volbeat", "speciesId": "volbeat", "gender": "M", "shiny": false, "level": 90, "moves": ["thunderwave", "encore", "lunge", "roost"], "ability": "Prankster", "evs": {"hp": 85, "atk": 85, "def": 85, "spa": 85, "spd": 85, "spe": 85}, "ivs": {"hp": 31, "atk": 31, "def": 31, "spa": 31, "spd": 31, "spe": 31}, "item": "Heavy-Duty Boots", "teraType": "Steel", "role": "Bulky Attacker", "bvs": {"hp": 65, "atk": 73, "def": 75, "spa": 47, "spd": 85, "spe": 85}, "stats": {"hp": 263, "atk": 183, "def": 186, "spa": 136, "spd": 204, "spe": 204}, "types": ["Bug"]}, "Barraskewda": {"name": "Barraskewda", "species": "Barraskewda", "speciesId": "barraskewda", "gender": "F", "shiny": false, "level": 81, "moves": ["throatchop", "flipturn", "closecombat", "waterfall"], "ability": "Swift Swim", "evs": {"hp": 85, "atk": 85, "def": 85, "spa": 85, "spd": 85, "spe": 85}, "ivs": {"hp": 31, "atk": 31, "def": 31, "spa": 31, "spd": 31, "spe": 31}, "item": "Choice Band", "teraType": "Water", "role": "Wallbreaker", "bvs": {"hp": 61, "atk": 123, "def": 60, "spa": 60, "spd": 50, "spe": 136}, "stats": {"hp": 231, "atk": 246, "def": 144, "spa": 144, "spd": 128, "spe": 267}, "types": ["Water"]}, "Probopass": {"name": "Probopass", "species": "Probopass", "speciesId": "probopass", "gender": "F", "shiny": false, "level": 91, "moves": ["bodypress", "thunderwave", "flashcannon", "irondefense"], "ability": "Magnet Pull", "evs": {"hp": 85, "atk": 0, "def": 85, "spa": 85, "spd": 85, "spe": 85}, "ivs": {"hp": 31, "atk": 0, "def": 31, "spa": 31, "spd": 31, "spe": 31}, "item": "Leftovers", "teraType": "Fighting", "role": "Bulky Setup", "bvs": {"hp": 60, "atk": 55, "def": 145, "spa": 75, "spd": 150, "spe": 40}, "stats": {"hp": 257, "atk": 105, "def": 316, "spa": 188, "spd": 325, "spe": 125}, "types": ["Rock", "Steel"]}, "Gastrodon": {"name": "Gastrodon", "species": "Gastrodon", "speciesId": "gastrodon", "gender": "F", "shiny": false, "level": 86, "moves": ["stealthrock", "recover", "earthquake", "surf"], "ability": "Storm Drain", "evs": {"hp": 85, "atk": 85, "def": 85, "spa": 85, "spd": 85, "spe": 85}, "ivs": {"hp": 31, "atk": 31, "def": 31, "spa": 31, "spd": 31, "spe": 31}, "item": "Leftovers", "teraType": "Poison", "role": "Bulky Support", "bvs": {"hp": 111, "atk": 83, "def": 68, "spa": 92, "spd": 82, "spe": 39}, "stats": {"hp": 331, "atk": 192, "def": 166, "spa": 207, "spd": 190, "spe": 116}, "types": ["Water", "Ground"]}, "Dragalge": {"name": "Dragalge", "species": "Dragalge", "speciesId": "dragalge", "gender": "M", "shiny": false, "level": 88, "moves": ["sludgewave", "dracometeor", "toxicspikes", "focusblast"], "ability": "Adaptability", "evs": {"hp": 85, "atk": 0, "def": 85, "spa": 85, "spd": 85, "spe": 85}, "ivs": {"hp": 31, "atk": 0, "def": 31, "spa": 31, "spd": 31, "spe": 31}, "item": "Leftovers", "teraType": "Fighting", "role": "Bulky Attacker", "bvs": {"hp": 65, "atk": 75, "def": 90, "spa": 97, "spd": 123, "spe": 44}, "stats": {"hp": 258, "atk": 137, "def": 209, "spa": 221, "spd": 267, "spe": 128}, "types": ["Poison", "Dragon"]}}, {"Chi-Yu": {"name": "Chi-Yu", "species": "Chi-Yu", "speciesId": "chiyu", "gender": "N", "shiny": false, "level": 77, "moves": ["fireblast", "darkpulse", "psychic", "nastyplot"], "ability": "Beads of Ruin", "evs": {"hp": 85, "atk": 0, "def": 85, "spa": 85, "spd": 85, "spe": 85}, "ivs": {"hp": 31, "atk": 0, "def": 31, "spa": 31, "spd": 31, "spe": 31}, "item": "Heavy-Duty Boots", "teraType": "Fire", "role": "Setup Sweeper", "bvs": {"hp": 55, "atk": 80, "def": 80, "spa": 135, "spd": 120, "spe": 100}, "stats": {"hp": 211, "atk": 128, "def": 168, "spa": 252, "spd": 229, "spe": 199}, "types": ["Dark", "Fire"]}, "Grumpig": {"name": "Grumpig", "species": "Grumpig", "speciesId": "grumpig", "gender": "M", "shiny": false, "level": 92, "moves": ["psychic", "focusblast", "earthpower", "shadowball"], "ability": "Thick Fat", "evs": {"hp": 85, "atk": 0, "def": 85, "spa": 85, "spd": 85, "spe": 85}, "ivs": {"hp": 31, "atk": 0, "def": 31, "spa": 31, "spd": 31, "spe": 31}, "item": "Choice Specs", "teraType": "Ghost", "role": "Bulky Attacker", "bvs": {"hp": 80, "atk": 45, "def": 65, "spa": 90, "spd": 110, "spe": 80}, "stats": {"hp": 297, "atk": 87, "def": 172, "spa": 218, "spd": 255, "spe": 200}, "types": ["Psychic"]}, "Snorlax": {"name": "Snorlax", "species": "Snorlax", "speciesId": "snorlax", "gender": "F", "shiny": false, "level": 82, "moves": ["bodyslam", "curse", "earthquake", "crunch"], "ability": "Thick Fat", "evs": {"hp": 85, "atk": 85, "def": 85, "spa": 85, "spd": 85, "spe": 85}, "ivs": {"hp": 31, "atk": 31, "def": 31, "spa": 31, "spd": 31, "spe": 31}, "item": "Leftovers", "teraType": "Ground", "role": "Bulky Setup", "bvs": {"hp": 160, "atk": 110, "def": 65, "spa": 65, "spd": 110, "spe": 30}, "stats": {"hp": 397, "atk": 228, "def": 154, "spa": 154, "spd": 228, "spe": 96}, "types": ["Normal"]}, "Landorus": {"name": "Landorus", "species": "Landorus-Therian", "speciesId": "landorustherian", "gender": "M", "shiny": false, "level": 76, "moves": ["uturn", "earthquake", "taunt", "stoneedge"], "ability": "Intimidate", "evs": {"hp": 85, "atk": 85, "def": 85, "spa": 85, "spd": 85, "spe": 85}, "ivs": {"hp": 31, "atk": 31, "def": 31, "spa": 31, "spd": 31, "spe": 31}, "item": "Leftovers", "teraType": "Ground", "role": "Bulky Support", "bvs": {"hp": 89, "atk": 145, "def": 90, "spa": 105, "spd": 80, "spe": 91}, "stats": {"hp": 260, "atk": 264, "def": 181, "spa": 204, "spd": 166, "spe": 182}, "types": ["Ground", "Flying"]}, "Houndoom": {"name": "Houndoom", "species": "Houndoom", "speciesId": "houndoom", "gender": "M", "shiny": false, "level": 87, "moves": ["nastyplot", "fireblast", "sludgebomb", "darkpulse"], "ability": "Flash Fire", "evs": {"hp": 85, "atk": 0, "def": 85, "spa": 85, "spd": 85, "spe": 85}, "ivs": {"hp": 31, "atk": 0, "def": 31, "spa": 31, "spd": 31, "spe": 31}, "item": "Heavy-Duty Boots", "teraType": "Fire", "role": "Fast Attacker", "bvs": {"hp": 75, "atk": 90, "def": 50, "spa": 110, "spd": 80, "spe": 95}, "stats": {"hp": 272, "atk": 161, "def": 137, "spa": 241, "spd": 189, "spe": 215}, "types": ["Dark", "Fire"]}, "Raging Bolt": {"name": "Raging Bolt", "species": "Raging Bolt", "speciesId": "ragingbolt", "gender": "N", "shiny": false, "level": 78, "moves": ["thunderbolt", "dragonpulse", "calmmind", "thunderclap"], "ability": "Protosynthesis", "evs": {"hp": 85, "atk": 0, "def": 85, "spa": 85, "spd": 85, "spe": 85}, "ivs": {"hp": 31, "atk": 0, "def": 31, "spa": 31, "spd": 31, "spe": 31}, "item": "Booster Energy", "teraType": "Electric", "role": "Fast Bulky Setup", "bvs": {"hp": 125, "atk": 73, "def": 91, "spa": 137, "spd": 89, "spe": 75}, "stats": {"hp": 323, "atk": 118, "def": 187, "spa": 259, "spd": 184, "spe": 162}, "types": ["Electric", "Dragon"]}}]}