{"id": "gen9randombattle-2641731163", "format": "[Gen 9] Random Battle", "players": ["mztmztmzt123", "bugcatcher314"], "log": "|j|\u2606mztmztmzt123\n|j|\u2606bugcatcher314\n|t:|1782835194\n|gametype|singles\n|player|p1|mztmztmzt123|2|2139\n|player|p2|bugcatcher314|170|2074\n|gen|9\n|tier|[Gen 9] Random Battle\n|rated|\n|rule|Species Clause: Limit one of each Pok\u00e9mon\n|rule|HP Percentage Mod: HP is shown in percentages\n|rule|Sleep Clause Mod: Limit one foe put to sleep\n|rule|Illusion Level Mod: Illusion disguises the Pok\u00e9mon's true level\n|\n|t:|1782835194\n|teamsize|p1|6\n|teamsize|p2|6\n|start\n|switch|p1a: Sinistcha|Sinistcha-Masterpiece, L83|254/254\n|switch|p2a: Abomasnow|Abomasnow, L84, M|287/287\n|-weather|Snowscape|[from] ability: Snow Warning|[of] p2a: Abomasnow\n|turn|1\n|inactive|Battle timer is ON: inactive players will automatically lose when time's up. (requested by bugcatcher314)\n|\n|t:|1782835203\n|switch|p1a: Glastrier|Glastrier, L86|312/312\n|move|p2a: Abomasnow|Blizzard|p1a: Glastrier\n|-resisted|p1a: Glastrier\n|-damage|p1a: Glastrier|267/312\n|\n|-weather|Snowscape|[upkeep]\n|upkeep\n|turn|2\n|\n|t:|1782835207\n|move|p2a: Abomasnow|Aurora Veil|p2a: Abomasnow\n|-sidestart|p2: bugcatcher314|move: Aurora Veil\n|move|p1a: Glastrier|Swords Dance|p1a: Glastrier\n|-boost|p1a: Glastrier|atk|2\n|\n|-weather|Snowscape|[upkeep]\n|upkeep\n|turn|3\n|\n|t:|1782835226\n|switch|p2a: Phione|Phione, L91|293/293\n|move|p1a: Glastrier|Heavy Slam|p2a: Phione\n|-resisted|p2a: Phione\n|-damage|p2a: Phione|236/293\n|\n|-weather|Snowscape|[upkeep]\n|-heal|p2a: Phione|254/293|[from] item: Leftovers\n|upkeep\n|turn|4\n|\n|t:|1782835234\n|switch|p1a: Dedenne|Dedenne, L88, M|261/261\n|move|p2a: Phione|Scald|p1a: Dedenne\n|-damage|p1a: Dedenne|158/261\n|-status|p1a: Dedenne|brn\n|\n|-weather|Snowscape|[upkeep]\n|-heal|p2a: Phione|272/293|[from] item: Leftovers\n|-damage|p1a: Dedenne|142/261 brn|[from] brn\n|upkeep\n|turn|5\n|\n|t:|1782835240\n|move|p1a: Dedenne|Super Fang|p2a: Phione\n|-damage|p2a: Phione|136/293\n|move|p2a: Phione|Take Heart|p2a: Phione\n|-boost|p2a: Phione|spa|1\n|-boost|p2a: Phione|spd|1\n|\n|-weather|none\n|-heal|p2a: Phione|154/293|[from] item: Leftovers\n|-damage|p1a: Dedenne|126/261 brn|[from] brn\n|upkeep\n|-enditem|p1a: Dedenne|Sitrus Berry|[eat]\n|-heal|p1a: Dedenne|191/261 brn|[from] item: Sitrus Berry\n|-heal|p1a: Dedenne|261/261 brn|[from] ability: Cheek Pouch\n|turn|6\n|\n|t:|1782835253\n|move|p1a: Dedenne|Super Fang|p2a: Phione\n|-damage|p2a: Phione|77/293\n|move|p2a: Phione|Rest|p2a: Phione\n|-status|p2a: Phione|slp|[from] move: Rest\n|-heal|p2a: Phione|293/293 slp|[silent]\n|\n|-damage|p1a: Dedenne|245/261 brn|[from] brn\n|upkeep\n|turn|7\n|\n|t:|1782835259\n|move|p1a: Dedenne|Super Fang|p2a: Phione\n|-damage|p2a: Phione|147/293 slp\n|cant|p2a: Phione|slp\n|move|p2a: Phione|Sleep Talk|p2a: Phione\n|move|p2a: Phione|Rest||[from] move: Sleep Talk|[still]\n|-fail|p2a: Phione\n|\n|-heal|p2a: Phione|165/293 slp|[from] item: Leftovers\n|-damage|p1a: Dedenne|229/261 brn|[from] brn\n|upkeep\n|turn|8\n|\n|t:|1782835262\n|move|p1a: Dedenne|Thunderbolt|p2a: Phione\n|-supereffective|p2a: Phione\n|-damage|p2a: Phione|102/293 slp\n|cant|p2a: Phione|slp\n|move|p2a: Phione|Sleep Talk|p2a: Phione\n|move|p2a: Phione|Scald|p1a: Dedenne|[from] move: Sleep Talk\n|-damage|p1a: Dedenne|90/261 brn\n|\n|-heal|p2a: Phione|120/293 slp|[from] item: Leftovers\n|-damage|p1a: Dedenne|74/261 brn|[from] brn\n|upkeep\n|turn|9\n|\n|t:|1782835275\n|move|p1a: Dedenne|Thunderbolt|p2a: Phione\n|-supereffective|p2a: Phione\n|-damage|p2a: Phione|59/293 slp\n|-curestatus|p2a: Phione|slp|[msg]\n|move|p2a: Phione|Scald|p1a: Dedenne\n|-damage|p1a: Dedenne|0 fnt\n|faint|p1a: Dedenne\n|\n|-heal|p2a: Phione|77/293|[from] item: Leftovers\n|-sideend|p2: bugcatcher314|move: Aurora Veil\n|upkeep\n|inactive|mztmztmzt123 has 120 seconds left.\n|\n|t:|1782835307\n|switch|p1a: Raikou|Raikou, L81|278/278\n|-ability|p1a: Raikou|Pressure\n|turn|10\n|\n|t:|1782835323\n|switch|p2a: Abomasnow|Abomasnow, L84, M|287/287\n|-weather|Snowscape|[from] ability: Snow Warning|[of] p2a: Abomasnow\n|move|p1a: Raikou|Volt Switch|p2a: Abomasnow\n|-resisted|p2a: Abomasnow\n|-damage|p2a: Abomasnow|227/287\n|inactive|mztmztmzt123 has 120 seconds left.\n|\n|t:|1782835344\n|switch|p1a: Glastrier|Glastrier, L86|267/312|[from] Volt Switch\n|\n|-weather|Snowscape|[upkeep]\n|upkeep\n|turn|11\n|\n|t:|1782835349\n|move|p2a: Abomasnow|Aurora Veil|p2a: Abomasnow\n|-sidestart|p2: bugcatcher314|move: Aurora Veil\n|move|p1a: Glastrier|Swords Dance|p1a: Glastrier\n|-boost|p1a: Glastrier|atk|2\n|\n|-weather|Snowscape|[upkeep]\n|upkeep\n|turn|12\n|\n|t:|1782835359\n|switch|p2a: Skarmory|Skarmory, L80, F|235/235\n|move|p1a: Glastrier|Close Combat|p2a: Skarmory\n|-damage|p2a: Skarmory|140/235\n|-unboost|p1a: Glastrier|def|1\n|-unboost|p1a: Glastrier|spd|1\n|\n|-weather|Snowscape|[upkeep]\n|-heal|p2a: Skarmory|154/235|[from] item: Leftovers\n|upkeep\n|turn|13\n|\n|t:|1782835363\n|move|p2a: Skarmory|Body Press|p1a: Glastrier\n|-supereffective|p1a: Glastrier\n|-damage|p1a: Glastrier|173/312\n|move|p1a: Glastrier|Swords Dance|p1a: Glastrier\n|-boost|p1a: Glastrier|atk|2\n|\n|-weather|Snowscape|[upkeep]\n|-heal|p2a: Skarmory|168/235|[from] item: Leftovers\n|upkeep\n|turn|14\n|\n|t:|1782835371\n|move|p2a: Skarmory|Spikes|p1a: Glastrier\n|-sidestart|p1: mztmztmzt123|Spikes\n|move|p1a: Glastrier|Icicle Crash|p2a: Skarmory\n|-damage|p2a: Skarmory|23/235\n|\n|-weather|none\n|-heal|p2a: Skarmory|37/235|[from] item: Leftovers\n|upkeep\n|turn|15\n|\n|t:|1782835378\n|move|p2a: Skarmory|Body Press|p1a: Glastrier\n|-supereffective|p1a: Glastrier\n|-damage|p1a: Glastrier|31/312\n|move|p1a: Glastrier|Close Combat|p2a: Skarmory\n|-crit|p2a: Skarmory\n|-damage|p2a: Skarmory|0 fnt\n|-unboost|p1a: Glastrier|def|1\n|-unboost|p1a: Glastrier|spd|1\n|faint|p2a: Skarmory\n|-ability|p1a: Glastrier|Chilling Neigh|boost\n|-boost|p1a: Glastrier|atk|1\n|\n|upkeep\n|\n|t:|1782835385\n|switch|p2a: Phione|Phione, L91|77/293\n|turn|16\n|\n|t:|1782835388\n|move|p2a: Phione|Scald|p1a: Glastrier\n|-damage|p1a: Glastrier|0 fnt\n|faint|p1a: Glastrier\n|\n|-heal|p2a: Phione|95/293|[from] item: Leftovers\n|upkeep\n|\n|t:|1782835391\n|switch|p1a: Raikou|Raikou, L81|278/278\n|-damage|p1a: Raikou|244/278|[from] Spikes\n|-ability|p1a: Raikou|Pressure\n|turn|17\n|\n|t:|1782835403\n|switch|p2a: Abomasnow|Abomasnow, L84, M|227/287\n|-weather|Snowscape|[from] ability: Snow Warning|[of] p2a: Abomasnow\n|move|p1a: Raikou|Volt Switch|p2a: Abomasnow\n|-resisted|p2a: Abomasnow\n|-damage|p2a: Abomasnow|197/287\n|\n|t:|1782835430\n|switch|p1a: Kingambit|Kingambit, L74, M|270/270|[from] Volt Switch\n|-damage|p1a: Kingambit|237/270|[from] Spikes\n|-activate|p1a: Kingambit|ability: Supreme Overlord\n|-start|p1a: Kingambit|fallen2|[silent]\n|\n|-weather|Snowscape|[upkeep]\n|-heal|p1a: Kingambit|253/270|[from] item: Leftovers\n|upkeep\n|turn|18\n|\n|t:|1782835450\n|move|p2a: Abomasnow|Earthquake|p1a: Kingambit\n|-supereffective|p1a: Kingambit\n|-damage|p1a: Kingambit|137/270\n|move|p1a: Kingambit|Swords Dance|p1a: Kingambit\n|-boost|p1a: Kingambit|atk|2\n|\n|-weather|Snowscape|[upkeep]\n|-heal|p1a: Kingambit|153/270|[from] item: Leftovers\n|-sideend|p2: bugcatcher314|move: Aurora Veil\n|upkeep\n|turn|19\n|inactive|mztmztmzt123 has 120 seconds left.\n|\n|t:|1782835502\n|move|p2a: Abomasnow|Aurora Veil|p2a: Abomasnow\n|-sidestart|p2: bugcatcher314|move: Aurora Veil\n|move|p1a: Kingambit|Iron Head|p2a: Abomasnow\n|-supereffective|p2a: Abomasnow\n|-crit|p2a: Abomasnow\n|-damage|p2a: Abomasnow|0 fnt\n|faint|p2a: Abomasnow\n|\n|-weather|Snowscape|[upkeep]\n|-heal|p1a: Kingambit|169/270|[from] item: Leftovers\n|upkeep\n|inactive|bugcatcher314 has 120 seconds left.\n|\n|t:|1782835544\n|switch|p2a: Pawmot|Pawmot, L80, F|243/243\n|turn|20\n|\n|t:|1782835566\n|move|p2a: Pawmot|Close Combat|p1a: Kingambit\n|-supereffective|p1a: Kingambit\n|-damage|p1a: Kingambit|0 fnt\n|-unboost|p2a: Pawmot|def|1\n|-unboost|p2a: Pawmot|spd|1\n|faint|p1a: Kingambit\n|-end|p1a: Kingambit|fallen2|[silent]\n|-damage|p2a: Pawmot|219/243|[from] item: Life Orb\n|\n|-weather|Snowscape|[upkeep]\n|upkeep\n|\n|t:|1782835572\n|switch|p1a: Espeon|Espeon, L84, M|246/246\n|-damage|p1a: Espeon|216/246|[from] Spikes\n|turn|21\n|inactive|bugcatcher314 has 120 seconds left.\n|\n|t:|1782835596\n|switch|p2a: Phione|Phione, L91|95/293\n|move|p1a: Espeon|Psychic|p2a: Phione\n|-damage|p2a: Phione|14/293\n|\n|-weather|none\n|-heal|p2a: Phione|32/293|[from] item: Leftovers\n|upkeep\n|turn|22\n|\n|t:|1782835601\n|move|p1a: Espeon|Psychic|p2a: Phione\n|-damage|p2a: Phione|0 fnt\n|faint|p2a: Phione\n|\n|upkeep\n|\n|t:|1782835605\n|switch|p2a: Oricorio|Oricorio-Sensu, L85, F|266/266\n|turn|23\n|inactive|mztmztmzt123 has 120 seconds left.\n|inactive|mztmztmzt123 has 90 seconds left.\n|\n|t:|1782835645\n|switch|p1a: Raikou|Raikou, L81|244/278\n|-damage|p1a: Raikou|210/278|[from] Spikes\n|-ability|p1a: Raikou|Pressure\n|move|p2a: Oricorio|Quiver Dance|p2a: Oricorio\n|-boost|p2a: Oricorio|spa|1\n|-boost|p2a: Oricorio|spd|1\n|-boost|p2a: Oricorio|spe|1\n|\n|upkeep\n|turn|24\n|\n|t:|1782835655\n|move|p2a: Oricorio|Revelation Dance|p1a: Raikou\n|-damage|p1a: Raikou|83/278\n|move|p1a: Raikou|Volt Switch|p2a: Oricorio\n|-supereffective|p2a: Oricorio\n|-damage|p2a: Oricorio|167/266\n|\n|t:|1782835659\n|switch|p1a: Espeon|Espeon, L84, M|216/246|[from] Volt Switch\n|-damage|p1a: Espeon|186/246|[from] Spikes\n|\n|upkeep\n|turn|25\n|\n|t:|1782835665\n|-terastallize|p1a: Espeon|Fairy\n|move|p2a: Oricorio|Quiver Dance|p2a: Oricorio\n|-boost|p2a: Oricorio|spa|1\n|-boost|p2a: Oricorio|spd|1\n|-boost|p2a: Oricorio|spe|1\n|move|p1a: Espeon|Trick|p2a: Oricorio\n|-activate|p1a: Espeon|move: Trick|[of] p2a: Oricorio\n|-item|p2a: Oricorio|Choice Specs|[from] move: Trick\n|-item|p1a: Espeon|Heavy-Duty Boots|[from] move: Trick\n|\n|upkeep\n|turn|26\n|inactive|mztmztmzt123 has 120 seconds left.\n|inactive|mztmztmzt123 has 90 seconds left.\n|\n|t:|1782835722\n|move|p2a: Oricorio|Revelation Dance|p1a: Espeon\n|-damage|p1a: Espeon|0 fnt\n|faint|p1a: Espeon\n|\n|-sideend|p2: bugcatcher314|move: Aurora Veil\n|upkeep\n|-message|mztmztmzt123 forfeited.\n|\n|win|bugcatcher314\n", "inputlog": ">version f8ac14003a5f27e1bdc8d8c59608a773c1cb96e5\n>start {\"formatid\":\"gen9randombattle\",\"seed\":\"sodium,b70dbfd80886432899d3dee167bc1eed\",\"rated\":\"Rated battle\"}\n>player p1 {\"name\":\"mztmztmzt123\",\"avatar\":\"2\",\"rating\":2139,\"seed\":\"sodium,06f4052147c52e98e9523b731127380a\"}\n>player p2 {\"name\":\"bugcatcher314\",\"avatar\":\"170\",\"rating\":2074,\"seed\":\"sodium,67daabb19016e8bb1d300c46db23078a\"}\n>p1 switch 2\n>p2 move blizzard\n>p1 move swordsdance\n>p2 move auroraveil\n>p1 move heavyslam\n>p2 switch 5\n>p1 switch 4\n>p2 move scald\n>p1 move superfang\n>p2 move takeheart\n>p1 move superfang\n>p2 move rest\n>p1 move superfang\n>p2 move sleeptalk\n>p1 move thunderbolt\n>p2 move sleeptalk\n>p1 move thunderbolt\n>p2 move scald\n>p1 switch 3\n>p1 move voltswitch\n>p2 switch 5\n>p1 switch 4\n>p1 move swordsdance\n>p2 move auroraveil\n>p1 move closecombat\n>p2 switch 4\n>p1 move swordsdance\n>p2 move bodypress\n>p1 move iciclecrash\n>p2 move spikes\n>p1 move closecombat\n>p2 move bodypress\n>p2 switch 5\n>p1 move closecombat\n>p2 move scald\n>p1 switch 4\n>p1 move voltswitch\n>p2 switch 4\n>p1 switch 5\n>p1 move swordsdance\n>p2 move earthquake\n>p1 move ironhead\n>p2 move auroraveil\n>p2 switch 2\n>p1 move kowtowcleave\n>p2 move closecombat\n>p1 switch 6\n>p1 move psychic\n>p2 switch 4\n>p1 move psychic\n>p2 move scald\n>p2 switch 6\n>p1 switch 5\n>p2 move quiverdance\n>p1 move voltswitch\n>p2 move revelationdance\n>p1 switch 5\n>p1 move trick terastallize\n>p2 move quiverdance\n>p1 move psychic\n>p2 move revelationdance\n>forcelose p1", "uploadtime": 1782835197, "views": 4, "formatid": "gen9randombattle", "rating": null, "private": 0, "password": null, "player_dets": [{"name": "mztmztmzt123", "avatar": "2", "rating": 2139, "seed": "sodium,06f4052147c52e98e9523b731127380a"}, {"name": "bugcatcher314", "avatar": "170", "rating": 2074, "seed": "sodium,67daabb19016e8bb1d300c46db23078a"}], "teams_full": [{"Sinistcha": {"name": "Sinistcha", "species": "Sinistcha-Masterpiece", "speciesId": "sinistcha", "gender": "N", "shiny": false, "level": 83, "moves": ["strengthsap", "shadowball", "matchagotcha", "calmmind"], "ability": "Heatproof", "evs": {"hp": 85, "atk": 0, "def": 85, "spa": 85, "spd": 85, "spe": 85}, "ivs": {"hp": 31, "atk": 0, "def": 31, "spa": 31, "spd": 31, "spe": 31}, "item": "Leftovers", "teraType": "Steel", "role": "Bulky Setup", "bvs": {"hp": 71, "atk": 60, "def": 106, "spa": 121, "spd": 80, "spe": 70}, "stats": {"hp": 254, "atk": 104, "def": 224, "spa": 249, "spd": 180, "spe": 164}, "types": ["Grass", "Ghost"]}, "Glastrier": {"name": "Glastrier", "species": "Glastrier", "speciesId": "glastrier", "gender": "N", "shiny": false, "level": 86, "moves": ["iciclecrash", "swordsdance", "heavyslam", "closecombat"], "ability": "Chilling Neigh", "evs": {"hp": 85, "atk": 85, "def": 85, "spa": 85, "spd": 85, "spe": 85}, "ivs": {"hp": 31, "atk": 31, "def": 31, "spa": 31, "spd": 31, "spe": 31}, "item": "Heavy-Duty Boots", "teraType": "Fighting", "role": "Bulky Attacker", "bvs": {"hp": 100, "atk": 145, "def": 130, "spa": 65, "spd": 110, "spe": 30}, "stats": {"hp": 312, "atk": 299, "def": 273, "spa": 161, "spd": 238, "spe": 101}, "types": ["Ice"]}, "Raikou": {"name": "Raikou", "species": "Raikou", "speciesId": "raikou", "gender": "N", "shiny": false, "level": 81, "moves": ["thunderbolt", "shadowball", "scald", "voltswitch"], "ability": "Pressure", "evs": {"hp": 85, "atk": 0, "def": 85, "spa": 85, "spd": 85, "spe": 85}, "ivs": {"hp": 31, "atk": 0, "def": 31, "spa": 31, "spd": 31, "spe": 31}, "item": "Choice Specs", "teraType": "Water", "role": "Bulky Attacker", "bvs": {"hp": 90, "atk": 85, "def": 75, "spa": 115, "spd": 100, "spe": 115}, "stats": {"hp": 278, "atk": 142, "def": 168, "spa": 233, "spd": 209, "spe": 233}, "types": ["Electric"]}, "Dedenne": {"name": "Dedenne", "species": "Dedenne", "speciesId": "dedenne", "gender": "M", "shiny": false, "level": 88, "moves": ["uturn", "superfang", "thunderbolt", "dazzlinggleam"], "ability": "Cheek Pouch", "evs": {"hp": 85, "atk": 85, "def": 85, "spa": 85, "spd": 85, "spe": 85}, "ivs": {"hp": 31, "atk": 31, "def": 31, "spa": 31, "spd": 31, "spe": 31}, "item": "Sitrus Berry", "teraType": "Flying", "role": "Fast Support", "bvs": {"hp": 67, "atk": 58, "def": 57, "spa": 81, "spd": 67, "spe": 101}, "stats": {"hp": 261, "atk": 152, "def": 151, "spa": 193, "spd": 168, "spe": 228}, "types": ["Electric", "Fairy"]}, "Kingambit": {"name": "Kingambit", "species": "Kingambit", "speciesId": "kingambit", "gender": "M", "shiny": false, "level": 74, "moves": ["kowtowcleave", "ironhead", "swordsdance", "suckerpunch"], "ability": "Supreme Overlord", "evs": {"hp": 85, "atk": 85, "def": 85, "spa": 85, "spd": 85, "spe": 85}, "ivs": {"hp": 31, "atk": 31, "def": 31, "spa": 31, "spd": 31, "spe": 31}, "item": "Leftovers", "teraType": "Dark", "role": "Bulky Attacker", "bvs": {"hp": 100, "atk": 135, "def": 120, "spa": 60, "spd": 85, "spe": 50}, "stats": {"hp": 270, "atk": 243, "def": 221, "spa": 132, "spd": 169, "spe": 117}, "types": ["Dark", "Steel"]}, "Espeon": {"name": "Espeon", "species": "Espeon", "speciesId": "espeon", "gender": "M", "shiny": false, "level": 84, "moves": ["shadowball", "trick", "alluringvoice", "psychic"], "ability": "Magic Bounce", "evs": {"hp": 85, "atk": 0, "def": 85, "spa": 85, "spd": 85, "spe": 85}, "ivs": {"hp": 31, "atk": 0, "def": 31, "spa": 31, "spd": 31, "spe": 31}, "item": "Choice Specs", "teraType": "Fairy", "role": "Fast Attacker", "bvs": {"hp": 65, "atk": 65, "def": 60, "spa": 130, "spd": 95, "spe": 110}, "stats": {"hp": 246, "atk": 114, "def": 149, "spa": 267, "spd": 208, "spe": 233}, "types": ["Psychic"]}}, {"Abomasnow": {"name": "Abomasnow", "species": "Abomasnow", "speciesId": "abomasnow", "gender": "M", "shiny": false, "level": 84, "moves": ["blizzard", "auroraveil", "woodhammer", "earthquake"], "ability": "Snow Warning", "evs": {"hp": 77, "atk": 85, "def": 85, "spa": 85, "spd": 85, "spe": 85}, "ivs": {"hp": 31, "atk": 31, "def": 31, "spa": 31, "spd": 31, "spe": 31}, "item": "Light Clay", "teraType": "Ghost", "role": "Bulky Support", "bvs": {"hp": 90, "atk": 92, "def": 75, "spa": 92, "spd": 85, "spe": 60}, "stats": {"hp": 287, "atk": 203, "def": 174, "spa": 203, "spd": 191, "spe": 149}, "types": ["Grass", "Ice"]}, "Pawmot": {"name": "Pawmot", "species": "Pawmot", "speciesId": "pawmot", "gender": "F", "shiny": false, "level": 80, "moves": ["doubleshock", "icepunch", "revivalblessing", "closecombat"], "ability": "Iron Fist", "evs": {"hp": 85, "atk": 85, "def": 85, "spa": 85, "spd": 85, "spe": 85}, "ivs": {"hp": 31, "atk": 31, "def": 31, "spa": 31, "spd": 31, "spe": 31}, "item": "Life Orb", "teraType": "Electric", "role": "Wallbreaker", "bvs": {"hp": 70, "atk": 115, "def": 70, "spa": 70, "spd": 60, "spe": 105}, "stats": {"hp": 243, "atk": 230, "def": 158, "spa": 158, "spd": 142, "spe": 214}, "types": ["Electric", "Fighting"]}, "Zangoose": {"name": "Zangoose", "species": "Zangoose", "speciesId": "zangoose", "gender": "M", "shiny": false, "level": 85, "moves": ["quickattack", "facade", "knockoff", "swordsdance"], "ability": "Toxic Boost", "evs": {"hp": 85, "atk": 85, "def": 85, "spa": 85, "spd": 85, "spe": 85}, "ivs": {"hp": 31, "atk": 31, "def": 31, "spa": 31, "spd": 31, "spe": 31}, "item": "Toxic Orb", "teraType": "Normal", "role": "Fast Attacker", "bvs": {"hp": 73, "atk": 115, "def": 60, "spa": 60, "spd": 60, "spe": 90}, "stats": {"hp": 263, "atk": 244, "def": 151, "spa": 151, "spd": 151, "spe": 202}, "types": ["Normal"]}, "Skarmory": {"name": "Skarmory", "species": "Skarmory", "speciesId": "skarmory", "gender": "F", "shiny": false, "level": 80, "moves": ["roost", "spikes", "bravebird", "bodypress"], "ability": "Sturdy", "evs": {"hp": 85, "atk": 85, "def": 85, "spa": 85, "spd": 85, "spe": 85}, "ivs": {"hp": 31, "atk": 31, "def": 31, "spa": 31, "spd": 31, "spe": 31}, "item": "Leftovers", "teraType": "Fighting", "role": "Bulky Attacker", "bvs": {"hp": 65, "atk": 80, "def": 140, "spa": 40, "spd": 70, "spe": 70}, "stats": {"hp": 235, "atk": 174, "def": 270, "spa": 110, "spd": 158, "spe": 158}, "types": ["Steel", "Flying"]}, "Phione": {"name": "Phione", "species": "Phione", "speciesId": "phione", "gender": "N", "shiny": false, "level": 91, "moves": ["takeheart", "rest", "scald", "sleeptalk"], "ability": "Hydration", "evs": {"hp": 85, "atk": 0, "def": 85, "spa": 85, "spd": 85, "spe": 85}, "ivs": {"hp": 31, "atk": 0, "def": 31, "spa": 31, "spd": 31, "spe": 31}, "item": "Leftovers", "teraType": "Dragon", "role": "Bulky Setup", "bvs": {"hp": 80, "atk": 80, "def": 80, "spa": 80, "spd": 80, "spe": 80}, "stats": {"hp": 293, "atk": 150, "def": 197, "spa": 197, "spd": 197, "spe": 197}, "types": ["Water"]}, "Oricorio": {"name": "Oricorio", "species": "Oricorio-Sensu", "speciesId": "oricoriosensu", "gender": "F", "shiny": false, "level": 85, "moves": ["quiverdance", "hurricane", "revelationdance", "roost"], "ability": "Dancer", "evs": {"hp": 85, "atk": 0, "def": 85, "spa": 85, "spd": 85, "spe": 85}, "ivs": {"hp": 31, "atk": 0, "def": 31, "spa": 31, "spd": 31, "spe": 31}, "item": "Heavy-Duty Boots", "teraType": "Fighting", "role": "Setup Sweeper", "bvs": {"hp": 75, "atk": 70, "def": 70, "spa": 98, "spd": 70, "spe": 93}, "stats": {"hp": 266, "atk": 124, "def": 168, "spa": 215, "spd": 168, "spe": 207}, "types": ["Ghost", "Flying"]}}]}