{"id": "gen9randombattle-2641595042", "format": "[Gen 9] Random Battle", "players": ["sarodiya", "scorching hot"], "log": "|badge|p1|bronze|gen9randombattle|100-9\n|html|<div class=\"broadcast-red\"><strong>This battle is required to be public due to one or more player having a season medal.</strong><br />During the public phase, you can discuss the state of the ladder <a href=\"/seasondiscussion\">in a special chatroom.</a></div>\n|uhtml|medal-msg|<div class=\"broadcast-blue\">Curious what those medals under the avatar are? PS now has Ladder Seasons! For more information, check out the <a href=\"https://www.smogon.com/forums/threads/3740067/\">thread on Smogon.</a></div>\n|badge|p2|bronze|gen9randombattle|100-9\n|uhtml|medal-msg|<div class=\"broadcast-blue\">Curious what those medals under the avatar are? PS now has Ladder Seasons! For more information, check out the <a href=\"https://www.smogon.com/forums/threads/3740067/\">thread on Smogon.</a></div>\n|raw|<div class=\"broadcast-blue\"><strong>This battle is required to be public due to a player having a name starting with 'medal'.</div>\n|j|\u2606sarodiya\n|j|\u2606scorching hot\n|t:|1782815317\n|gametype|singles\n|player|p1|sarodiya|265|2240\n|player|p2|scorching hot|flannery|2351\n|gen|9\n|tier|[Gen 9] Random Battle\n|rated|\n|rule|Species Clause: Limit one of each Pok\u00e9mon\n|rule|HP Percentage Mod: HP is shown in percentages\n|rule|Sleep Clause Mod: Limit one foe put to sleep\n|rule|Illusion Level Mod: Illusion disguises the Pok\u00e9mon's true level\n|\n|t:|1782815317\n|teamsize|p1|6\n|teamsize|p2|6\n|start\n|switch|p1a: Vespiquen|Vespiquen, L99, F|299/299\n|switch|p2a: Scream Tail|Scream Tail, L84|330/330\n|-ability|p1a: Vespiquen|Pressure\n|turn|1\n|inactive|Battle timer is ON: inactive players will automatically lose when time's up. (requested by sarodiya)\n|inactive|scorching hot has 120 seconds left.\n|\n|t:|1782815360\n|-end|p2a: Scream Tail|Protosynthesis|[silent]\n|switch|p2a: Regigigas|Regigigas, L84|322/322\n|-start|p2a: Regigigas|ability: Slow Start\n|move|p1a: Vespiquen|Toxic Spikes|p2a: Regigigas\n|-sidestart|p2: scorching hot|move: Toxic Spikes\n|\n|upkeep\n|turn|2\n|\n|t:|1782815368\n|move|p1a: Vespiquen|Spikes|p2a: Regigigas\n|-sidestart|p2: scorching hot|Spikes\n|move|p2a: Regigigas|Knock Off|p1a: Vespiquen\n|-damage|p1a: Vespiquen|262/299\n|-enditem|p1a: Vespiquen|Heavy-Duty Boots|[from] move: Knock Off|[of] p2a: Regigigas\n|\n|upkeep\n|turn|3\n|\n|t:|1782815384\n|switch|p1a: Sableye|Sableye, L88, M|231/231\n|move|p2a: Regigigas|Body Slam|p1a: Sableye\n|-immune|p1a: Sableye\n|\n|upkeep\n|turn|4\n|\n|t:|1782815389\n|move|p1a: Sableye|Encore|p2a: Regigigas\n|-start|p2a: Regigigas|Encore\n|move|p2a: Regigigas|Body Slam|p1a: Sableye\n|-immune|p1a: Sableye\n|\n|upkeep\n|turn|5\n|\n|t:|1782815414\n|switch|p2a: Qwilfish|Qwilfish-Hisui, L83, M|244/244\n|-sideend|p2: scorching hot|move: Toxic Spikes|[of] p2a: Qwilfish\n|-damage|p2a: Qwilfish|214/244|[from] Spikes\n|-ability|p2a: Qwilfish|Intimidate|boost\n|-unboost|p1a: Sableye|atk|1\n|move|p1a: Sableye|Knock Off|p2a: Qwilfish\n|-resisted|p2a: Qwilfish\n|-damage|p2a: Qwilfish|194/244\n|-enditem|p2a: Qwilfish|Eviolite|[from] move: Knock Off|[of] p1a: Sableye\n|\n|upkeep\n|turn|6\n|\n|t:|1782815432\n|switch|p1a: Vespiquen|Vespiquen, L99, F|262/299\n|-ability|p1a: Vespiquen|Pressure\n|move|p2a: Qwilfish|Toxic Spikes|p1a: Vespiquen\n|-sidestart|p1: sarodiya|move: Toxic Spikes\n|\n|upkeep\n|turn|7\n|inactive|scorching hot has 120 seconds left.\n|\n|t:|1782815454\n|switch|p2a: Koraidon|Koraidon, L64|235/235\n|-damage|p2a: Koraidon|206/235|[from] Spikes\n|-weather|SunnyDay|[from] ability: Orichalcum Pulse|[of] p2a: Koraidon\n|-activate|p2a: Koraidon|Orichalcum Pulse|[source]\n|move|p1a: Vespiquen|Hurricane|p2a: Koraidon|[miss]\n|-miss|p1a: Vespiquen|p2a: Koraidon\n|\n|-weather|SunnyDay|[upkeep]\n|upkeep\n|turn|8\n|\n|t:|1782815478\n|switch|p1a: Manaphy|Manaphy, L78|284/284\n|-status|p1a: Manaphy|psn\n|-terastallize|p2a: Koraidon|Fire\n|move|p2a: Koraidon|Flare Blitz|p1a: Manaphy\n|-resisted|p1a: Manaphy\n|-damage|p1a: Manaphy|188/284 psn\n|-damage|p2a: Koraidon|174/235|[from] Recoil\n|\n|-weather|SunnyDay|[upkeep]\n|-heal|p1a: Manaphy|205/284 psn|[from] item: Leftovers\n|-damage|p1a: Manaphy|170/284 psn|[from] psn\n|upkeep\n|turn|9\n|\n|t:|1782815488\n|switch|p2a: Scream Tail|Scream Tail, L84|330/330\n|-damage|p2a: Scream Tail|289/330|[from] Spikes\n|-activate|p2a: Scream Tail|ability: Protosynthesis\n|-start|p2a: Scream Tail|protosynthesisspd\n|move|p1a: Manaphy|Hydro Pump|p2a: Scream Tail\n|-damage|p2a: Scream Tail|255/330\n|\n|-weather|SunnyDay|[upkeep]\n|-heal|p2a: Scream Tail|275/330|[from] item: Leftovers\n|-heal|p1a: Manaphy|187/284 psn|[from] item: Leftovers\n|-damage|p1a: Manaphy|152/284 psn|[from] psn\n|upkeep\n|turn|10\n|inactive|scorching hot has 120 seconds left.\n|\n|t:|1782815511\n|switch|p1a: Spidops|Spidops, L96, F|271/271\n|move|p2a: Scream Tail|Thunder Wave|p1a: Spidops\n|-status|p1a: Spidops|par\n|\n|-weather|SunnyDay|[upkeep]\n|-heal|p2a: Scream Tail|295/330|[from] item: Leftovers\n|upkeep\n|turn|11\n|\n|t:|1782815518\n|-end|p2a: Scream Tail|Protosynthesis|[silent]\n|switch|p2a: Koraidon|Koraidon, L64, tera:Fire|174/235\n|-damage|p2a: Koraidon|145/235|[from] Spikes\n|-activate|p2a: Koraidon|ability: Orichalcum Pulse\n|move|p1a: Spidops|Sticky Web|p2a: Koraidon\n|-sidestart|p2: scorching hot|move: Sticky Web\n|\n|-weather|none\n|upkeep\n|turn|12\n|\n|t:|1782815537\n|move|p2a: Koraidon|Flare Blitz|p1a: Spidops\n|-supereffective|p1a: Spidops\n|-damage|p1a: Spidops|95/271 par\n|-damage|p2a: Koraidon|87/235|[from] Recoil\n|cant|p1a: Spidops|par\n|\n|upkeep\n|turn|13\n|\n|t:|1782815541\n|move|p2a: Koraidon|Flare Blitz|p1a: Spidops\n|-supereffective|p1a: Spidops\n|-crit|p1a: Spidops\n|-damage|p1a: Spidops|0 fnt\n|faint|p1a: Spidops\n|-damage|p2a: Koraidon|56/235|[from] Recoil\n|\n|upkeep\n|\n|t:|1782815549\n|switch|p1a: Manaphy|Manaphy, L78|152/284 psn\n|turn|14\n|\n|t:|1782815566\n|switch|p2a: Scream Tail|Scream Tail, L84|295/330\n|-damage|p2a: Scream Tail|254/330|[from] Spikes\n|-activate|p2a: Scream Tail|move: Sticky Web\n|-unboost|p2a: Scream Tail|spe|1\n|move|p1a: Manaphy|Hydro Pump|p2a: Scream Tail\n|-damage|p2a: Scream Tail|164/330\n|\n|-heal|p1a: Manaphy|169/284 psn|[from] item: Leftovers\n|-heal|p2a: Scream Tail|184/330|[from] item: Leftovers\n|-damage|p1a: Manaphy|134/284 psn|[from] psn\n|upkeep\n|turn|15\n|\n|t:|1782815574\n|switch|p1a: Weezing|Weezing-Galar, L86, M|252/252\n|move|p2a: Scream Tail|Wish|p2a: Scream Tail\n|\n|-heal|p2a: Scream Tail|204/330|[from] item: Leftovers\n|upkeep\n|turn|16\n|\n|t:|1782815584\n|move|p2a: Scream Tail|Protect|p2a: Scream Tail\n|-singleturn|p2a: Scream Tail|Protect\n|move|p1a: Weezing|Defog|p2a: Scream Tail\n|-activate|p2a: Scream Tail|move: Protect\n|\n|-heal|p2a: Scream Tail|330/330|[from] move: Wish|[wisher] Scream Tail\n|upkeep\n|turn|17\n|\n|t:|1782815604\n|-end|p2a: Scream Tail|Protosynthesis|[silent]\n|switch|p2a: Palossand|Palossand, L89, M|296/296\n|-damage|p2a: Palossand|259/296|[from] Spikes\n|-activate|p2a: Palossand|move: Sticky Web\n|-unboost|p2a: Palossand|spe|1\n|move|p1a: Weezing|Gunk Shot|p2a: Palossand\n|-resisted|p2a: Palossand\n|-damage|p2a: Palossand|236/296\n|\n|-heal|p2a: Palossand|254/296|[from] item: Leftovers\n|upkeep\n|turn|18\n|\n|t:|1782815609\n|move|p1a: Weezing|Strange Steam|p2a: Palossand\n|-damage|p2a: Palossand|152/296\n|move|p2a: Palossand|Shadow Ball|p1a: Weezing\n|-damage|p1a: Weezing|138/252\n|-unboost|p1a: Weezing|spd|1\n|\n|-heal|p1a: Weezing|153/252|[from] item: Leftovers\n|-heal|p2a: Palossand|170/296|[from] item: Leftovers\n|upkeep\n|turn|19\n|\n|t:|1782815613\n|switch|p1a: Sableye|Sableye, L88, M|231/231\n|-status|p1a: Sableye|psn\n|move|p2a: Palossand|Shadow Ball|p1a: Sableye\n|-damage|p1a: Sableye|113/231 psn\n|\n|-heal|p1a: Sableye|127/231 psn|[from] item: Leftovers\n|-heal|p2a: Palossand|188/296|[from] item: Leftovers\n|-damage|p1a: Sableye|99/231 psn|[from] psn\n|upkeep\n|turn|20\n|\n|t:|1782815621\n|move|p1a: Sableye|Knock Off|p2a: Palossand\n|-supereffective|p2a: Palossand\n|-damage|p2a: Palossand|32/296\n|-enditem|p2a: Palossand|Leftovers|[from] move: Knock Off|[of] p1a: Sableye\n|move|p2a: Palossand|Stealth Rock|p1a: Sableye\n|-sidestart|p1: sarodiya|move: Stealth Rock\n|\n|-heal|p1a: Sableye|113/231 psn|[from] item: Leftovers\n|-damage|p1a: Sableye|85/231 psn|[from] psn\n|upkeep\n|turn|21\n|\n|t:|1782815625\n|move|p1a: Sableye|Knock Off|p2a: Palossand\n|-supereffective|p2a: Palossand\n|-damage|p2a: Palossand|0 fnt\n|faint|p2a: Palossand\n|\n|-heal|p1a: Sableye|99/231 psn|[from] item: Leftovers\n|-damage|p1a: Sableye|71/231 psn|[from] psn\n|upkeep\n|\n|t:|1782815646\n|switch|p2a: Qwilfish|Qwilfish-Hisui, L83, M|194/244\n|-damage|p2a: Qwilfish|164/244|[from] Spikes\n|-activate|p2a: Qwilfish|move: Sticky Web\n|-unboost|p2a: Qwilfish|spe|1\n|-ability|p2a: Qwilfish|Intimidate|boost\n|-unboost|p1a: Sableye|atk|1\n|turn|22\n|\n|t:|1782815655\n|switch|p1a: Vespiquen|Vespiquen, L99, F|262/299\n|-damage|p1a: Vespiquen|113/299|[from] Stealth Rock\n|-ability|p1a: Vespiquen|Pressure\n|move|p2a: Qwilfish|Gunk Shot|p1a: Vespiquen\n|-damage|p1a: Vespiquen|19/299\n|\n|upkeep\n|turn|23\n|\n|t:|1782815682\n|switch|p2a: Regigigas|Regigigas, L84|322/322\n|-damage|p2a: Regigigas|282/322|[from] Spikes\n|-activate|p2a: Regigigas|move: Sticky Web\n|-unboost|p2a: Regigigas|spe|1\n|-start|p2a: Regigigas|ability: Slow Start\n|move|p1a: Vespiquen|Roost|p1a: Vespiquen\n|-heal|p1a: Vespiquen|169/299\n|-singleturn|p1a: Vespiquen|move: Roost\n|\n|-heal|p2a: Regigigas|302/322|[from] item: Leftovers\n|upkeep\n|turn|24\n|\n|t:|1782815691\n|move|p1a: Vespiquen|Hurricane|p2a: Regigigas\n|-damage|p2a: Regigigas|185/322\n|-start|p2a: Regigigas|confusion\n|-activate|p2a: Regigigas|confusion\n|move|p2a: Regigigas|Body Slam|p1a: Vespiquen\n|-damage|p1a: Vespiquen|112/299\n|-status|p1a: Vespiquen|par\n|\n|-heal|p2a: Regigigas|205/322|[from] item: Leftovers\n|upkeep\n|turn|25\n|\n|t:|1782815700\n|-activate|p2a: Regigigas|confusion\n|move|p2a: Regigigas|Rest|p2a: Regigigas\n|-status|p2a: Regigigas|slp|[from] move: Rest\n|-heal|p2a: Regigigas|322/322 slp|[silent]\n|cant|p1a: Vespiquen|par\n|\n|upkeep\n|turn|26\n|\n|t:|1782815705\n|cant|p2a: Regigigas|slp\n|-end|p2a: Regigigas|confusion\n|move|p2a: Regigigas|Sleep Talk|p2a: Regigigas\n|move|p2a: Regigigas|Knock Off|p1a: Vespiquen|[from] move: Sleep Talk\n|-damage|p1a: Vespiquen|85/299 par\n|cant|p1a: Vespiquen|par\n|\n|upkeep\n|turn|27\n|\n|t:|1782815712\n|cant|p2a: Regigigas|slp\n|move|p2a: Regigigas|Sleep Talk|p2a: Regigigas\n|move|p2a: Regigigas|Rest||[from] move: Sleep Talk|[still]\n|-fail|p2a: Regigigas\n|cant|p1a: Vespiquen|par\n|\n|upkeep\n|turn|28\n|\n|t:|1782815716\n|-curestatus|p2a: Regigigas|slp|[msg]\n|move|p2a: Regigigas|Body Slam|p1a: Vespiquen\n|-crit|p1a: Vespiquen\n|-damage|p1a: Vespiquen|10/299 par\n|cant|p1a: Vespiquen|par\n|\n|-end|p2a: Regigigas|Slow Start\n|upkeep\n|turn|29\n|\n|t:|1782815733\n|move|p2a: Regigigas|Knock Off|p1a: Vespiquen\n|-damage|p1a: Vespiquen|0 fnt\n|faint|p1a: Vespiquen\n|\n|upkeep\n|-message|sarodiya forfeited.\n|\n|win|scorching hot\n|raw|sarodiya's rating: 2240 &rarr; <strong>2226</strong><br />(-14 for losing)\n|raw|scorching hot's rating: 2351 &rarr; <strong>2365</strong><br />(+14 for winning)\n", "inputlog": ">version f8ac14003a5f27e1bdc8d8c59608a773c1cb96e5\n>start {\"formatid\":\"gen9randombattle\",\"seed\":\"sodium,5ba98ec21bfd0a4c0013933bb61a810e\",\"rated\":\"Rated battle\"}\n>player p1 {\"name\":\"sarodiya\",\"avatar\":\"265\",\"rating\":2240,\"seed\":\"sodium,7579d0427b4b15b719448425a28176e3\"}\n>player p2 {\"name\":\"scorching hot\",\"avatar\":\"flannery\",\"rating\":2351,\"seed\":\"sodium,9c748a817aded12b8907b10179822ea3\"}\n>p1 move toxicspikes\n>p2 switch 2\n>p1 move spikes\n>p2 move knockoff\n>p1 switch 5\n>p2 move bodyslam\n>p1 move encore\n>p2 move knockoff\n>p1 move knockoff\n>p2 switch 3\n>p1 switch 5\n>p2 move toxicspikes\n>p1 move hurricane\n>p2 switch 6\n>p1 switch 6\n>p2 move flareblitz terastallize\n>p1 move hydropump\n>p2 switch 2\n>p1 switch 3\n>p2 move thunderwave\n>p1 move stickyweb\n>p2 switch 2\n>p1 move circlethrow\n>p2 move flareblitz\n>p1 move circlethrow\n>p2 move flareblitz\n>p1 switch 3\n>p1 move hydropump\n>p2 switch 2\n>p1 switch 4\n>p2 move wish\n>p1 move defog\n>p2 move protect\n>p1 move gunkshot\n>p2 switch 4\n>p1 move strangesteam\n>p2 move shadowball\n>p1 switch 5\n>p2 move shadowball\n>p1 move knockoff\n>p2 move stealthrock\n>p1 move knockoff\n>p2 move shadowball\n>p2 switch 6\n>p1 switch 6\n>p2 move gunkshot\n>p1 move roost\n>p2 switch 3\n>p1 move hurricane\n>p2 move bodyslam\n>p1 move roost\n>p2 move rest\n>p1 move roost\n>p2 move sleeptalk\n>p1 move roost\n>p2 move sleeptalk\n>p1 move roost\n>p2 move bodyslam\n>p1 move hurricane\n>p2 move knockoff\n>forcelose p1", "uploadtime": 1782815319, "views": 4, "formatid": "gen9randombattle", "rating": 2226, "private": 0, "password": null, "player_dets": [{"name": "sarodiya", "avatar": "265", "rating": 2240, "seed": "sodium,7579d0427b4b15b719448425a28176e3"}, {"name": "scorching hot", "avatar": "flannery", "rating": 2351, "seed": "sodium,9c748a817aded12b8907b10179822ea3"}], "teams_full": [{"Vespiquen": {"name": "Vespiquen", "species": "Vespiquen", "speciesId": "vespiquen", "gender": "F", "shiny": false, "level": 99, "moves": ["roost", "toxicspikes", "spikes", "hurricane"], "ability": "Pressure", "evs": {"hp": 85, "atk": 0, "def": 85, "spa": 85, "spd": 85, "spe": 85}, "ivs": {"hp": 31, "atk": 0, "def": 31, "spa": 31, "spd": 31, "spe": 31}, "item": "Heavy-Duty Boots", "teraType": "Steel", "role": "Bulky Support", "bvs": {"hp": 70, "atk": 80, "def": 102, "spa": 80, "spd": 102, "spe": 40}, "stats": {"hp": 299, "atk": 163, "def": 258, "spa": 214, "spd": 258, "spe": 135}, "types": ["Bug", "Flying"]}, "Veluza": {"name": "Veluza", "species": "Veluza", "speciesId": "veluza", "gender": "M", "shiny": false, "level": 85, "moves": ["nightslash", "psychocut", "aquacutter", "filletaway"], "ability": "Sharpness", "evs": {"hp": 85, "atk": 85, "def": 85, "spa": 85, "spd": 85, "spe": 85}, "ivs": {"hp": 31, "atk": 31, "def": 31, "spa": 31, "spd": 31, "spe": 31}, "item": "Sitrus Berry", "teraType": "Psychic", "role": "Setup Sweeper", "bvs": {"hp": 90, "atk": 102, "def": 73, "spa": 78, "spd": 65, "spe": 70}, "stats": {"hp": 292, "atk": 222, "def": 173, "spa": 181, "spd": 159, "spe": 168}, "types": ["Water", "Psychic"]}, "Spidops": {"name": "Spidops", "species": "Spidops", "speciesId": "spidops", "gender": "F", "shiny": false, "level": 96, "moves": ["spikes", "knockoff", "stickyweb", "circlethrow"], "ability": "Stakeout", "evs": {"hp": 85, "atk": 85, "def": 85, "spa": 85, "spd": 85, "spe": 85}, "ivs": {"hp": 31, "atk": 31, "def": 31, "spa": 31, "spd": 31, "spe": 31}, "item": "Heavy-Duty Boots", "teraType": "Ghost", "role": "Bulky Support", "bvs": {"hp": 60, "atk": 79, "def": 92, "spa": 52, "spd": 86, "spe": 35}, "stats": {"hp": 271, "atk": 206, "def": 231, "spa": 154, "spd": 220, "spe": 122}, "types": ["Bug"]}, "Weezing": {"name": "Weezing", "species": "Weezing-Galar", "speciesId": "weezinggalar", "gender": "M", "shiny": false, "level": 86, "moves": ["defog", "strangesteam", "gunkshot", "fireblast"], "ability": "Levitate", "evs": {"hp": 85, "atk": 85, "def": 85, "spa": 85, "spd": 85, "spe": 85}, "ivs": {"hp": 31, "atk": 31, "def": 31, "spa": 31, "spd": 31, "spe": 31}, "item": "Leftovers", "teraType": "Steel", "role": "Bulky Support", "bvs": {"hp": 65, "atk": 90, "def": 120, "spa": 85, "spd": 70, "spe": 60}, "stats": {"hp": 252, "atk": 204, "def": 256, "spa": 195, "spd": 170, "spe": 152}, "types": ["Poison", "Fairy"]}, "Sableye": {"name": "Sableye", "species": "Sableye", "speciesId": "sableye", "gender": "M", "shiny": false, "level": 88, "moves": ["knockoff", "recover", "encore", "willowisp"], "ability": "Prankster", "evs": {"hp": 85, "atk": 85, "def": 85, "spa": 85, "spd": 85, "spe": 85}, "ivs": {"hp": 31, "atk": 31, "def": 31, "spa": 31, "spd": 31, "spe": 31}, "item": "Leftovers", "teraType": "Steel", "role": "Bulky Support", "bvs": {"hp": 50, "atk": 75, "def": 75, "spa": 65, "spd": 65, "spe": 50}, "stats": {"hp": 231, "atk": 182, "def": 182, "spa": 165, "spd": 165, "spe": 138}, "types": ["Dark", "Ghost"]}, "Manaphy": {"name": "Manaphy", "species": "Manaphy", "speciesId": "manaphy", "gender": "N", "shiny": false, "level": 78, "moves": ["icebeam", "energyball", "tailglow", "hydropump"], "ability": "Hydration", "evs": {"hp": 85, "atk": 0, "def": 85, "spa": 85, "spd": 85, "spe": 85}, "ivs": {"hp": 31, "atk": 0, "def": 31, "spa": 31, "spd": 31, "spe": 31}, "item": "Leftovers", "teraType": "Water", "role": "Bulky Setup", "bvs": {"hp": 100, "atk": 100, "def": 100, "spa": 100, "spd": 100, "spe": 100}, "stats": {"hp": 284, "atk": 161, "def": 201, "spa": 201, "spd": 201, "spe": 201}, "types": ["Water"]}}, {"Scream Tail": {"name": "Scream Tail", "species": "Scream Tail", "speciesId": "screamtail", "gender": "N", "shiny": false, "level": 84, "moves": ["playrough", "thunderwave", "protect", "wish"], "ability": "Protosynthesis", "evs": {"hp": 85, "atk": 85, "def": 85, "spa": 85, "spd": 85, "spe": 85}, "ivs": {"hp": 31, "atk": 31, "def": 31, "spa": 31, "spd": 31, "spe": 31}, "item": "Leftovers", "teraType": "Poison", "role": "Bulky Support", "bvs": {"hp": 115, "atk": 65, "def": 99, "spa": 65, "spd": 115, "spe": 111}, "stats": {"hp": 330, "atk": 157, "def": 215, "spa": 157, "spd": 241, "spe": 235}, "types": ["Fairy", "Psychic"]}, "Regigigas": {"name": "Regigigas", "species": "Regigigas", "speciesId": "regigigas", "gender": "N", "shiny": false, "level": 84, "moves": ["rest", "sleeptalk", "knockoff", "bodyslam"], "ability": "Slow Start", "evs": {"hp": 85, "atk": 85, "def": 85, "spa": 85, "spd": 85, "spe": 85}, "ivs": {"hp": 31, "atk": 31, "def": 31, "spa": 31, "spd": 31, "spe": 31}, "item": "Leftovers", "teraType": "Ghost", "role": "Bulky Support", "bvs": {"hp": 110, "atk": 160, "def": 110, "spa": 80, "spd": 110, "spe": 100}, "stats": {"hp": 322, "atk": 317, "def": 233, "spa": 183, "spd": 233, "spe": 216}, "types": ["Normal"]}, "Qwilfish": {"name": "Qwilfish", "species": "Qwilfish-Hisui", "speciesId": "qwilfishhisui", "gender": "M", "shiny": false, "level": 83, "moves": ["spikes", "gunkshot", "crunch", "toxicspikes"], "ability": "Intimidate", "evs": {"hp": 85, "atk": 85, "def": 85, "spa": 85, "spd": 85, "spe": 85}, "ivs": {"hp": 31, "atk": 31, "def": 31, "spa": 31, "spd": 31, "spe": 31}, "item": "Eviolite", "teraType": "Flying", "role": "Bulky Support", "bvs": {"hp": 65, "atk": 95, "def": 85, "spa": 55, "spd": 55, "spe": 85}, "stats": {"hp": 244, "atk": 205, "def": 189, "spa": 139, "spd": 139, "spe": 189}, "types": ["Dark", "Poison"]}, "Palossand": {"name": "Palossand", "species": "Palossand", "speciesId": "palossand", "gender": "M", "shiny": false, "level": 89, "moves": ["shadowball", "earthpower", "stealthrock", "shoreup"], "ability": "Water Compaction", "evs": {"hp": 85, "atk": 0, "def": 85, "spa": 85, "spd": 85, "spe": 85}, "ivs": {"hp": 31, "atk": 0, "def": 31, "spa": 31, "spd": 31, "spe": 31}, "item": "Leftovers", "teraType": "Water", "role": "Bulky Support", "bvs": {"hp": 85, "atk": 75, "def": 110, "spa": 100, "spd": 75, "spe": 35}, "stats": {"hp": 296, "atk": 138, "def": 247, "spa": 229, "spd": 184, "spe": 113}, "types": ["Ghost", "Ground"]}, "Clodsire": {"name": "Clodsire", "species": "Clodsire", "speciesId": "clodsire", "gender": "F", "shiny": false, "level": 81, "moves": ["poisonjab", "curse", "earthquake", "recover"], "ability": "Unaware", "evs": {"hp": 85, "atk": 85, "def": 85, "spa": 85, "spd": 85, "spe": 85}, "ivs": {"hp": 31, "atk": 31, "def": 31, "spa": 31, "spd": 31, "spe": 31}, "item": "Leftovers", "teraType": "Flying", "role": "Bulky Attacker", "bvs": {"hp": 130, "atk": 75, "def": 60, "spa": 45, "spd": 100, "spe": 20}, "stats": {"hp": 343, "atk": 168, "def": 144, "spa": 120, "spd": 209, "spe": 79}, "types": ["Poison", "Ground"]}, "Koraidon": {"name": "Koraidon", "species": "Koraidon", "speciesId": "koraidon", "gender": "N", "shiny": false, "level": 64, "moves": ["collisioncourse", "swordsdance", "scaleshot", "flareblitz"], "ability": "Orichalcum Pulse", "evs": {"hp": 85, "atk": 85, "def": 85, "spa": 85, "spd": 85, "spe": 85}, "ivs": {"hp": 31, "atk": 31, "def": 31, "spa": 31, "spd": 31, "spe": 31}, "item": "Loaded Dice", "teraType": "Fire", "role": "Setup Sweeper", "bvs": {"hp": 100, "atk": 135, "def": 115, "spa": 85, "spd": 100, "spe": 135}, "stats": {"hp": 235, "atk": 211, "def": 185, "spa": 147, "spd": 166, "spe": 211}, "types": ["Fighting", "Dragon"]}}]}