{"id": "gen9randombattle-2641478184", "format": "[Gen 9] Random Battle", "players": ["RC-DA", "NZQ"], "log": "|j|\u2606RC-DA\n|j|\u2606NZQ\n|t:|1782791142\n|gametype|singles\n|player|p1|RC-DA|wallace|2044\n|player|p2|NZQ|102|2093\n|gen|9\n|tier|[Gen 9] Random Battle\n|rated|\n|rule|Species Clause: Limit one of each Pok\u00e9mon\n|rule|HP Percentage Mod: HP is shown in percentages\n|rule|Sleep Clause Mod: Limit one foe put to sleep\n|rule|Illusion Level Mod: Illusion disguises the Pok\u00e9mon's true level\n|\n|t:|1782791142\n|teamsize|p1|6\n|teamsize|p2|6\n|start\n|switch|p1a: Malamar|Malamar, L82, F|275/275\n|switch|p2a: Pachirisu|Pachirisu, L96, M|271/271\n|turn|1\n|\n|t:|1782791153\n|move|p2a: Pachirisu|Super Fang|p1a: Malamar\n|-damage|p1a: Malamar|138/275\n|move|p1a: Malamar|Superpower|p2a: Pachirisu\n|-damage|p2a: Pachirisu|194/271\n|-boost|p1a: Malamar|atk|1\n|-boost|p1a: Malamar|def|1\n|\n|upkeep\n|turn|2\n|\n|t:|1782791161\n|move|p2a: Pachirisu|Discharge|p1a: Malamar\n|-damage|p1a: Malamar|69/275\n|-status|p1a: Malamar|par\n|move|p1a: Malamar|Rest|p1a: Malamar\n|-status|p1a: Malamar|slp|[from] move: Rest\n|-heal|p1a: Malamar|275/275 slp|[silent]\n|-enditem|p1a: Malamar|Chesto Berry|[eat]\n|-curestatus|p1a: Malamar|slp|[msg]\n|\n|upkeep\n|turn|3\n|\n|t:|1782791167\n|move|p2a: Pachirisu|Encore|p1a: Malamar\n|-start|p1a: Malamar|Encore\n|move|p1a: Malamar|Rest|p1a: Malamar\n|-fail|p1a: Malamar|heal\n|\n|upkeep\n|turn|4\n|\n|t:|1782791170\n|move|p2a: Pachirisu|Super Fang|p1a: Malamar\n|-damage|p1a: Malamar|138/275\n|move|p1a: Malamar|Rest|p1a: Malamar\n|-status|p1a: Malamar|slp|[from] move: Rest\n|-heal|p1a: Malamar|275/275 slp|[silent]\n|\n|upkeep\n|turn|5\n|\n|t:|1782791173\n|move|p2a: Pachirisu|U-turn|p1a: Malamar\n|-supereffective|p1a: Malamar\n|-damage|p1a: Malamar|167/275 slp\n|\n|t:|1782791179\n|switch|p2a: Mienshao|Mienshao, L83, M|244/244|[from] U-turn\n|cant|p1a: Malamar|slp\n|\n|-end|p1a: Malamar|Encore\n|upkeep\n|turn|6\n|\n|t:|1782791182\n|move|p2a: Mienshao|U-turn|p1a: Malamar\n|-supereffective|p1a: Malamar\n|-damage|p1a: Malamar|0 fnt\n|faint|p1a: Malamar\n|\n|t:|1782791186\n|switch|p2a: Pachirisu|Pachirisu, L96, M|194/271|[from] U-turn\n|\n|upkeep\n|\n|t:|1782791194\n|switch|p1a: Cinccino|Cinccino, L83, M|260/260\n|turn|7\n|\n|t:|1782791204\n|move|p1a: Cinccino|Tail Slap|p2a: Pachirisu\n|-damage|p2a: Pachirisu|152/271\n|-damage|p2a: Pachirisu|109/271\n|-damage|p2a: Pachirisu|69/271\n|-damage|p2a: Pachirisu|24/271\n|-damage|p2a: Pachirisu|0 fnt\n|faint|p2a: Pachirisu\n|-hitcount|p2: Pachirisu|5\n|\n|upkeep\n|\n|t:|1782791214\n|switch|p2a: Barraskewda|Barraskewda, L81, M|231/231\n|turn|8\n|\n|t:|1782791221\n|move|p2a: Barraskewda|Close Combat|p1a: Cinccino\n|-supereffective|p1a: Cinccino\n|-damage|p1a: Cinccino|0 fnt\n|-unboost|p2a: Barraskewda|def|1\n|-unboost|p2a: Barraskewda|spd|1\n|faint|p1a: Cinccino\n|\n|upkeep\n|\n|t:|1782791230\n|switch|p1a: Chandelure|Chandelure, L83, M|235/235\n|turn|9\n|\n|t:|1782791247\n|switch|p2a: Mienshao|Mienshao, L83, M|244/244\n|move|p1a: Chandelure|Shadow Ball|p2a: Mienshao\n|-damage|p2a: Mienshao|148/244\n|\n|upkeep\n|turn|10\n|\n|t:|1782791252\n|move|p1a: Chandelure|Shadow Ball|p2a: Mienshao\n|-crit|p2a: Mienshao\n|-damage|p2a: Mienshao|0 fnt\n|faint|p2a: Mienshao\n|\n|upkeep\n|\n|t:|1782791258\n|switch|p2a: Meloetta|Meloetta, L82|298/298\n|turn|11\n|\n|t:|1782791264\n|switch|p1a: Tauros|Tauros-Paldea-Combat, L82, M|257/257\n|-ability|p1a: Tauros|Intimidate|boost\n|-unboost|p2a: Meloetta|atk|1\n|move|p2a: Meloetta|Relic Song|p1a: Tauros\n|-damage|p1a: Tauros|121/257\n|-formechange|p2a: Meloetta|Meloetta-Pirouette|[msg]\n|-damage|p2a: Meloetta|269/298|[from] item: Life Orb\n|\n|upkeep\n|turn|12\n|\n|t:|1782791272\n|switch|p2a: Zebstrika|Zebstrika, L87, M|272/272\n|move|p1a: Tauros|Close Combat|p2a: Zebstrika\n|-damage|p2a: Zebstrika|13/272\n|-unboost|p1a: Tauros|def|1\n|-unboost|p1a: Tauros|spd|1\n|\n|upkeep\n|turn|13\n|\n|t:|1782791276\n|move|p2a: Zebstrika|Supercell Slam|p1a: Tauros|[miss]\n|-miss|p2a: Zebstrika|p1a: Tauros\n|-damage|p2a: Zebstrika|0 fnt|[from] supercellslam\n|faint|p2a: Zebstrika\n|move|p1a: Tauros|Close Combat|p2: Zebstrika|[notarget]\n|-fail|p1a: Tauros\n|\n|upkeep\n|\n|t:|1782791280\n|switch|p2a: Barraskewda|Barraskewda, L81, M|231/231\n|turn|14\n|\n|t:|1782791283\n|move|p2a: Barraskewda|Waterfall|p1a: Tauros\n|-damage|p1a: Tauros|0 fnt\n|faint|p1a: Tauros\n|\n|upkeep\n|\n|t:|1782791289\n|switch|p1a: Chesnaught|Chesnaught, L84, F|285/285\n|turn|15\n|\n|t:|1782791295\n|switch|p2a: Meloetta|Meloetta, L82|269/298\n|move|p1a: Chesnaught|Wood Hammer|p2a: Meloetta\n|-damage|p2a: Meloetta|115/298\n|-damage|p1a: Chesnaught|234/285|[from] Recoil\n|\n|upkeep\n|turn|16\n|\n|t:|1782791300\n|move|p2a: Meloetta|Relic Song|p1a: Chesnaught\n|-damage|p1a: Chesnaught|108/285\n|-formechange|p2a: Meloetta|Meloetta-Pirouette|[msg]\n|-damage|p2a: Meloetta|86/298|[from] item: Life Orb\n|move|p1a: Chesnaught|Wood Hammer|p2a: Meloetta\n|-crit|p2a: Meloetta\n|-damage|p2a: Meloetta|0 fnt\n|faint|p2a: Meloetta\n|-damage|p1a: Chesnaught|80/285|[from] Recoil\n|\n|upkeep\n|\n|t:|1782791310\n|switch|p2a: Cobalion|Cobalion, L80|277/277\n|turn|17\n|\n|t:|1782791312\n|move|p2a: Cobalion|Close Combat|p1a: Chesnaught\n|-damage|p1a: Chesnaught|0 fnt\n|-unboost|p2a: Cobalion|def|1\n|-unboost|p2a: Cobalion|spd|1\n|-damage|p2a: Cobalion|231/277|[from] item: Rocky Helmet|[of] p1a: Chesnaught\n|faint|p1a: Chesnaught\n|-damage|p2a: Cobalion|204/277|[from] item: Life Orb\n|\n|upkeep\n|\n|t:|1782791315\n|switch|p1a: Chandelure|Chandelure, L83, M|235/235\n|turn|18\n|\n|t:|1782791318\n|move|p1a: Chandelure|Shadow Ball|p2a: Cobalion\n|-damage|p2a: Cobalion|0 fnt\n|faint|p2a: Cobalion\n|\n|upkeep\n|\n|t:|1782791320\n|switch|p2a: Barraskewda|Barraskewda, L81, M|231/231\n|turn|19\n|\n|t:|1782791330\n|switch|p1a: Comfey|Comfey, L85, F|225/225\n|move|p2a: Barraskewda|Waterfall|p1a: Comfey\n|-damage|p1a: Comfey|87/225\n|\n|-heal|p1a: Comfey|101/225|[from] item: Leftovers\n|upkeep\n|turn|20\n|\n|t:|1782791336\n|move|p1a: Comfey|Giga Drain|p2a: Barraskewda\n|-supereffective|p2a: Barraskewda\n|-damage|p2a: Barraskewda|85/231\n|-heal|p1a: Comfey|174/225|[from] drain|[of] p2a: Barraskewda\n|move|p2a: Barraskewda|Waterfall|p1a: Comfey\n|-damage|p1a: Comfey|30/225\n|\n|-heal|p1a: Comfey|44/225|[from] item: Leftovers\n|upkeep\n|turn|21\n|\n|t:|1782791340\n|-terastallize|p2a: Barraskewda|Fighting\n|move|p1a: Comfey|Giga Drain|p2a: Barraskewda\n|-damage|p2a: Barraskewda|11/231\n|-heal|p1a: Comfey|81/225|[from] drain|[of] p2a: Barraskewda\n|move|p2a: Barraskewda|Waterfall|p1a: Comfey\n|-damage|p1a: Comfey|0 fnt\n|faint|p1a: Comfey\n|\n|upkeep\n|\n|t:|1782791344\n|switch|p1a: Chandelure|Chandelure, L83, M|235/235\n|turn|22\n|\n|t:|1782791348\n|-terastallize|p1a: Chandelure|Grass\n|move|p1a: Chandelure|Energy Ball|p2a: Barraskewda\n|-damage|p2a: Barraskewda|0 fnt\n|faint|p2a: Barraskewda\n|\n|win|RC-DA\n", "inputlog": ">version f8ac14003a5f27e1bdc8d8c59608a773c1cb96e5\n>start {\"formatid\":\"gen9randombattle\",\"seed\":\"sodium,e90e38140ab1886c35cfaf40fe202472\",\"rated\":\"Rated battle\"}\n>player p1 {\"name\":\"RC-DA\",\"avatar\":\"wallace\",\"rating\":2044,\"seed\":\"sodium,ed0669d973478df7557695caa7eeaa95\"}\n>player p2 {\"name\":\"NZQ\",\"avatar\":\"102\",\"rating\":2093,\"seed\":\"sodium,6ee3734a913d10d4771e2f5bcabd1a75\"}\n>p1 move superpower\n>p2 move superfang\n>p1 move rest\n>p2 move discharge\n>p1 move superpower\n>p2 move encore\n>p1 move rest\n>p2 move superfang\n>p1 move rest\n>p2 move uturn\n>p2 switch 2\n>p1 move superpower\n>p2 move uturn\n>p2 switch 2\n>p1 switch 4\n>p1 move tailslap\n>p2 move discharge\n>p2 switch 6\n>p1 move tidyup\n>p2 move closecombat\n>p1 switch 5\n>p1 move shadowball\n>p2 switch 2\n>p1 move shadowball\n>p2 move knockoff\n>p2 switch 4\n>p1 switch 6\n>p2 move relicsong\n>p1 move closecombat\n>p2 switch 3\n>p1 move closecombat\n>p2 move supercellslam\n>p2 switch 2\n>p1 move closecombat\n>p2 move waterfall\n>p1 switch 2\n>p1 move woodhammer\n>p2 switch 3\n>p1 move woodhammer\n>p2 move relicsong\n>p2 switch 5\n>p1 move bodypress\n>p2 move closecombat\n>p1 switch 6\n>p1 move shadowball\n>p2 move stoneedge\n>p2 switch 3\n>p1 switch 3\n>p2 move waterfall\n>p1 move gigadrain\n>p2 move waterfall\n>p1 move gigadrain\n>p2 move waterfall terastallize\n>p1 switch 3\n>p1 move energyball terastallize\n>p2 move waterfall", "uploadtime": 1782791144, "views": 6, "formatid": "gen9randombattle", "rating": null, "private": 0, "password": null, "player_dets": [{"name": "RC-DA", "avatar": "wallace", "rating": 2044, "seed": "sodium,ed0669d973478df7557695caa7eeaa95"}, {"name": "NZQ", "avatar": "102", "rating": 2093, "seed": "sodium,6ee3734a913d10d4771e2f5bcabd1a75"}], "teams_full": [{"Malamar": {"name": "Malamar", "species": "Malamar", "speciesId": "malamar", "gender": "F", "shiny": false, "level": 82, "moves": ["superpower", "knockoff", "rest", "psychocut"], "ability": "Contrary", "evs": {"hp": 85, "atk": 85, "def": 85, "spa": 85, "spd": 85, "spe": 85}, "ivs": {"hp": 31, "atk": 31, "def": 31, "spa": 31, "spd": 31, "spe": 31}, "item": "Chesto Berry", "teraType": "Steel", "role": "Fast Bulky Setup", "bvs": {"hp": 86, "atk": 92, "def": 88, "spa": 68, "spd": 75, "spe": 73}, "stats": {"hp": 275, "atk": 198, "def": 191, "spa": 159, "spd": 170, "spe": 167}, "types": ["Dark", "Psychic"]}, "Chesnaught": {"name": "Chesnaught", "species": "Chesnaught", "speciesId": "chesnaught", "gender": "F", "shiny": false, "level": 84, "moves": ["spikes", "woodhammer", "bodypress", "synthesis"], "ability": "Bulletproof", "evs": {"hp": 85, "atk": 85, "def": 85, "spa": 85, "spd": 85, "spe": 85}, "ivs": {"hp": 31, "atk": 31, "def": 31, "spa": 31, "spd": 31, "spe": 31}, "item": "Rocky Helmet", "teraType": "Steel", "role": "Bulky Support", "bvs": {"hp": 88, "atk": 107, "def": 122, "spa": 74, "spd": 75, "spe": 64}, "stats": {"hp": 285, "atk": 228, "def": 253, "spa": 173, "spd": 174, "spe": 156}, "types": ["Grass", "Fighting"]}, "Comfey": {"name": "Comfey", "species": "Comfey", "speciesId": "comfey", "gender": "F", "shiny": false, "level": 85, "moves": ["calmmind", "gigadrain", "terablast", "drainingkiss"], "ability": "Triage", "evs": {"hp": 85, "atk": 0, "def": 85, "spa": 85, "spd": 85, "spe": 85}, "ivs": {"hp": 31, "atk": 0, "def": 31, "spa": 31, "spd": 31, "spe": 31}, "item": "Leftovers", "teraType": "Ground", "role": "Tera Blast user", "bvs": {"hp": 51, "atk": 52, "def": 90, "spa": 82, "spd": 110, "spe": 100}, "stats": {"hp": 225, "atk": 93, "def": 202, "spa": 188, "spd": 236, "spe": 219}, "types": ["Fairy"]}, "Cinccino": {"name": "Cinccino", "species": "Cinccino", "speciesId": "cinccino", "gender": "M", "shiny": false, "level": 83, "moves": ["tidyup", "bulletseed", "tailslap", "tripleaxel"], "ability": "Technician", "evs": {"hp": 85, "atk": 85, "def": 85, "spa": 85, "spd": 85, "spe": 85}, "ivs": {"hp": 31, "atk": 31, "def": 31, "spa": 31, "spd": 31, "spe": 31}, "item": "Loaded Dice", "teraType": "Grass", "role": "Fast Attacker", "bvs": {"hp": 75, "atk": 95, "def": 60, "spa": 65, "spd": 60, "spe": 115}, "stats": {"hp": 260, "atk": 205, "def": 147, "spa": 156, "spd": 147, "spe": 239}, "types": ["Normal"]}, "Chandelure": {"name": "Chandelure", "species": "Chandelure", "speciesId": "chandelure", "gender": "M", "shiny": false, "level": 83, "moves": ["energyball", "fireblast", "shadowball", "trick"], "ability": "Flash Fire", "evs": {"hp": 85, "atk": 0, "def": 85, "spa": 85, "spd": 85, "spe": 85}, "ivs": {"hp": 31, "atk": 0, "def": 31, "spa": 31, "spd": 31, "spe": 31}, "item": "Choice Scarf", "teraType": "Grass", "role": "Fast Attacker", "bvs": {"hp": 60, "atk": 55, "def": 90, "spa": 145, "spd": 90, "spe": 80}, "stats": {"hp": 235, "atk": 96, "def": 197, "spa": 288, "spd": 197, "spe": 180}, "types": ["Ghost", "Fire"]}, "Tauros": {"name": "Tauros", "species": "Tauros-Paldea-Combat", "speciesId": "taurospaldeacombat", "gender": "M", "shiny": false, "level": 82, "moves": ["ironhead", "stoneedge", "earthquake", "closecombat"], "ability": "Intimidate", "evs": {"hp": 85, "atk": 85, "def": 85, "spa": 85, "spd": 85, "spe": 85}, "ivs": {"hp": 31, "atk": 31, "def": 31, "spa": 31, "spd": 31, "spe": 31}, "item": "Choice Band", "teraType": "Fighting", "role": "Wallbreaker", "bvs": {"hp": 75, "atk": 110, "def": 105, "spa": 30, "spd": 70, "spe": 100}, "stats": {"hp": 257, "atk": 228, "def": 219, "spa": 96, "spd": 162, "spe": 211}, "types": ["Fighting"]}}, {"Pachirisu": {"name": "Pachirisu", "species": "Pachirisu", "speciesId": "pachirisu", "gender": "M", "shiny": false, "level": 96, "moves": ["discharge", "uturn", "superfang", "encore"], "ability": "Volt Absorb", "evs": {"hp": 85, "atk": 85, "def": 85, "spa": 85, "spd": 85, "spe": 85}, "ivs": {"hp": 31, "atk": 31, "def": 31, "spa": 31, "spd": 31, "spe": 31}, "item": "Heavy-Duty Boots", "teraType": "Flying", "role": "Fast Support", "bvs": {"hp": 60, "atk": 45, "def": 70, "spa": 45, "spd": 90, "spe": 95}, "stats": {"hp": 271, "atk": 141, "def": 189, "spa": 141, "spd": 227, "spe": 237}, "types": ["Electric"]}, "Mienshao": {"name": "Mienshao", "species": "Mienshao", "speciesId": "mienshao", "gender": "M", "shiny": false, "level": 83, "moves": ["closecombat", "knockoff", "uturn", "fakeout"], "ability": "Regenerator", "evs": {"hp": 85, "atk": 85, "def": 85, "spa": 85, "spd": 85, "spe": 85}, "ivs": {"hp": 31, "atk": 31, "def": 31, "spa": 31, "spd": 31, "spe": 31}, "item": "Assault Vest", "teraType": "Steel", "role": "AV Pivot", "bvs": {"hp": 65, "atk": 125, "def": 60, "spa": 95, "spd": 60, "spe": 105}, "stats": {"hp": 244, "atk": 255, "def": 147, "spa": 205, "spd": 147, "spe": 222}, "types": ["Fighting"]}, "Zebstrika": {"name": "Zebstrika", "species": "Zebstrika", "speciesId": "zebstrika", "gender": "M", "shiny": false, "level": 87, "moves": ["supercellslam", "voltswitch", "highhorsepower", "overheat"], "ability": "Sap Sipper", "evs": {"hp": 85, "atk": 85, "def": 85, "spa": 85, "spd": 85, "spe": 85}, "ivs": {"hp": 31, "atk": 31, "def": 31, "spa": 31, "spd": 31, "spe": 31}, "item": "Life Orb", "teraType": "Ground", "role": "Fast Attacker", "bvs": {"hp": 75, "atk": 100, "def": 63, "spa": 80, "spd": 63, "spe": 116}, "stats": {"hp": 272, "atk": 224, "def": 159, "spa": 189, "spd": 159, "spe": 252}, "types": ["Electric"]}, "Meloetta": {"name": "Meloetta", "species": "Meloetta", "speciesId": "meloetta", "gender": "N", "shiny": false, "level": 82, "moves": ["tripleaxel", "closecombat", "knockoff", "relicsong"], "ability": "Serene Grace", "evs": {"hp": 85, "atk": 85, "def": 85, "spa": 85, "spd": 85, "spe": 85}, "ivs": {"hp": 31, "atk": 31, "def": 31, "spa": 31, "spd": 31, "spe": 31}, "item": "Life Orb", "teraType": "Dark", "role": "Wallbreaker", "bvs": {"hp": 100, "atk": 77, "def": 77, "spa": 128, "spd": 128, "spe": 90}, "stats": {"hp": 298, "atk": 173, "def": 173, "spa": 257, "spd": 257, "spe": 195}, "types": ["Normal", "Psychic"]}, "Cobalion": {"name": "Cobalion", "species": "Cobalion", "speciesId": "cobalion", "gender": "N", "shiny": false, "level": 80, "moves": ["ironhead", "swordsdance", "closecombat", "stoneedge"], "ability": "Justified", "evs": {"hp": 85, "atk": 85, "def": 85, "spa": 85, "spd": 85, "spe": 85}, "ivs": {"hp": 31, "atk": 31, "def": 31, "spa": 31, "spd": 31, "spe": 31}, "item": "Life Orb", "teraType": "Fighting", "role": "Fast Bulky Setup", "bvs": {"hp": 91, "atk": 90, "def": 129, "spa": 90, "spd": 72, "spe": 108}, "stats": {"hp": 277, "atk": 190, "def": 253, "spa": 190, "spd": 161, "spe": 219}, "types": ["Steel", "Fighting"]}, "Barraskewda": {"name": "Barraskewda", "species": "Barraskewda", "speciesId": "barraskewda", "gender": "M", "shiny": false, "level": 81, "moves": ["closecombat", "throatchop", "flipturn", "waterfall"], "ability": "Swift Swim", "evs": {"hp": 85, "atk": 85, "def": 85, "spa": 85, "spd": 85, "spe": 85}, "ivs": {"hp": 31, "atk": 31, "def": 31, "spa": 31, "spd": 31, "spe": 31}, "item": "Choice Band", "teraType": "Fighting", "role": "Wallbreaker", "bvs": {"hp": 61, "atk": 123, "def": 60, "spa": 60, "spd": 50, "spe": 136}, "stats": {"hp": 231, "atk": 246, "def": 144, "spa": 144, "spd": 128, "spe": 267}, "types": ["Water"]}}]}