{"id": "gen9randombattle-2641597665", "format": "[Gen 9] Random Battle", "players": ["hong hoornstaart", "MichaelderBeste2"], "log": "|badge|p1|bronze|gen9randombattle|100-9\n|html|<div class=\"broadcast-red\"><strong>This battle is required to be public due to one or more player having a season medal.</strong><br />During the public phase, you can discuss the state of the ladder <a href=\"/seasondiscussion\">in a special chatroom.</a></div>\n|uhtml|medal-msg|<div class=\"broadcast-blue\">Curious what those medals under the avatar are? PS now has Ladder Seasons! For more information, check out the <a href=\"https://www.smogon.com/forums/threads/3740067/\">thread on Smogon.</a></div>\n|badge|p2|bronze|gen9randombattle|100-9\n|uhtml|medal-msg|<div class=\"broadcast-blue\">Curious what those medals under the avatar are? PS now has Ladder Seasons! For more information, check out the <a href=\"https://www.smogon.com/forums/threads/3740067/\">thread on Smogon.</a></div>\n|j|\u2606hong hoornstaart\n|j|\u2606MichaelderBeste2\n|t:|1782815852\n|gametype|singles\n|player|p1|hong hoornstaart|2|2320\n|player|p2|MichaelderBeste2|#wcop2026germany|2310\n|gen|9\n|tier|[Gen 9] Random Battle\n|rated|\n|rule|Species Clause: Limit one of each Pok\u00e9mon\n|rule|HP Percentage Mod: HP is shown in percentages\n|rule|Sleep Clause Mod: Limit one foe put to sleep\n|rule|Illusion Level Mod: Illusion disguises the Pok\u00e9mon's true level\n|\n|t:|1782815852\n|teamsize|p1|6\n|teamsize|p2|6\n|start\n|switch|p1a: Wo-Chien|Wo-Chien, L83|277/277\n|switch|p2a: Ariados|Ariados, L95, M|287/287\n|-ability|p1a: Wo-Chien|Tablets of Ruin\n|turn|1\n|\n|t:|1782815919\n|move|p1a: Wo-Chien|Knock Off|p2a: Ariados\n|-damage|p2a: Ariados|190/287\n|-enditem|p2a: Ariados|Focus Sash|[from] move: Knock Off|[of] p1a: Wo-Chien\n|move|p2a: Ariados|Sticky Web|p1a: Wo-Chien\n|-sidestart|p1: hong hoornstaart|move: Sticky Web\n|\n|upkeep\n|turn|2\n|\n|t:|1782815941\n|switch|p1a: Dedenne|Dedenne, L88, M|261/261\n|-activate|p1a: Dedenne|move: Sticky Web\n|-unboost|p1a: Dedenne|spe|1\n|move|p2a: Ariados|Megahorn|p1a: Dedenne|[miss]\n|-miss|p2a: Ariados|p1a: Dedenne\n|\n|upkeep\n|turn|3\n|\n|t:|1782815969\n|move|p1a: Dedenne|Thunderbolt|p2a: Ariados\n|-damage|p2a: Ariados|90/287\n|move|p2a: Ariados|Poison Jab|p1a: Dedenne\n|-supereffective|p1a: Dedenne\n|-damage|p1a: Dedenne|0 fnt\n|faint|p1a: Dedenne\n|\n|upkeep\n|\n|t:|1782815976\n|switch|p1a: Houndoom|Houndoom, L87, M|272/272\n|turn|4\n|\n|t:|1782816018\n|move|p2a: Ariados|Sucker Punch|p1a: Houndoom\n|-resisted|p1a: Houndoom\n|-damage|p1a: Houndoom|231/272\n|move|p1a: Houndoom|Dark Pulse|p2a: Ariados\n|-damage|p2a: Ariados|0 fnt\n|faint|p2a: Ariados\n|\n|upkeep\n|\n|t:|1782816030\n|switch|p2a: Archaludon|Archaludon, L78, F|268/268\n|turn|5\n|j| akhi1995\n|j| Vinisinho\n|\n|t:|1782816036\n|move|p1a: Houndoom|Nasty Plot|p1a: Houndoom\n|-boost|p1a: Houndoom|spa|2\n|move|p2a: Archaludon|Thunder Wave|p1a: Houndoom|[miss]\n|-miss|p2a: Archaludon|p1a: Houndoom\n|\n|upkeep\n|turn|6\n|\n|t:|1782816044\n|-terastallize|p1a: Houndoom|Fire\n|move|p1a: Houndoom|Fire Blast|p2a: Archaludon\n|-damage|p2a: Archaludon|0 fnt\n|faint|p2a: Archaludon\n|\n|upkeep\n|\n|t:|1782816048\n|switch|p2a: Samurott|Samurott, L88, F|310/310\n|turn|7\n|\n|t:|1782816058\n|switch|p1a: Whiscash|Whiscash, L88, M|337/337\n|-activate|p1a: Whiscash|move: Sticky Web\n|-unboost|p1a: Whiscash|spe|1\n|move|p2a: Samurott|Liquidation|p1a: Whiscash\n|-damage|p1a: Whiscash|188/337\n|-damage|p2a: Samurott|279/310|[from] item: Life Orb\n|\n|-heal|p1a: Whiscash|209/337|[from] item: Leftovers\n|upkeep\n|turn|8\n|\n|t:|1782816065\n|move|p2a: Samurott|Swords Dance|p2a: Samurott\n|-boost|p2a: Samurott|atk|2\n|move|p1a: Whiscash|Earthquake|p2a: Samurott\n|-damage|p2a: Samurott|186/310\n|\n|-heal|p1a: Whiscash|230/337|[from] item: Leftovers\n|upkeep\n|turn|9\n|\n|t:|1782816073\n|move|p2a: Samurott|Liquidation|p1a: Whiscash\n|-damage|p1a: Whiscash|0 fnt\n|faint|p1a: Whiscash\n|-damage|p2a: Samurott|155/310|[from] item: Life Orb\n|\n|upkeep\n|\n|t:|1782816075\n|switch|p1a: Azelf|Azelf, L82|257/257\n|turn|10\n|\n|t:|1782816080\n|move|p1a: Azelf|Psychic|p2a: Samurott\n|-damage|p2a: Samurott|25/310\n|move|p2a: Samurott|Liquidation|p1a: Azelf\n|-damage|p1a: Azelf|0 fnt\n|faint|p1a: Azelf\n|-damage|p2a: Samurott|0 fnt|[from] item: Life Orb\n|faint|p2a: Samurott\n|\n|upkeep\n|\n|t:|1782816115\n|switch|p1a: Politoed|Politoed, L88, F|302/302\n|switch|p2a: Meloetta|Meloetta, L82|298/298\n|-activate|p1a: Politoed|move: Sticky Web\n|-unboost|p1a: Politoed|spe|1\n|-weather|RainDance|[from] ability: Drizzle|[of] p1a: Politoed\n|turn|11\n|\n|t:|1782816122\n|move|p2a: Meloetta|Calm Mind|p2a: Meloetta\n|-boost|p2a: Meloetta|spa|1\n|-boost|p2a: Meloetta|spd|1\n|move|p1a: Politoed|Weather Ball|p2a: Meloetta\n|-damage|p2a: Meloetta|178/298\n|\n|-weather|RainDance|[upkeep]\n|-heal|p2a: Meloetta|196/298|[from] item: Leftovers\n|upkeep\n|turn|12\n|\n|t:|1782816129\n|move|p2a: Meloetta|Psyshock|p1a: Politoed\n|-damage|p1a: Politoed|131/302\n|move|p1a: Politoed|Weather Ball|p2a: Meloetta\n|-damage|p2a: Meloetta|76/298\n|\n|-weather|RainDance|[upkeep]\n|-heal|p2a: Meloetta|94/298|[from] item: Leftovers\n|upkeep\n|turn|13\n|n| Vinisinho|vinisinho\n|\n|t:|1782816132\n|move|p2a: Meloetta|Hyper Voice|p1a: Politoed\n|-damage|p1a: Politoed|0 fnt\n|faint|p1a: Politoed\n|\n|-weather|RainDance|[upkeep]\n|-heal|p2a: Meloetta|112/298|[from] item: Leftovers\n|upkeep\n|\n|t:|1782816135\n|switch|p1a: Houndoom|Houndoom, L87, M, tera:Fire|231/272\n|turn|14\n|\n|t:|1782816166\n|move|p1a: Houndoom|Dark Pulse|p2a: Meloetta\n|-supereffective|p2a: Meloetta\n|-damage|p2a: Meloetta|14/298\n|move|p2a: Meloetta|Psyshock|p1a: Houndoom\n|-damage|p1a: Houndoom|33/272\n|\n|-weather|RainDance|[upkeep]\n|-heal|p2a: Meloetta|32/298|[from] item: Leftovers\n|upkeep\n|turn|15\n|\n|t:|1782816177\n|move|p1a: Houndoom|Dark Pulse|p2a: Meloetta\n|-supereffective|p2a: Meloetta\n|-damage|p2a: Meloetta|0 fnt\n|faint|p2a: Meloetta\n|\n|-weather|none\n|upkeep\n|\n|t:|1782816182\n|switch|p2a: Bisharp|Bisharp, L79, F|232/232\n|turn|16\n|\n|t:|1782816189\n|move|p2a: Bisharp|Sucker Punch|p1a: Houndoom\n|-damage|p1a: Houndoom|0 fnt\n|faint|p1a: Houndoom\n|\n|upkeep\n|\n|t:|1782816191\n|switch|p1a: Wo-Chien|Wo-Chien, L83|277/277\n|-activate|p1a: Wo-Chien|move: Sticky Web\n|-unboost|p1a: Wo-Chien|spe|1\n|-ability|p1a: Wo-Chien|Tablets of Ruin\n|turn|17\n|\n|t:|1782816194\n|move|p2a: Bisharp|Swords Dance|p2a: Bisharp\n|-boost|p2a: Bisharp|atk|2\n|move|p1a: Wo-Chien|Leech Seed|p2a: Bisharp\n|-start|p2a: Bisharp|move: Leech Seed\n|\n|-damage|p2a: Bisharp|203/232|[from] Leech Seed|[of] p1a: Wo-Chien\n|upkeep\n|turn|18\n|\n|t:|1782816197\n|move|p2a: Bisharp|Swords Dance|p2a: Bisharp\n|-boost|p2a: Bisharp|atk|2\n|move|p1a: Wo-Chien|Knock Off|p2a: Bisharp\n|-resisted|p2a: Bisharp\n|-damage|p2a: Bisharp|172/232\n|-enditem|p2a: Bisharp|Eviolite|[from] move: Knock Off|[of] p1a: Wo-Chien\n|\n|-damage|p2a: Bisharp|143/232|[from] Leech Seed|[of] p1a: Wo-Chien\n|upkeep\n|turn|19\n|\n|t:|1782816200\n|move|p2a: Bisharp|Iron Head|p1a: Wo-Chien\n|-damage|p1a: Wo-Chien|99/277\n|move|p1a: Wo-Chien|Giga Drain|p2a: Bisharp\n|-resisted|p2a: Bisharp\n|-damage|p2a: Bisharp|94/232\n|-heal|p1a: Wo-Chien|124/277|[from] drain|[of] p2a: Bisharp\n|\n|-heal|p1a: Wo-Chien|141/277|[from] item: Leftovers\n|-damage|p2a: Bisharp|65/232|[from] Leech Seed|[of] p1a: Wo-Chien\n|-heal|p1a: Wo-Chien|170/277|[silent]\n|upkeep\n|turn|20\n|\n|t:|1782816205\n|move|p1a: Wo-Chien|Protect|p1a: Wo-Chien\n|-singleturn|p1a: Wo-Chien|Protect\n|move|p2a: Bisharp|Iron Head|p1a: Wo-Chien\n|-activate|p1a: Wo-Chien|move: Protect\n|\n|-heal|p1a: Wo-Chien|187/277|[from] item: Leftovers\n|-damage|p2a: Bisharp|36/232|[from] Leech Seed|[of] p1a: Wo-Chien\n|-heal|p1a: Wo-Chien|216/277|[silent]\n|upkeep\n|turn|21\n|\n|t:|1782816214\n|move|p2a: Bisharp|Iron Head|p1a: Wo-Chien\n|-damage|p1a: Wo-Chien|20/277\n|move|p1a: Wo-Chien|Giga Drain|p2a: Bisharp\n|-resisted|p2a: Bisharp\n|-damage|p2a: Bisharp|0 fnt\n|-heal|p1a: Wo-Chien|38/277|[from] drain|[of] p2a: Bisharp\n|faint|p2a: Bisharp\n|\n|-heal|p1a: Wo-Chien|55/277|[from] item: Leftovers\n|upkeep\n|\n|t:|1782816219\n|switch|p2a: Arceus|Arceus-Fairy, L69|280/280\n|turn|22\n|\n|t:|1782816222\n|move|p2a: Arceus|Judgment|p1a: Wo-Chien\n|-supereffective|p1a: Wo-Chien\n|-damage|p1a: Wo-Chien|0 fnt\n|faint|p1a: Wo-Chien\n|\n|win|MichaelderBeste2\n|raw|hong hoornstaart's rating: 2320 &rarr; <strong>2299</strong><br />(-21 for losing)\n|raw|MichaelderBeste2's rating: 2310 &rarr; <strong>2331</strong><br />(+21 for winning)\n", "inputlog": ">version f8ac14003a5f27e1bdc8d8c59608a773c1cb96e5\n>start {\"formatid\":\"gen9randombattle\",\"seed\":\"sodium,f61f6984657c3338ddc1599b5fc1b7b3\",\"rated\":\"Rated battle\"}\n>player p1 {\"name\":\"hong hoornstaart\",\"avatar\":\"2\",\"rating\":2320,\"seed\":\"sodium,56182c9c2ee691061e785070e4db94ed\"}\n>player p2 {\"name\":\"MichaelderBeste2\",\"avatar\":\"#wcop2026germany\",\"rating\":2310,\"seed\":\"sodium,40a756ab1e08c93859099b0e9ea63e8e\"}\n>p1 move knockoff\n>p2 move stickyweb\n>p1 switch 2\n>p2 move megahorn\n>p1 move thunderbolt\n>p2 move poisonjab\n>p1 switch 5\n>p1 move darkpulse\n>p2 move suckerpunch\n>p2 switch 5\n>p1 move nastyplot\n>p2 move thunderwave\n>p1 move fireblast terastallize\n>p2 move thunderwave\n>p2 switch 4\n>p1 switch 3\n>p2 move liquidation\n>p1 move earthquake\n>p2 move swordsdance\n>p1 move earthquake\n>p2 move liquidation\n>p1 switch 4\n>p1 move psychic\n>p2 move liquidation\n>p1 switch 6\n>p2 switch 6\n>p1 move weatherball\n>p2 move calmmind\n>p1 move weatherball\n>p2 move psyshock\n>p1 move weatherball\n>p2 move hypervoice\n>p1 switch 3\n>p1 move darkpulse\n>p2 move psyshock\n>p1 move darkpulse\n>p2 move hypervoice\n>p2 switch 3\n>p1 move fireblast\n>p2 move suckerpunch\n>p1 switch 2\n>p1 move leechseed\n>p2 move swordsdance\n>p1 move knockoff\n>p2 move swordsdance\n>p1 move gigadrain\n>p2 move ironhead\n>p1 move protect\n>p2 move ironhead\n>p1 move gigadrain\n>p2 move ironhead\n>p2 switch 2\n>p1 move leechseed\n>p2 move judgment", "uploadtime": 1782815854, "views": 8, "formatid": "gen9randombattle", "rating": 2299, "private": 0, "password": null, "player_dets": [{"name": "hong hoornstaart", "avatar": "2", "rating": 2320, "seed": "sodium,56182c9c2ee691061e785070e4db94ed"}, {"name": "MichaelderBeste2", "avatar": "#wcop2026germany", "rating": 2310, "seed": "sodium,40a756ab1e08c93859099b0e9ea63e8e"}], "teams_full": [{"Wo-Chien": {"name": "Wo-Chien", "species": "Wo-Chien", "speciesId": "wochien", "gender": "N", "shiny": false, "level": 83, "moves": ["gigadrain", "knockoff", "protect", "leechseed"], "ability": "Tablets of Ruin", "evs": {"hp": 85, "atk": 85, "def": 85, "spa": 85, "spd": 85, "spe": 85}, "ivs": {"hp": 31, "atk": 31, "def": 31, "spa": 31, "spd": 31, "spe": 31}, "item": "Leftovers", "teraType": "Poison", "role": "Bulky Support", "bvs": {"hp": 85, "atk": 85, "def": 100, "spa": 95, "spd": 135, "spe": 70}, "stats": {"hp": 277, "atk": 189, "def": 214, "spa": 205, "spd": 272, "spe": 164}, "types": ["Dark", "Grass"]}, "Dedenne": {"name": "Dedenne", "species": "Dedenne", "speciesId": "dedenne", "gender": "M", "shiny": false, "level": 88, "moves": ["uturn", "superfang", "dazzlinggleam", "thunderbolt"], "ability": "Cheek Pouch", "evs": {"hp": 85, "atk": 85, "def": 85, "spa": 85, "spd": 85, "spe": 85}, "ivs": {"hp": 31, "atk": 31, "def": 31, "spa": 31, "spd": 31, "spe": 31}, "item": "Sitrus Berry", "teraType": "Flying", "role": "Fast Support", "bvs": {"hp": 67, "atk": 58, "def": 57, "spa": 81, "spd": 67, "spe": 101}, "stats": {"hp": 261, "atk": 152, "def": 151, "spa": 193, "spd": 168, "spe": 228}, "types": ["Electric", "Fairy"]}, "Whiscash": {"name": "Whiscash", "species": "Whiscash", "speciesId": "whiscash", "gender": "M", "shiny": false, "level": 88, "moves": ["spikes", "stealthrock", "hydropump", "earthquake"], "ability": "Oblivious", "evs": {"hp": 85, "atk": 85, "def": 85, "spa": 85, "spd": 85, "spe": 85}, "ivs": {"hp": 31, "atk": 31, "def": 31, "spa": 31, "spd": 31, "spe": 31}, "item": "Leftovers", "teraType": "Steel", "role": "Bulky Support", "bvs": {"hp": 110, "atk": 78, "def": 73, "spa": 76, "spd": 71, "spe": 60}, "stats": {"hp": 337, "atk": 188, "def": 179, "spa": 184, "spd": 175, "spe": 156}, "types": ["Water", "Ground"]}, "Azelf": {"name": "Azelf", "species": "Azelf", "speciesId": "azelf", "gender": "N", "shiny": false, "level": 82, "moves": ["explosion", "psychic", "fireblast", "knockoff"], "ability": "Levitate", "evs": {"hp": 85, "atk": 85, "def": 85, "spa": 85, "spd": 85, "spe": 85}, "ivs": {"hp": 31, "atk": 31, "def": 31, "spa": 31, "spd": 31, "spe": 31}, "item": "Assault Vest", "teraType": "Fire", "role": "Fast Support", "bvs": {"hp": 75, "atk": 125, "def": 70, "spa": 125, "spd": 70, "spe": 115}, "stats": {"hp": 257, "atk": 252, "def": 162, "spa": 252, "spd": 162, "spe": 236}, "types": ["Psychic"]}, "Houndoom": {"name": "Houndoom", "species": "Houndoom", "speciesId": "houndoom", "gender": "M", "shiny": false, "level": 87, "moves": ["fireblast", "darkpulse", "sludgebomb", "nastyplot"], "ability": "Flash Fire", "evs": {"hp": 85, "atk": 0, "def": 85, "spa": 85, "spd": 85, "spe": 85}, "ivs": {"hp": 31, "atk": 0, "def": 31, "spa": 31, "spd": 31, "spe": 31}, "item": "Heavy-Duty Boots", "teraType": "Fire", "role": "Fast Attacker", "bvs": {"hp": 75, "atk": 90, "def": 50, "spa": 110, "spd": 80, "spe": 95}, "stats": {"hp": 272, "atk": 161, "def": 137, "spa": 241, "spd": 189, "spe": 215}, "types": ["Dark", "Fire"]}, "Politoed": {"name": "Politoed", "species": "Politoed", "speciesId": "politoed", "gender": "F", "shiny": false, "level": 88, "moves": ["hydropump", "icebeam", "focusblast", "weatherball"], "ability": "Drizzle", "evs": {"hp": 85, "atk": 0, "def": 85, "spa": 85, "spd": 85, "spe": 85}, "ivs": {"hp": 31, "atk": 0, "def": 31, "spa": 31, "spd": 31, "spe": 31}, "item": "Choice Specs", "teraType": "Water", "role": "Fast Attacker", "bvs": {"hp": 90, "atk": 75, "def": 75, "spa": 90, "spd": 100, "spe": 70}, "stats": {"hp": 302, "atk": 137, "def": 182, "spa": 209, "spd": 226, "spe": 173}, "types": ["Water"]}}, {"Ariados": {"name": "Ariados", "species": "Ariados", "speciesId": "ariados", "gender": "M", "shiny": false, "level": 95, "moves": ["megahorn", "suckerpunch", "stickyweb", "poisonjab"], "ability": "Insomnia", "evs": {"hp": 85, "atk": 85, "def": 85, "spa": 85, "spd": 85, "spe": 85}, "ivs": {"hp": 31, "atk": 31, "def": 31, "spa": 31, "spd": 31, "spe": 31}, "item": "Focus Sash", "teraType": "Ghost", "role": "Fast Support", "bvs": {"hp": 70, "atk": 90, "def": 70, "spa": 60, "spd": 70, "spe": 40}, "stats": {"hp": 287, "atk": 225, "def": 187, "spa": 168, "spd": 187, "spe": 130}, "types": ["Bug", "Poison"]}, "Arceus": {"name": "Arceus", "species": "Arceus-Fairy", "speciesId": "arceusfairy", "gender": "N", "shiny": false, "level": 69, "moves": ["calmmind", "earthpower", "judgment", "recover"], "ability": "Multitype", "evs": {"hp": 85, "atk": 0, "def": 85, "spa": 85, "spd": 85, "spe": 85}, "ivs": {"hp": 31, "atk": 0, "def": 31, "spa": 31, "spd": 31, "spe": 31}, "item": "Pixie Plate", "teraType": "Ground", "role": "Bulky Setup", "bvs": {"hp": 120, "atk": 120, "def": 120, "spa": 120, "spd": 120, "spe": 120}, "stats": {"hp": 280, "atk": 170, "def": 206, "spa": 206, "spd": 206, "spe": 206}, "types": ["Fairy"]}, "Bisharp": {"name": "Bisharp", "species": "Bisharp", "speciesId": "bisharp", "gender": "F", "shiny": false, "level": 79, "moves": ["suckerpunch", "ironhead", "throatchop", "swordsdance"], "ability": "Defiant", "evs": {"hp": 85, "atk": 85, "def": 85, "spa": 85, "spd": 85, "spe": 85}, "ivs": {"hp": 31, "atk": 31, "def": 31, "spa": 31, "spd": 31, "spe": 31}, "item": "Eviolite", "teraType": "Flying", "role": "Bulky Attacker", "bvs": {"hp": 65, "atk": 125, "def": 100, "spa": 60, "spd": 70, "spe": 70}, "stats": {"hp": 232, "atk": 243, "def": 204, "spa": 140, "spd": 156, "spe": 156}, "types": ["Dark", "Steel"]}, "Samurott": {"name": "Samurott", "species": "Samurott", "speciesId": "samurott", "gender": "F", "shiny": false, "level": 88, "moves": ["megahorn", "swordsdance", "knockoff", "liquidation"], "ability": "Torrent", "evs": {"hp": 85, "atk": 85, "def": 85, "spa": 85, "spd": 85, "spe": 85}, "ivs": {"hp": 31, "atk": 31, "def": 31, "spa": 31, "spd": 31, "spe": 31}, "item": "Life Orb", "teraType": "Water", "role": "Setup Sweeper", "bvs": {"hp": 95, "atk": 100, "def": 85, "spa": 108, "spd": 70, "spe": 70}, "stats": {"hp": 310, "atk": 226, "def": 200, "spa": 240, "spd": 173, "spe": 173}, "types": ["Water"]}, "Archaludon": {"name": "Archaludon", "species": "Archaludon", "speciesId": "archaludon", "gender": "F", "shiny": false, "level": 78, "moves": ["thunderwave", "dracometeor", "flashcannon", "bodypress"], "ability": "Stamina", "evs": {"hp": 85, "atk": 0, "def": 85, "spa": 85, "spd": 85, "spe": 85}, "ivs": {"hp": 31, "atk": 0, "def": 31, "spa": 31, "spd": 31, "spe": 31}, "item": "Leftovers", "teraType": "Fighting", "role": "Bulky Attacker", "bvs": {"hp": 90, "atk": 105, "def": 130, "spa": 125, "spd": 65, "spe": 85}, "stats": {"hp": 268, "atk": 168, "def": 248, "spa": 240, "spd": 146, "spe": 178}, "types": ["Steel", "Dragon"]}, "Meloetta": {"name": "Meloetta", "species": "Meloetta", "speciesId": "meloetta", "gender": "N", "shiny": false, "level": 82, "moves": ["focusblast", "psyshock", "calmmind", "hypervoice"], "ability": "Serene Grace", "evs": {"hp": 85, "atk": 0, "def": 85, "spa": 85, "spd": 85, "spe": 85}, "ivs": {"hp": 31, "atk": 0, "def": 31, "spa": 31, "spd": 31, "spe": 31}, "item": "Leftovers", "teraType": "Psychic", "role": "Bulky Attacker", "bvs": {"hp": 100, "atk": 77, "def": 77, "spa": 128, "spd": 128, "spe": 90}, "stats": {"hp": 298, "atk": 131, "def": 173, "spa": 257, "spd": 257, "spe": 195}, "types": ["Normal", "Psychic"]}}]}