{"id": "gen9randombattle-2641497885", "format": "[Gen 9] Random Battle", "players": ["LizarDune", "explosiveburger"], "log": "|badge|p1|bronze|gen9randombattle|100-9\n|html|<div class=\"broadcast-red\"><strong>This battle is required to be public due to one or more player having a season medal.</strong><br />During the public phase, you can discuss the state of the ladder <a href=\"/seasondiscussion\">in a special chatroom.</a></div>\n|uhtml|medal-msg|<div class=\"broadcast-blue\">Curious what those medals under the avatar are? PS now has Ladder Seasons! For more information, check out the <a href=\"https://www.smogon.com/forums/threads/3740067/\">thread on Smogon.</a></div>\n|j|\u2606LizarDune\n|j|\u2606explosiveburger\n|t:|1782794871\n|gametype|singles\n|player|p1|LizarDune|musician|2268\n|player|p2|explosiveburger|firebreather|2299\n|gen|9\n|tier|[Gen 9] Random Battle\n|rated|\n|rule|Species Clause: Limit one of each Pok\u00e9mon\n|rule|HP Percentage Mod: HP is shown in percentages\n|rule|Sleep Clause Mod: Limit one foe put to sleep\n|rule|Illusion Level Mod: Illusion disguises the Pok\u00e9mon's true level\n|\n|t:|1782794871\n|teamsize|p1|6\n|teamsize|p2|6\n|start\n|switch|p1a: Braviary|Braviary, L85, M|309/309\n|switch|p2a: Orthworm|Orthworm, L88, F|266/266\n|turn|1\n|inactive|Battle timer is ON: inactive players will automatically lose when time's up. (requested by LizarDune)\n|\n|t:|1782794898\n|switch|p1a: Gliscor|Gliscor, L76, F|239/239\n|move|p2a: Orthworm|Stealth Rock|p1a: Gliscor\n|-sidestart|p1: LizarDune|move: Stealth Rock\n|\n|-status|p1a: Gliscor|tox|[from] item: Toxic Orb\n|upkeep\n|turn|2\n|\n|t:|1782794913\n|move|p1a: Gliscor|Knock Off|p2a: Orthworm\n|-damage|p2a: Orthworm|230/266\n|-enditem|p2a: Orthworm|Leftovers|[from] move: Knock Off|[of] p1a: Gliscor\n|move|p2a: Orthworm|Spikes|p1a: Gliscor\n|-sidestart|p1: LizarDune|Spikes\n|\n|upkeep\n|turn|3\n|\n|t:|1782794934\n|switch|p1a: Orthworm|Orthworm, L88, M|266/266\n|-damage|p1a: Orthworm|250/266|[from] Stealth Rock\n|-damage|p1a: Orthworm|217/266|[from] Spikes\n|move|p2a: Orthworm|Spikes|p1a: Orthworm\n|-sidestart|p1: LizarDune|Spikes\n|\n|-heal|p1a: Orthworm|233/266|[from] item: Leftovers\n|upkeep\n|turn|4\n|j| blasths\n|\n|t:|1782794945\n|move|p2a: Orthworm|Body Press|p1a: Orthworm\n|-supereffective|p1a: Orthworm\n|-damage|p1a: Orthworm|131/266\n|move|p1a: Orthworm|Stealth Rock|p2a: Orthworm\n|-sidestart|p2: explosiveburger|move: Stealth Rock\n|\n|-heal|p1a: Orthworm|147/266|[from] item: Leftovers\n|upkeep\n|turn|5\n|\n|t:|1782794953\n|move|p2a: Orthworm|Spikes|p1a: Orthworm\n|-sidestart|p1: LizarDune|Spikes\n|move|p1a: Orthworm|Spikes|p2a: Orthworm\n|-sidestart|p2: explosiveburger|Spikes\n|\n|-heal|p1a: Orthworm|163/266|[from] item: Leftovers\n|upkeep\n|turn|6\n|\n|t:|1782794958\n|move|p1a: Orthworm|Spikes|p2a: Orthworm\n|-sidestart|p2: explosiveburger|Spikes\n|move|p2a: Orthworm|Body Press|p1a: Orthworm\n|-supereffective|p1a: Orthworm\n|-damage|p1a: Orthworm|53/266\n|\n|-heal|p1a: Orthworm|69/266|[from] item: Leftovers\n|upkeep\n|turn|7\n|\n|t:|1782794967\n|move|p2a: Orthworm|Body Press|p1a: Orthworm\n|-supereffective|p1a: Orthworm\n|-damage|p1a: Orthworm|0 fnt\n|faint|p1a: Orthworm\n|\n|upkeep\n|\n|t:|1782794980\n|switch|p1a: Medicham|Medicham, L86, M|243/243\n|-damage|p1a: Medicham|228/243|[from] Stealth Rock\n|-damage|p1a: Medicham|168/243|[from] Spikes\n|turn|8\n|\n|t:|1782794991\n|move|p1a: Medicham|Close Combat|p2a: Orthworm\n|-supereffective|p2a: Orthworm\n|-damage|p2a: Orthworm|0 fnt\n|-unboost|p1a: Medicham|def|1\n|-unboost|p1a: Medicham|spd|1\n|faint|p2a: Orthworm\n|\n|upkeep\n|j| Kyoshi3\n|\n|t:|1782795006\n|switch|p2a: Mimikyu|Mimikyu, L79, F|216/216\n|-damage|p2a: Mimikyu|189/216|[from] Stealth Rock\n|-damage|p2a: Mimikyu|153/216|[from] Spikes\n|turn|9\n|\n|t:|1782795011\n|switch|p1a: Registeel|Registeel, L81|262/262\n|-damage|p1a: Registeel|246/262|[from] Stealth Rock\n|-damage|p1a: Registeel|181/262|[from] Spikes\n|move|p2a: Mimikyu|Swords Dance|p2a: Mimikyu\n|-boost|p2a: Mimikyu|atk|2\n|\n|-heal|p1a: Registeel|197/262|[from] item: Leftovers\n|upkeep\n|turn|10\n|\n|t:|1782795022\n|move|p2a: Mimikyu|Swords Dance|p2a: Mimikyu\n|-boost|p2a: Mimikyu|atk|2\n|move|p1a: Registeel|Thunder Wave|p2a: Mimikyu|[miss]\n|-miss|p1a: Registeel|p2a: Mimikyu\n|\n|-heal|p1a: Registeel|213/262|[from] item: Leftovers\n|upkeep\n|turn|11\n|\n|t:|1782795039\n|move|p2a: Mimikyu|Drain Punch|p1a: Registeel\n|-supereffective|p1a: Registeel\n|-crit|p1a: Registeel\n|-damage|p1a: Registeel|0 fnt\n|-heal|p2a: Mimikyu|216/216|[from] drain|[of] p1a: Registeel\n|faint|p1a: Registeel\n|-damage|p2a: Mimikyu|195/216|[from] item: Life Orb\n|\n|upkeep\n|-message|LizarDune forfeited.\n|\n|win|explosiveburger\n", "inputlog": ">version f8ac14003a5f27e1bdc8d8c59608a773c1cb96e5\n>start {\"formatid\":\"gen9randombattle\",\"seed\":\"sodium,205e1a5226aca5fce55b688025b33e9e\",\"rated\":\"Rated battle\"}\n>player p1 {\"name\":\"LizarDune\",\"avatar\":\"musician\",\"rating\":2268,\"seed\":\"sodium,8b055bcea50a113a9c5337161468f978\"}\n>player p2 {\"name\":\"explosiveburger\",\"avatar\":\"firebreather\",\"rating\":2299,\"seed\":\"sodium,e86903b1330c5368b09f781718300d54\"}\n>p1 switch 2\n>p2 move stealthrock\n>p1 move knockoff\n>p2 move spikes\n>p1 switch 5\n>p2 move spikes\n>p1 move stealthrock\n>p2 move bodypress\n>p1 move spikes\n>p2 move spikes\n>p1 move spikes\n>p2 move bodypress\n>p1 move spikes\n>p2 move bodypress\n>p1 switch 6\n>p1 move closecombat\n>p2 move heavyslam\n>p2 switch 5\n>p1 switch 4\n>p2 move swordsdance\n>p1 move thunderwave\n>p2 move swordsdance\n>p1 move thunderwave\n>p2 move drainpunch\n>forcelose p1", "uploadtime": 1782794872, "views": 7, "formatid": "gen9randombattle", "rating": null, "private": 0, "password": null, "player_dets": [{"name": "LizarDune", "avatar": "musician", "rating": 2268, "seed": "sodium,8b055bcea50a113a9c5337161468f978"}, {"name": "explosiveburger", "avatar": "firebreather", "rating": 2299, "seed": "sodium,e86903b1330c5368b09f781718300d54"}], "teams_full": [{"Braviary": {"name": "Braviary", "species": "Braviary", "speciesId": "braviary", "gender": "M", "shiny": false, "level": 85, "moves": ["bravebird", "closecombat", "roost", "bulkup"], "ability": "Defiant", "evs": {"hp": 85, "atk": 85, "def": 85, "spa": 85, "spd": 85, "spe": 85}, "ivs": {"hp": 31, "atk": 31, "def": 31, "spa": 31, "spd": 31, "spe": 31}, "item": "Heavy-Duty Boots", "teraType": "Fighting", "role": "Fast Bulky Setup", "bvs": {"hp": 100, "atk": 123, "def": 75, "spa": 57, "spd": 75, "spe": 80}, "stats": {"hp": 309, "atk": 258, "def": 176, "spa": 146, "spd": 176, "spe": 185}, "types": ["Normal", "Flying"]}, "Gliscor": {"name": "Gliscor", "species": "Gliscor", "speciesId": "gliscor", "gender": "F", "shiny": false, "level": 76, "moves": ["knockoff", "protect", "toxicspikes", "earthquake"], "ability": "Poison Heal", "evs": {"hp": 85, "atk": 85, "def": 85, "spa": 85, "spd": 85, "spe": 85}, "ivs": {"hp": 31, "atk": 31, "def": 31, "spa": 31, "spd": 31, "spe": 31}, "item": "Toxic Orb", "teraType": "Water", "role": "Bulky Support", "bvs": {"hp": 75, "atk": 95, "def": 125, "spa": 45, "spd": 75, "spe": 95}, "stats": {"hp": 239, "atk": 188, "def": 234, "spa": 112, "spd": 158, "spe": 188}, "types": ["Ground", "Flying"]}, "Virizion": {"name": "Virizion", "species": "Virizion", "speciesId": "virizion", "gender": "N", "shiny": false, "level": 82, "moves": ["closecombat", "leafblade", "stoneedge", "swordsdance"], "ability": "Justified", "evs": {"hp": 85, "atk": 85, "def": 85, "spa": 85, "spd": 85, "spe": 85}, "ivs": {"hp": 31, "atk": 31, "def": 31, "spa": 31, "spd": 31, "spe": 31}, "item": "Life Orb", "teraType": "Rock", "role": "Setup Sweeper", "bvs": {"hp": 91, "atk": 90, "def": 72, "spa": 90, "spd": 129, "spe": 108}, "stats": {"hp": 283, "atk": 195, "def": 165, "spa": 195, "spd": 259, "spe": 224}, "types": ["Grass", "Fighting"]}, "Registeel": {"name": "Registeel", "species": "Registeel", "speciesId": "registeel", "gender": "N", "shiny": false, "level": 81, "moves": ["thunderwave", "irondefense", "bodypress", "ironhead"], "ability": "Clear Body", "evs": {"hp": 85, "atk": 85, "def": 85, "spa": 85, "spd": 85, "spe": 85}, "ivs": {"hp": 31, "atk": 31, "def": 31, "spa": 31, "spd": 31, "spe": 31}, "item": "Leftovers", "teraType": "Fighting", "role": "Bulky Support", "bvs": {"hp": 80, "atk": 75, "def": 150, "spa": 75, "spd": 150, "spe": 50}, "stats": {"hp": 262, "atk": 168, "def": 290, "spa": 168, "spd": 290, "spe": 128}, "types": ["Steel"]}, "Orthworm": {"name": "Orthworm", "species": "Orthworm", "speciesId": "orthworm", "gender": "M", "shiny": false, "level": 88, "moves": ["heavyslam", "stealthrock", "bodypress", "spikes"], "ability": "Earth Eater", "evs": {"hp": 85, "atk": 85, "def": 85, "spa": 85, "spd": 85, "spe": 85}, "ivs": {"hp": 31, "atk": 31, "def": 31, "spa": 31, "spd": 31, "spe": 31}, "item": "Leftovers", "teraType": "Electric", "role": "Bulky Attacker", "bvs": {"hp": 70, "atk": 85, "def": 145, "spa": 60, "spd": 55, "spe": 65}, "stats": {"hp": 266, "atk": 200, "def": 305, "spa": 156, "spd": 147, "spe": 165}, "types": ["Steel"]}, "Medicham": {"name": "Medicham", "species": "Medicham", "speciesId": "medicham", "gender": "M", "shiny": false, "level": 86, "moves": ["bulletpunch", "zenheadbutt", "poisonjab", "closecombat"], "ability": "Pure Power", "evs": {"hp": 85, "atk": 85, "def": 85, "spa": 85, "spd": 85, "spe": 85}, "ivs": {"hp": 31, "atk": 31, "def": 31, "spa": 31, "spd": 31, "spe": 31}, "item": "Choice Band", "teraType": "Fighting", "role": "Fast Attacker", "bvs": {"hp": 60, "atk": 60, "def": 75, "spa": 60, "spd": 75, "spe": 80}, "stats": {"hp": 243, "atk": 152, "def": 178, "spa": 152, "spd": 178, "spe": 187}, "types": ["Fighting", "Psychic"]}}, {"Orthworm": {"name": "Orthworm", "species": "Orthworm", "speciesId": "orthworm", "gender": "F", "shiny": false, "level": 88, "moves": ["spikes", "bodypress", "stealthrock", "heavyslam"], "ability": "Earth Eater", "evs": {"hp": 85, "atk": 85, "def": 85, "spa": 85, "spd": 85, "spe": 85}, "ivs": {"hp": 31, "atk": 31, "def": 31, "spa": 31, "spd": 31, "spe": 31}, "item": "Leftovers", "teraType": "Fighting", "role": "Bulky Attacker", "bvs": {"hp": 70, "atk": 85, "def": 145, "spa": 60, "spd": 55, "spe": 65}, "stats": {"hp": 266, "atk": 200, "def": 305, "spa": 156, "spd": 147, "spe": 165}, "types": ["Steel"]}, "Annihilape": {"name": "Annihilape", "species": "Annihilape", "speciesId": "annihilape", "gender": "M", "shiny": false, "level": 76, "moves": ["bulkup", "ragefist", "drainpunch", "taunt"], "ability": "Defiant", "evs": {"hp": 85, "atk": 85, "def": 85, "spa": 85, "spd": 85, "spe": 85}, "ivs": {"hp": 31, "atk": 31, "def": 31, "spa": 31, "spd": 31, "spe": 31}, "item": "Leftovers", "teraType": "Fairy", "role": "Bulky Setup", "bvs": {"hp": 110, "atk": 115, "def": 80, "spa": 50, "spd": 90, "spe": 90}, "stats": {"hp": 292, "atk": 219, "def": 166, "spa": 120, "spd": 181, "spe": 181}, "types": ["Fighting", "Ghost"]}, "Vivillon": {"name": "Vivillon", "species": "Vivillon-Continental", "speciesId": "vivillon", "gender": "M", "shiny": false, "level": 83, "moves": ["hurricane", "quiverdance", "terablast", "sleeppowder"], "ability": "Compound Eyes", "evs": {"hp": 85, "atk": 0, "def": 85, "spa": 85, "spd": 85, "spe": 85}, "ivs": {"hp": 31, "atk": 0, "def": 31, "spa": 31, "spd": 31, "spe": 31}, "item": "Heavy-Duty Boots", "teraType": "Ground", "role": "Tera Blast user", "bvs": {"hp": 80, "atk": 52, "def": 50, "spa": 90, "spd": 50, "spe": 89}, "stats": {"hp": 268, "atk": 91, "def": 131, "spa": 197, "spd": 131, "spe": 195}, "types": ["Bug", "Flying"]}, "Toucannon": {"name": "Toucannon", "species": "Toucannon", "speciesId": "toucannon", "gender": "M", "shiny": false, "level": 88, "moves": ["roost", "knockoff", "boomburst", "beakblast"], "ability": "Keen Eye", "evs": {"hp": 85, "atk": 85, "def": 85, "spa": 85, "spd": 85, "spe": 85}, "ivs": {"hp": 31, "atk": 31, "def": 31, "spa": 31, "spd": 31, "spe": 31}, "item": "Heavy-Duty Boots", "teraType": "Steel", "role": "Bulky Support", "bvs": {"hp": 80, "atk": 120, "def": 75, "spa": 75, "spd": 75, "spe": 60}, "stats": {"hp": 284, "atk": 261, "def": 182, "spa": 182, "spd": 182, "spe": 156}, "types": ["Normal", "Flying"]}, "Mimikyu": {"name": "Mimikyu", "species": "Mimikyu", "speciesId": "mimikyu", "gender": "F", "shiny": false, "level": 79, "moves": ["playrough", "swordsdance", "shadowsneak", "drainpunch"], "ability": "Disguise", "evs": {"hp": 85, "atk": 85, "def": 85, "spa": 85, "spd": 85, "spe": 85}, "ivs": {"hp": 31, "atk": 31, "def": 31, "spa": 31, "spd": 31, "spe": 31}, "item": "Life Orb", "teraType": "Fairy", "role": "Setup Sweeper", "bvs": {"hp": 55, "atk": 90, "def": 80, "spa": 50, "spd": 105, "spe": 96}, "stats": {"hp": 216, "atk": 188, "def": 172, "spa": 125, "spd": 211, "spe": 197}, "types": ["Ghost", "Fairy"]}, "Farigiraf": {"name": "Farigiraf", "species": "Farigiraf", "speciesId": "farigiraf", "gender": "M", "shiny": false, "level": 90, "moves": ["protect", "psychicnoise", "bodyslam", "wish"], "ability": "Sap Sipper", "evs": {"hp": 85, "atk": 85, "def": 85, "spa": 85, "spd": 85, "spe": 85}, "ivs": {"hp": 31, "atk": 31, "def": 31, "spa": 31, "spd": 31, "spe": 31}, "item": "Leftovers", "teraType": "Water", "role": "Bulky Support", "bvs": {"hp": 120, "atk": 90, "def": 70, "spa": 110, "spd": 70, "spe": 60}, "stats": {"hp": 362, "atk": 213, "def": 177, "spa": 249, "spd": 177, "spe": 159}, "types": ["Normal", "Psychic"]}}]}