{"id": "gen9randombattle-2641520005", "format": "[Gen 9] Random Battle", "players": ["sj7920321", "GrandRobo"], "log": "|j|\u2606sj7920321\n|j|\u2606GrandRobo\n|t:|1782799510\n|gametype|singles\n|player|p1|sj7920321|steven|1468\n|player|p2|GrandRobo|veteran|1457\n|gen|9\n|tier|[Gen 9] Random Battle\n|rated|\n|rule|Species Clause: Limit one of each Pok\u00e9mon\n|rule|HP Percentage Mod: HP is shown in percentages\n|rule|Sleep Clause Mod: Limit one foe put to sleep\n|rule|Illusion Level Mod: Illusion disguises the Pok\u00e9mon's true level\n|\n|t:|1782799510\n|teamsize|p1|6\n|teamsize|p2|6\n|start\n|switch|p1a: Granbull|Granbull, L88, M|302/302\n|switch|p2a: Toxicroak|Toxicroak, L84, M|277/277\n|-ability|p1a: Granbull|Intimidate|boost\n|-unboost|p2a: Toxicroak|atk|1\n|turn|1\n|inactive|Battle timer is ON: inactive players will automatically lose when time's up. (requested by GrandRobo)\n|\n|t:|1782799532\n|move|p2a: Toxicroak|Gunk Shot|p1a: Granbull\n|-supereffective|p1a: Granbull\n|-damage|p1a: Granbull|45/302\n|-status|p1a: Granbull|psn\n|-damage|p2a: Toxicroak|250/277|[from] item: Life Orb\n|move|p1a: Granbull|Thunder Wave|p2a: Toxicroak\n|-status|p2a: Toxicroak|par\n|\n|-heal|p1a: Granbull|63/302 psn|[from] item: Leftovers\n|-damage|p1a: Granbull|26/302 psn|[from] psn\n|upkeep\n|turn|2\n|\n|t:|1782799548\n|move|p1a: Granbull|Earthquake|p2a: Toxicroak\n|-supereffective|p2a: Toxicroak\n|-damage|p2a: Toxicroak|26/277 par\n|move|p2a: Toxicroak|Earthquake|p1a: Granbull\n|-damage|p1a: Granbull|0 fnt\n|faint|p1a: Granbull\n|-damage|p2a: Toxicroak|0 fnt|[from] item: Life Orb\n|faint|p2a: Toxicroak\n|\n|upkeep\n|\n|t:|1782799567\n|switch|p2a: Klefki|Klefki, L84, F|233/233\n|switch|p1a: Comfey|Comfey, L85, M|225/225\n|turn|3\n|\n|t:|1782799574\n|move|p2a: Klefki|Thunder Wave|p1a: Comfey\n|-status|p1a: Comfey|par\n|move|p1a: Comfey|Calm Mind|p1a: Comfey\n|-boost|p1a: Comfey|spa|1\n|-boost|p1a: Comfey|spd|1\n|\n|upkeep\n|turn|4\n|\n|t:|1782799592\n|move|p2a: Klefki|Spikes|p1a: Comfey\n|-sidestart|p1: sj7920321|Spikes\n|move|p1a: Comfey|Calm Mind|p1a: Comfey\n|-boost|p1a: Comfey|spa|1\n|-boost|p1a: Comfey|spd|1\n|\n|upkeep\n|turn|5\n|\n|t:|1782799603\n|move|p2a: Klefki|Spikes|p1a: Comfey\n|-sidestart|p1: sj7920321|Spikes\n|move|p1a: Comfey|Calm Mind|p1a: Comfey\n|-boost|p1a: Comfey|spa|1\n|-boost|p1a: Comfey|spd|1\n|\n|upkeep\n|turn|6\n|\n|t:|1782799612\n|switch|p2a: Landorus|Landorus, L75, M|257/257\n|move|p1a: Comfey|Calm Mind|p1a: Comfey\n|-boost|p1a: Comfey|spa|1\n|-boost|p1a: Comfey|spd|1\n|\n|upkeep\n|turn|7\n|\n|t:|1782799622\n|-terastallize|p2a: Landorus|Poison\n|move|p2a: Landorus|Sludge Wave|p1a: Comfey\n|-supereffective|p1a: Comfey\n|-damage|p1a: Comfey|131/225 par\n|cant|p1a: Comfey|par\n|\n|-heal|p1a: Comfey|145/225 par|[from] item: Leftovers\n|upkeep\n|turn|8\n|\n|t:|1782799635\n|move|p1a: Comfey|Draining Kiss|p2a: Landorus\n|-resisted|p2a: Landorus\n|-damage|p2a: Landorus|165/257\n|-heal|p1a: Comfey|214/225 par|[from] drain|[of] p2a: Landorus\n|move|p2a: Landorus|Sludge Wave|p1a: Comfey\n|-supereffective|p1a: Comfey\n|-damage|p1a: Comfey|118/225 par\n|\n|-heal|p1a: Comfey|132/225 par|[from] item: Leftovers\n|upkeep\n|turn|9\n|\n|t:|1782799646\n|move|p1a: Comfey|Draining Kiss|p2a: Landorus\n|-resisted|p2a: Landorus\n|-damage|p2a: Landorus|77/257\n|-heal|p1a: Comfey|198/225 par|[from] drain|[of] p2a: Landorus\n|move|p2a: Landorus|Sludge Wave|p1a: Comfey\n|-supereffective|p1a: Comfey\n|-damage|p1a: Comfey|112/225 par\n|\n|-heal|p1a: Comfey|126/225 par|[from] item: Leftovers\n|upkeep\n|turn|10\n|\n|t:|1782799661\n|cant|p1a: Comfey|par\n|move|p2a: Landorus|Sludge Wave|p1a: Comfey\n|-supereffective|p1a: Comfey\n|-damage|p1a: Comfey|30/225 par\n|\n|-heal|p1a: Comfey|44/225 par|[from] item: Leftovers\n|upkeep\n|turn|11\n|\n|t:|1782799670\n|move|p2a: Landorus|Sludge Wave|p1a: Comfey\n|-supereffective|p1a: Comfey\n|-damage|p1a: Comfey|0 fnt\n|faint|p1a: Comfey\n|\n|upkeep\n|inactive|sj7920321 has 120 seconds left.\n|\n|t:|1782799702\n|switch|p1a: Wugtrio|Wugtrio, L91, F|212/212\n|-damage|p1a: Wugtrio|177/212|[from] Spikes\n|turn|12\n|inactive|sj7920321 has 120 seconds left.\n|\n|t:|1782799717\n|switch|p2a: Swampert|Swampert, L83, F|302/302\n|move|p1a: Wugtrio|Stomping Tantrum|p2a: Swampert\n|-damage|p2a: Swampert|214/302\n|\n|-heal|p2a: Swampert|232/302|[from] item: Leftovers\n|upkeep\n|turn|13\n|inactive|sj7920321 has 120 seconds left.\n|\n|t:|1782799733\n|switch|p1a: Hypno|Hypno, L95, M|315/315\n|-damage|p1a: Hypno|263/315|[from] Spikes\n|move|p2a: Swampert|Yawn|p1a: Hypno\n|-immune|p1a: Hypno|[from] ability: Insomnia\n|\n|-heal|p1a: Hypno|282/315|[from] item: Leftovers\n|-heal|p2a: Swampert|250/302|[from] item: Leftovers\n|upkeep\n|turn|14\n|inactive|sj7920321 has 120 seconds left.\n|\n|t:|1782799766\n|move|p1a: Hypno|Toxic|p2a: Swampert\n|-status|p2a: Swampert|tox\n|move|p2a: Swampert|Knock Off|p1a: Hypno\n|-supereffective|p1a: Hypno\n|-damage|p1a: Hypno|138/315\n|-enditem|p1a: Hypno|Leftovers|[from] move: Knock Off|[of] p2a: Swampert\n|\n|-heal|p2a: Swampert|268/302 tox|[from] item: Leftovers\n|-damage|p2a: Swampert|250/302 tox|[from] psn\n|upkeep\n|turn|15\n|\n|t:|1782799779\n|move|p1a: Hypno|Protect|p1a: Hypno\n|-singleturn|p1a: Hypno|Protect\n|move|p2a: Swampert|Knock Off|p1a: Hypno\n|-activate|p1a: Hypno|move: Protect\n|\n|-heal|p2a: Swampert|268/302 tox|[from] item: Leftovers\n|-damage|p2a: Swampert|232/302 tox|[from] psn\n|upkeep\n|turn|16\n|\n|t:|1782799789\n|move|p1a: Hypno|Psychic Noise|p2a: Swampert\n|-damage|p2a: Swampert|142/302 tox\n|-start|p2a: Swampert|move: Heal Block\n|move|p2a: Swampert|Knock Off|p1a: Hypno\n|-supereffective|p1a: Hypno\n|-damage|p1a: Hypno|24/315\n|\n|-damage|p2a: Swampert|88/302 tox|[from] psn\n|upkeep\n|turn|17\n|\n|t:|1782799801\n|switch|p2a: Landorus|Landorus, L75, M, tera:Poison|77/257\n|move|p1a: Hypno|Protect||[still]\n|-fail|p1a: Hypno\n|\n|upkeep\n|turn|18\n|\n|t:|1782799810\n|move|p1a: Hypno|Protect|p1a: Hypno\n|-singleturn|p1a: Hypno|Protect\n|move|p2a: Landorus|Earth Power|p1a: Hypno\n|-activate|p1a: Hypno|move: Protect\n|\n|upkeep\n|turn|19\n|\n|t:|1782799817\n|move|p2a: Landorus|Sludge Wave|p1a: Hypno\n|-damage|p1a: Hypno|0 fnt\n|faint|p1a: Hypno\n|\n|upkeep\n|\n|t:|1782799823\n|switch|p1a: Wugtrio|Wugtrio, L91, F|177/212\n|-damage|p1a: Wugtrio|142/212|[from] Spikes\n|turn|20\n|\n|t:|1782799833\n|switch|p2a: Klefki|Klefki, L84, F|233/233\n|move|p1a: Wugtrio|Liquidation|p2a: Klefki\n|-damage|p2a: Klefki|68/233\n|\n|-heal|p2a: Klefki|82/233|[from] item: Leftovers\n|upkeep\n|turn|21\n|inactive|sj7920321 has 120 seconds left.\n|\n|t:|1782799842\n|move|p2a: Klefki|Thunder Wave|p1a: Wugtrio|[miss]\n|-miss|p2a: Klefki|p1a: Wugtrio\n|move|p1a: Wugtrio|Liquidation|p2a: Klefki\n|-damage|p2a: Klefki|0 fnt\n|faint|p2a: Klefki\n|\n|upkeep\n|\n|t:|1782799852\n|switch|p2a: Phione|Phione, L91|293/293\n|turn|22\n|\n|t:|1782799862\n|switch|p1a: Altaria|Altaria, L89, M|278/278\n|move|p2a: Phione|Scald|p1a: Altaria\n|-resisted|p1a: Altaria\n|-damage|p1a: Altaria|242/278\n|\n|upkeep\n|turn|23\n|\n|t:|1782799874\n|switch|p2a: Landorus|Landorus, L75, M, tera:Poison|77/257\n|move|p1a: Altaria|Dragon Dance|p1a: Altaria\n|-boost|p1a: Altaria|atk|1\n|-boost|p1a: Altaria|spe|1\n|\n|upkeep\n|turn|24\n|\n|t:|1782799882\n|move|p1a: Altaria|Earthquake|p2a: Landorus\n|-supereffective|p2a: Landorus\n|-damage|p2a: Landorus|0 fnt\n|faint|p2a: Landorus\n|\n|upkeep\n|\n|t:|1782799890\n|switch|p2a: Swampert|Swampert, L83, F|88/302 tox\n|turn|25\n|\n|t:|1782799896\n|move|p1a: Altaria|Brave Bird|p2a: Swampert\n|-damage|p2a: Swampert|0 fnt\n|faint|p2a: Swampert\n|-damage|p1a: Altaria|213/278|[from] Recoil\n|\n|upkeep\n|\n|t:|1782799902\n|switch|p2a: Magcargo|Magcargo, L95, M|268/268\n|turn|26\n|\n|t:|1782799906\n|move|p1a: Altaria|Earthquake|p2a: Magcargo\n|-supereffective|p2a: Magcargo\n|-damage|p2a: Magcargo|12/268\n|move|p2a: Magcargo|Power Gem|p1a: Altaria\n|-supereffective|p1a: Altaria\n|-damage|p1a: Altaria|43/278\n|\n|upkeep\n|turn|27\n|\n|t:|1782799914\n|move|p1a: Altaria|Earthquake|p2a: Magcargo\n|-supereffective|p2a: Magcargo\n|-damage|p2a: Magcargo|0 fnt\n|faint|p2a: Magcargo\n|\n|upkeep\n|\n|t:|1782799918\n|switch|p2a: Phione|Phione, L91|293/293\n|turn|28\n|\n|t:|1782799922\n|move|p1a: Altaria|Brave Bird|p2a: Phione\n|-damage|p2a: Phione|127/293\n|-damage|p1a: Altaria|0 fnt|[from] Recoil\n|faint|p1a: Altaria\n|move|p2a: Phione|Scald|p1: Altaria|[notarget]\n|-fail|p2a: Phione\n|\n|-heal|p2a: Phione|145/293|[from] item: Leftovers\n|upkeep\n|\n|t:|1782799933\n|switch|p1a: Latias|Latias, L79, F|256/256\n|turn|29\n|\n|t:|1782799939\n|move|p1a: Latias|Draco Meteor|p2a: Phione|[miss]\n|-miss|p1a: Latias|p2a: Phione\n|move|p2a: Phione|Scald|p1a: Latias\n|-resisted|p1a: Latias\n|-damage|p1a: Latias|220/256\n|\n|-heal|p2a: Phione|163/293|[from] item: Leftovers\n|upkeep\n|turn|30\n|\n|t:|1782799949\n|move|p1a: Latias|Draco Meteor|p2a: Phione\n|-damage|p2a: Phione|16/293\n|-unboost|p1a: Latias|spa|2\n|move|p2a: Phione|Scald|p1a: Latias\n|-resisted|p1a: Latias\n|-damage|p1a: Latias|187/256\n|\n|-heal|p2a: Phione|34/293|[from] item: Leftovers\n|upkeep\n|turn|31\n|\n|t:|1782799960\n|move|p1a: Latias|Psyshock|p2a: Phione\n|-damage|p2a: Phione|0 fnt\n|faint|p2a: Phione\n|\n|win|sj7920321\n|raw|sj7920321's rating: 1468 &rarr; <strong>1487</strong><br />(+19 for winning)\n|raw|GrandRobo's rating: 1457 &rarr; <strong>1438</strong><br />(-19 for losing)\n|l|\u2606GrandRobo\n|player|p2|\n", "inputlog": ">version f8ac14003a5f27e1bdc8d8c59608a773c1cb96e5\n>start {\"formatid\":\"gen9randombattle\",\"seed\":\"sodium,c105404106e559e597eb01954b2e148e\",\"rated\":\"Rated battle\"}\n>player p1 {\"name\":\"sj7920321\",\"avatar\":\"steven\",\"rating\":1468,\"seed\":\"sodium,b0c31f4ae77554f10eb9eea3d1d9f0fb\"}\n>player p2 {\"name\":\"GrandRobo\",\"avatar\":\"veteran\",\"rating\":1457,\"seed\":\"sodium,ab1c2a73ba1f6e82a4f7ef5b51a07252\"}\n>p1 move thunderwave\n>p2 move gunkshot\n>p1 move earthquake\n>p2 move earthquake\n>p1 switch 5\n>p2 switch 6\n>p1 move calmmind\n>p2 move thunderwave\n>p1 move calmmind\n>p2 move spikes\n>p1 move calmmind\n>p2 move spikes\n>p1 move calmmind\n>p2 switch 3\n>p1 move calmmind\n>p2 move sludgewave terastallize\n>p1 move drainingkiss\n>p2 move sludgewave\n>p1 move drainingkiss\n>p2 move sludgewave\n>p1 move drainingkiss\n>p2 move sludgewave\n>p1 move storedpower\n>p2 move sludgewave\n>p1 switch 2\n>p1 move stompingtantrum\n>p2 switch 5\n>p1 switch 4\n>p2 move yawn\n>p1 move toxic\n>p2 move knockoff\n>p1 move protect\n>p2 move knockoff\n>p1 move psychicnoise\n>p2 move knockoff\n>p1 move protect\n>p2 switch 5\n>p1 move protect\n>p2 move earthpower\n>p1 move psychicnoise\n>p2 move sludgewave\n>p1 switch 4\n>p1 move liquidation\n>p2 switch 3\n>p1 move liquidation\n>p2 move thunderwave\n>p2 switch 4\n>p1 switch 6\n>p2 move scald\n>p1 move dragondance\n>p2 switch 3\n>p1 move earthquake\n>p2 move rockslide\n>p2 switch 5\n>p1 move bravebird\n>p2 move yawn\n>p2 switch 2\n>p1 move earthquake\n>p2 move powergem\n>p1 move earthquake\n>p2 move powergem\n>p2 switch 3\n>p1 move bravebird\n>p2 move scald\n>p1 switch 3\n>p1 move dracometeor\n>p2 move scald\n>p1 move dracometeor\n>p2 move scald\n>p1 move psyshock\n>p2 move rest", "uploadtime": 1782799968, "views": 2, "formatid": "gen9randombattle", "rating": 1438, "private": 0, "password": null, "player_dets": [{"name": "sj7920321", "avatar": "steven", "rating": 1468, "seed": "sodium,b0c31f4ae77554f10eb9eea3d1d9f0fb"}, {"name": "GrandRobo", "avatar": "veteran", "rating": 1457, "seed": "sodium,ab1c2a73ba1f6e82a4f7ef5b51a07252"}], "teams_full": [{"Granbull": {"name": "Granbull", "species": "Granbull", "speciesId": "granbull", "gender": "M", "shiny": false, "level": 88, "moves": ["encore", "playrough", "thunderwave", "earthquake"], "ability": "Intimidate", "evs": {"hp": 85, "atk": 85, "def": 85, "spa": 85, "spd": 85, "spe": 85}, "ivs": {"hp": 31, "atk": 31, "def": 31, "spa": 31, "spd": 31, "spe": 31}, "item": "Leftovers", "teraType": "Ground", "role": "Bulky Attacker", "bvs": {"hp": 90, "atk": 120, "def": 75, "spa": 60, "spd": 60, "spe": 45}, "stats": {"hp": 302, "atk": 261, "def": 182, "spa": 156, "spd": 156, "spe": 129}, "types": ["Fairy"]}, "Wugtrio": {"name": "Wugtrio", "species": "Wugtrio", "speciesId": "wugtrio", "gender": "F", "shiny": false, "level": 91, "moves": ["stompingtantrum", "liquidation", "throatchop", "aquajet"], "ability": "Gooey", "evs": {"hp": 85, "atk": 85, "def": 85, "spa": 85, "spd": 85, "spe": 85}, "ivs": {"hp": 31, "atk": 31, "def": 31, "spa": 31, "spd": 31, "spe": 31}, "item": "Choice Band", "teraType": "Ground", "role": "Fast Attacker", "bvs": {"hp": 35, "atk": 100, "def": 50, "spa": 50, "spd": 70, "spe": 120}, "stats": {"hp": 212, "atk": 234, "def": 143, "spa": 143, "spd": 179, "spe": 270}, "types": ["Water"]}, "Latias": {"name": "Latias", "species": "Latias", "speciesId": "latias", "gender": "F", "shiny": false, "level": 79, "moves": ["calmmind", "recover", "psyshock", "dracometeor"], "ability": "Levitate", "evs": {"hp": 85, "atk": 0, "def": 85, "spa": 85, "spd": 85, "spe": 85}, "ivs": {"hp": 31, "atk": 0, "def": 31, "spa": 31, "spd": 31, "spe": 31}, "item": "Soul Dew", "teraType": "Steel", "role": "Fast Bulky Setup", "bvs": {"hp": 80, "atk": 80, "def": 90, "spa": 110, "spd": 130, "spe": 110}, "stats": {"hp": 256, "atk": 131, "def": 188, "spa": 219, "spd": 251, "spe": 219}, "types": ["Dragon", "Psychic"]}, "Hypno": {"name": "Hypno", "species": "Hypno", "speciesId": "hypno", "gender": "M", "shiny": false, "level": 95, "moves": ["protect", "focusblast", "toxic", "psychicnoise"], "ability": "Insomnia", "evs": {"hp": 85, "atk": 0, "def": 85, "spa": 85, "spd": 85, "spe": 85}, "ivs": {"hp": 31, "atk": 0, "def": 31, "spa": 31, "spd": 31, "spe": 31}, "item": "Leftovers", "teraType": "Steel", "role": "Bulky Attacker", "bvs": {"hp": 85, "atk": 73, "def": 70, "spa": 73, "spd": 115, "spe": 67}, "stats": {"hp": 315, "atk": 143, "def": 187, "spa": 193, "spd": 272, "spe": 181}, "types": ["Psychic"]}, "Comfey": {"name": "Comfey", "species": "Comfey", "speciesId": "comfey", "gender": "M", "shiny": false, "level": 85, "moves": ["drainingkiss", "gigadrain", "storedpower", "calmmind"], "ability": "Triage", "evs": {"hp": 85, "atk": 0, "def": 85, "spa": 85, "spd": 85, "spe": 85}, "ivs": {"hp": 31, "atk": 0, "def": 31, "spa": 31, "spd": 31, "spe": 31}, "item": "Leftovers", "teraType": "Poison", "role": "Bulky Setup", "bvs": {"hp": 51, "atk": 52, "def": 90, "spa": 82, "spd": 110, "spe": 100}, "stats": {"hp": 225, "atk": 93, "def": 202, "spa": 188, "spd": 236, "spe": 219}, "types": ["Fairy"]}, "Altaria": {"name": "Altaria", "species": "Altaria", "speciesId": "altaria", "gender": "M", "shiny": false, "level": 89, "moves": ["bravebird", "dragondance", "roost", "earthquake"], "ability": "Natural Cure", "evs": {"hp": 85, "atk": 85, "def": 85, "spa": 85, "spd": 85, "spe": 85}, "ivs": {"hp": 31, "atk": 31, "def": 31, "spa": 31, "spd": 31, "spe": 31}, "item": "Heavy-Duty Boots", "teraType": "Steel", "role": "Bulky Setup", "bvs": {"hp": 75, "atk": 70, "def": 90, "spa": 70, "spd": 105, "spe": 80}, "stats": {"hp": 278, "atk": 175, "def": 211, "spa": 175, "spd": 238, "spe": 193}, "types": ["Dragon", "Flying"]}}, {"Toxicroak": {"name": "Toxicroak", "species": "Toxicroak", "speciesId": "toxicroak", "gender": "M", "shiny": false, "level": 84, "moves": ["earthquake", "closecombat", "gunkshot", "swordsdance"], "ability": "Dry Skin", "evs": {"hp": 85, "atk": 85, "def": 85, "spa": 85, "spd": 85, "spe": 85}, "ivs": {"hp": 31, "atk": 31, "def": 31, "spa": 31, "spd": 31, "spe": 31}, "item": "Life Orb", "teraType": "Ground", "role": "Setup Sweeper", "bvs": {"hp": 83, "atk": 106, "def": 65, "spa": 86, "spd": 65, "spe": 85}, "stats": {"hp": 277, "atk": 226, "def": 157, "spa": 193, "spd": 157, "spe": 191}, "types": ["Poison", "Fighting"]}, "Magcargo": {"name": "Magcargo", "species": "Magcargo", "speciesId": "magcargo", "gender": "M", "shiny": false, "level": 95, "moves": ["recover", "powergem", "lavaplume", "yawn"], "ability": "Flame Body", "evs": {"hp": 85, "atk": 0, "def": 85, "spa": 85, "spd": 85, "spe": 85}, "ivs": {"hp": 31, "atk": 0, "def": 31, "spa": 31, "spd": 31, "spe": 31}, "item": "Heavy-Duty Boots", "teraType": "Grass", "role": "Bulky Support", "bvs": {"hp": 60, "atk": 50, "def": 120, "spa": 90, "spd": 80, "spe": 30}, "stats": {"hp": 268, "atk": 100, "def": 282, "spa": 225, "spd": 206, "spe": 111}, "types": ["Fire", "Rock"]}, "Landorus": {"name": "Landorus", "species": "Landorus", "speciesId": "landorus", "gender": "M", "shiny": false, "level": 75, "moves": ["sludgewave", "earthpower", "focusblast", "rockslide"], "ability": "Sheer Force", "evs": {"hp": 85, "atk": 85, "def": 85, "spa": 85, "spd": 85, "spe": 85}, "ivs": {"hp": 31, "atk": 31, "def": 31, "spa": 31, "spd": 31, "spe": 31}, "item": "Life Orb", "teraType": "Poison", "role": "Fast Attacker", "bvs": {"hp": 89, "atk": 125, "def": 90, "spa": 115, "spd": 80, "spe": 101}, "stats": {"hp": 257, "atk": 231, "def": 179, "spa": 216, "spd": 164, "spe": 195}, "types": ["Ground", "Flying"]}, "Phione": {"name": "Phione", "species": "Phione", "speciesId": "phione", "gender": "N", "shiny": false, "level": 91, "moves": ["rest", "sleeptalk", "scald", "takeheart"], "ability": "Hydration", "evs": {"hp": 85, "atk": 0, "def": 85, "spa": 85, "spd": 85, "spe": 85}, "ivs": {"hp": 31, "atk": 0, "def": 31, "spa": 31, "spd": 31, "spe": 31}, "item": "Leftovers", "teraType": "Dragon", "role": "Bulky Setup", "bvs": {"hp": 80, "atk": 80, "def": 80, "spa": 80, "spd": 80, "spe": 80}, "stats": {"hp": 293, "atk": 150, "def": 197, "spa": 197, "spd": 197, "spe": 197}, "types": ["Water"]}, "Swampert": {"name": "Swampert", "species": "Swampert", "speciesId": "swampert", "gender": "F", "shiny": false, "level": 83, "moves": ["earthquake", "yawn", "knockoff", "flipturn"], "ability": "Torrent", "evs": {"hp": 85, "atk": 85, "def": 85, "spa": 85, "spd": 85, "spe": 85}, "ivs": {"hp": 31, "atk": 31, "def": 31, "spa": 31, "spd": 31, "spe": 31}, "item": "Leftovers", "teraType": "Steel", "role": "Bulky Support", "bvs": {"hp": 100, "atk": 110, "def": 90, "spa": 85, "spd": 90, "spe": 60}, "stats": {"hp": 302, "atk": 230, "def": 197, "spa": 189, "spd": 197, "spe": 147}, "types": ["Water", "Ground"]}, "Klefki": {"name": "Klefki", "species": "Klefki", "speciesId": "klefki", "gender": "F", "shiny": false, "level": 84, "moves": ["playrough", "spikes", "thunderwave", "magnetrise"], "ability": "Prankster", "evs": {"hp": 85, "atk": 85, "def": 85, "spa": 85, "spd": 85, "spe": 85}, "ivs": {"hp": 31, "atk": 31, "def": 31, "spa": 31, "spd": 31, "spe": 31}, "item": "Leftovers", "teraType": "Water", "role": "Bulky Support", "bvs": {"hp": 57, "atk": 80, "def": 91, "spa": 80, "spd": 87, "spe": 75}, "stats": {"hp": 233, "atk": 183, "def": 201, "spa": 183, "spd": 194, "spe": 174}, "types": ["Steel", "Fairy"]}}]}