{"id": "gen9randombattle-2641554796", "format": "[Gen 9] Random Battle", "players": ["gggacaad", "lolopoko"], "log": "|j|\u2606gggacaad\n|j|\u2606lolopoko\n|t:|1782806957\n|gametype|singles\n|player|p1|gggacaad|2|1762\n|player|p2|lolopoko|101|1782\n|gen|9\n|tier|[Gen 9] Random Battle\n|rated|\n|rule|Species Clause: Limit one of each Pok\u00e9mon\n|rule|HP Percentage Mod: HP is shown in percentages\n|rule|Sleep Clause Mod: Limit one foe put to sleep\n|rule|Illusion Level Mod: Illusion disguises the Pok\u00e9mon's true level\n|\n|t:|1782806957\n|teamsize|p1|6\n|teamsize|p2|6\n|start\n|switch|p1a: Armarouge|Armarouge, L80, M|267/267\n|switch|p2a: Whimsicott|Whimsicott, L84, F|238/238\n|turn|1\n|\n|t:|1782806963\n|move|p2a: Whimsicott|Leech Seed|p1a: Armarouge\n|-start|p1a: Armarouge|move: Leech Seed\n|move|p1a: Armarouge|Armor Cannon|p2a: Whimsicott\n|-supereffective|p2a: Whimsicott\n|-damage|p2a: Whimsicott|0 fnt\n|-unboost|p1a: Armarouge|def|1\n|-unboost|p1a: Armarouge|spd|1\n|faint|p2a: Whimsicott\n|\n|upkeep\n|\n|t:|1782806971\n|switch|p2a: Overqwil|Overqwil, L82, F|274/274\n|-ability|p2a: Overqwil|Intimidate|boost\n|-unboost|p1a: Armarouge|atk|1\n|turn|2\n|\n|t:|1782806983\n|switch|p1a: Amoonguss|Amoonguss, L82, F|321/321\n|move|p2a: Overqwil|Swords Dance|p2a: Overqwil\n|-boost|p2a: Overqwil|atk|2\n|\n|upkeep\n|turn|3\n|\n|t:|1782806993\n|move|p2a: Overqwil|Gunk Shot|p1a: Amoonguss\n|-damage|p1a: Amoonguss|0 fnt\n|faint|p1a: Amoonguss\n|-damage|p2a: Overqwil|247/274|[from] item: Life Orb\n|\n|upkeep\n|\n|t:|1782806998\n|switch|p1a: Ambipom|Ambipom, L84, F|263/263\n|turn|4\n|\n|t:|1782807004\n|move|p1a: Ambipom|Double-Edge|p2a: Overqwil\n|-damage|p2a: Overqwil|54/274\n|-damage|p1a: Ambipom|199/263|[from] Recoil\n|move|p2a: Overqwil|Gunk Shot|p1a: Ambipom|[miss]\n|-miss|p2a: Overqwil|p1a: Ambipom\n|\n|upkeep\n|turn|5\n|\n|t:|1782807009\n|switch|p2a: Drifblim|Drifblim, L86, M|398/398\n|move|p1a: Ambipom|Double-Edge|p2a: Drifblim\n|-immune|p2a: Drifblim\n|\n|upkeep\n|turn|6\n|\n|t:|1782807014\n|switch|p1a: Blissey|Blissey, L85, F|572/572\n|move|p2a: Drifblim|Shadow Ball|p1a: Blissey\n|-immune|p1a: Blissey\n|\n|upkeep\n|turn|7\n|\n|t:|1782807035\n|switch|p2a: Rabsca|Rabsca, L91, M|284/284\n|move|p1a: Blissey|Thunder Wave|p2a: Rabsca\n|-status|p2a: Rabsca|par\n|-activate|p2a: Rabsca|ability: Synchronize\n|-status|p1a: Blissey|par\n|\n|upkeep\n|turn|8\n|\n|t:|1782807040\n|switch|p2a: Overqwil|Overqwil, L82, F|54/274\n|-ability|p2a: Overqwil|Intimidate|boost\n|-unboost|p1a: Blissey|atk|1\n|move|p1a: Blissey|Stealth Rock|p2a: Overqwil\n|-sidestart|p2: lolopoko|move: Stealth Rock\n|\n|upkeep\n|turn|9\n|\n|t:|1782807046\n|-curestatus|p1a: Blissey|par|[from] ability: Natural Cure|[silent]\n|switch|p1a: Ambipom|Ambipom, L84, F|199/263\n|move|p2a: Overqwil|Gunk Shot|p1a: Ambipom\n|-damage|p1a: Ambipom|0 fnt\n|faint|p1a: Ambipom\n|-damage|p2a: Overqwil|27/274|[from] item: Life Orb\n|\n|upkeep\n|\n|t:|1782807054\n|switch|p1a: Milotic|Milotic, L83, M|293/293\n|turn|10\n|\n|t:|1782807058\n|move|p2a: Overqwil|Gunk Shot|p1a: Milotic\n|-damage|p1a: Milotic|86/293\n|-damage|p2a: Overqwil|0 fnt|[from] item: Life Orb\n|faint|p2a: Overqwil\n|move|p1a: Milotic|Scald|p2: Overqwil|[notarget]\n|-fail|p1a: Milotic\n|\n|-heal|p1a: Milotic|104/293|[from] item: Leftovers\n|upkeep\n|\n|t:|1782807070\n|switch|p2a: Sceptile|Sceptile, L87, M|264/264\n|-damage|p2a: Sceptile|231/264|[from] Stealth Rock\n|turn|11\n|\n|t:|1782807073\n|move|p2a: Sceptile|Substitute|p2a: Sceptile\n|-start|p2a: Sceptile|Substitute\n|-damage|p2a: Sceptile|165/264\n|move|p1a: Milotic|Ice Beam|p2a: Sceptile\n|-supereffective|p2a: Sceptile\n|-end|p2a: Sceptile|Substitute\n|\n|-heal|p2a: Sceptile|181/264|[from] item: Leftovers\n|-heal|p1a: Milotic|122/293|[from] item: Leftovers\n|upkeep\n|turn|12\n|\n|t:|1782807077\n|switch|p1a: Reuniclus|Reuniclus, L88, M|337/337\n|move|p2a: Sceptile|Giga Drain|p1a: Reuniclus\n|-damage|p1a: Reuniclus|249/337\n|-heal|p2a: Sceptile|225/264|[from] drain|[of] p1a: Reuniclus\n|\n|-heal|p2a: Sceptile|241/264|[from] item: Leftovers\n|upkeep\n|turn|13\n|\n|t:|1782807081\n|move|p2a: Sceptile|Leech Seed|p1a: Reuniclus\n|-start|p1a: Reuniclus|move: Leech Seed\n|move|p1a: Reuniclus|Calm Mind|p1a: Reuniclus\n|-boost|p1a: Reuniclus|spa|1\n|-boost|p1a: Reuniclus|spd|1\n|\n|-heal|p2a: Sceptile|257/264|[from] item: Leftovers\n|upkeep\n|turn|14\n|\n|t:|1782807085\n|move|p2a: Sceptile|Giga Drain|p1a: Reuniclus\n|-damage|p1a: Reuniclus|191/337\n|-heal|p2a: Sceptile|264/264|[from] drain|[of] p1a: Reuniclus\n|move|p1a: Reuniclus|Calm Mind|p1a: Reuniclus\n|-boost|p1a: Reuniclus|spa|1\n|-boost|p1a: Reuniclus|spd|1\n|\n|upkeep\n|turn|15\n|\n|t:|1782807093\n|switch|p2a: Drifblim|Drifblim, L86, M|398/398\n|move|p1a: Reuniclus|Recover|p1a: Reuniclus\n|-heal|p1a: Reuniclus|337/337\n|\n|upkeep\n|turn|16\n|\n|t:|1782807097\n|move|p2a: Drifblim|Shadow Ball|p1a: Reuniclus\n|-supereffective|p1a: Reuniclus\n|-damage|p1a: Reuniclus|259/337\n|move|p1a: Reuniclus|Calm Mind|p1a: Reuniclus\n|-boost|p1a: Reuniclus|spa|1\n|-boost|p1a: Reuniclus|spd|1\n|\n|upkeep\n|turn|17\n|\n|t:|1782807101\n|move|p2a: Drifblim|Shadow Ball|p1a: Reuniclus\n|-supereffective|p1a: Reuniclus\n|-damage|p1a: Reuniclus|193/337\n|move|p1a: Reuniclus|Recover|p1a: Reuniclus\n|-heal|p1a: Reuniclus|337/337\n|\n|upkeep\n|turn|18\n|\n|t:|1782807105\n|move|p2a: Drifblim|Shadow Ball|p1a: Reuniclus\n|-supereffective|p1a: Reuniclus\n|-damage|p1a: Reuniclus|271/337\n|move|p1a: Reuniclus|Psychic|p2a: Drifblim\n|-damage|p2a: Drifblim|0 fnt\n|faint|p2a: Drifblim\n|\n|upkeep\n|\n|t:|1782807114\n|switch|p2a: Drednaw|Drednaw, L81, F|278/278\n|-damage|p2a: Drednaw|244/278|[from] Stealth Rock\n|turn|19\n|\n|t:|1782807118\n|move|p2a: Drednaw|Stone Edge|p1a: Reuniclus\n|-damage|p1a: Reuniclus|144/337\n|move|p1a: Reuniclus|Focus Blast|p2a: Drednaw\n|-supereffective|p2a: Drednaw\n|-damage|p2a: Drednaw|0 fnt\n|faint|p2a: Drednaw\n|\n|upkeep\n|-message|lolopoko forfeited.\n|\n|win|gggacaad\n|raw|gggacaad's rating: 1762 &rarr; <strong>1783</strong><br />(+21 for winning)\n|raw|lolopoko's rating: 1782 &rarr; <strong>1761</strong><br />(-21 for losing)\n|l|\u2606lolopoko\n|player|p2|\n", "inputlog": ">version f8ac14003a5f27e1bdc8d8c59608a773c1cb96e5\n>start {\"formatid\":\"gen9randombattle\",\"seed\":\"sodium,0303e5a167782e6e56a65a79af84fa91\",\"rated\":\"Rated battle\"}\n>player p1 {\"name\":\"gggacaad\",\"avatar\":\"2\",\"rating\":1762,\"seed\":\"sodium,54e4f30f7f917d119af091f92247fb35\"}\n>player p2 {\"name\":\"lolopoko\",\"avatar\":\"101\",\"rating\":1782,\"seed\":\"sodium,a5c327bffc6d503d5ae307702f5d8fd7\"}\n>p1 move armorcannon\n>p2 move leechseed\n>p2 switch 6\n>p1 switch 6\n>p2 move swordsdance\n>p1 move spore\n>p2 move gunkshot\n>p1 switch 2\n>p1 move doubleedge\n>p2 move gunkshot\n>p1 move doubleedge\n>p2 switch 3\n>p1 switch 4\n>p2 move shadowball\n>p1 move thunderwave\n>p2 switch 5\n>p1 move stealthrock\n>p2 switch 3\n>p1 switch 4\n>p2 move gunkshot\n>p1 switch 3\n>p1 move scald\n>p2 move gunkshot\n>p2 switch 2\n>p1 move icebeam\n>p2 move substitute\n>p1 switch 5\n>p2 move gigadrain\n>p1 move calmmind\n>p2 move leechseed\n>p1 move calmmind\n>p2 move gigadrain\n>p1 move recover\n>p2 switch 5\n>p1 move calmmind\n>p2 move shadowball\n>p1 move recover\n>p2 move shadowball\n>p1 move psychic\n>p2 move shadowball\n>p2 switch 4\n>p1 move focusblast\n>p2 move stoneedge\n>forcelose p2", "uploadtime": 1782807125, "views": 7, "formatid": "gen9randombattle", "rating": 1761, "private": 0, "password": null, "player_dets": [{"name": "gggacaad", "avatar": "2", "rating": 1762, "seed": "sodium,54e4f30f7f917d119af091f92247fb35"}, {"name": "lolopoko", "avatar": "101", "rating": 1782, "seed": "sodium,a5c327bffc6d503d5ae307702f5d8fd7"}], "teams_full": [{"Armarouge": {"name": "Armarouge", "species": "Armarouge", "speciesId": "armarouge", "gender": "M", "shiny": false, "level": 80, "moves": ["meteorbeam", "armorcannon", "psyshock", "energyball"], "ability": "Weak Armor", "evs": {"hp": 85, "atk": 0, "def": 85, "spa": 85, "spd": 85, "spe": 85}, "ivs": {"hp": 31, "atk": 0, "def": 31, "spa": 31, "spd": 31, "spe": 31}, "item": "Power Herb", "teraType": "Fire", "role": "Setup Sweeper", "bvs": {"hp": 85, "atk": 60, "def": 100, "spa": 125, "spd": 80, "spe": 75}, "stats": {"hp": 267, "atk": 101, "def": 206, "spa": 246, "spd": 174, "spe": 166}, "types": ["Fire", "Psychic"]}, "Ambipom": {"name": "Ambipom", "species": "Ambipom", "speciesId": "ambipom", "gender": "F", "shiny": false, "level": 84, "moves": ["doubleedge", "knockoff", "lowkick", "tripleaxel"], "ability": "Technician", "evs": {"hp": 85, "atk": 85, "def": 85, "spa": 85, "spd": 85, "spe": 85}, "ivs": {"hp": 31, "atk": 31, "def": 31, "spa": 31, "spd": 31, "spe": 31}, "item": "Choice Band", "teraType": "Ice", "role": "Fast Attacker", "bvs": {"hp": 75, "atk": 100, "def": 66, "spa": 60, "spd": 66, "spe": 115}, "stats": {"hp": 263, "atk": 216, "def": 159, "spa": 149, "spd": 159, "spe": 241}, "types": ["Normal"]}, "Milotic": {"name": "Milotic", "species": "Milotic", "speciesId": "milotic", "gender": "M", "shiny": false, "level": 83, "moves": ["scald", "icebeam", "haze", "recover"], "ability": "Competitive", "evs": {"hp": 85, "atk": 0, "def": 85, "spa": 85, "spd": 85, "spe": 85}, "ivs": {"hp": 31, "atk": 0, "def": 31, "spa": 31, "spd": 31, "spe": 31}, "item": "Leftovers", "teraType": "Steel", "role": "Bulky Attacker", "bvs": {"hp": 95, "atk": 60, "def": 79, "spa": 100, "spd": 125, "spe": 81}, "stats": {"hp": 293, "atk": 104, "def": 179, "spa": 214, "spd": 255, "spe": 182}, "types": ["Water"]}, "Blissey": {"name": "Blissey", "species": "Blissey", "speciesId": "blissey", "gender": "F", "shiny": false, "level": 85, "moves": ["thunderwave", "seismictoss", "stealthrock", "softboiled"], "ability": "Natural Cure", "evs": {"hp": 85, "atk": 0, "def": 85, "spa": 85, "spd": 85, "spe": 85}, "ivs": {"hp": 31, "atk": 0, "def": 31, "spa": 31, "spd": 31, "spe": 31}, "item": "Leftovers", "teraType": "Fairy", "role": "Bulky Support", "bvs": {"hp": 255, "atk": 10, "def": 10, "spa": 75, "spd": 135, "spe": 55}, "stats": {"hp": 572, "atk": 22, "def": 66, "spa": 176, "spd": 278, "spe": 142}, "types": ["Normal"]}, "Reuniclus": {"name": "Reuniclus", "species": "Reuniclus", "speciesId": "reuniclus", "gender": "M", "shiny": false, "level": 88, "moves": ["recover", "psychic", "calmmind", "focusblast"], "ability": "Magic Guard", "evs": {"hp": 85, "atk": 0, "def": 85, "spa": 85, "spd": 85, "spe": 85}, "ivs": {"hp": 31, "atk": 0, "def": 31, "spa": 31, "spd": 31, "spe": 31}, "item": "Life Orb", "teraType": "Fighting", "role": "Bulky Setup", "bvs": {"hp": 110, "atk": 65, "def": 75, "spa": 125, "spd": 85, "spe": 30}, "stats": {"hp": 337, "atk": 119, "def": 182, "spa": 270, "spd": 200, "spe": 103}, "types": ["Psychic"]}, "Amoonguss": {"name": "Amoonguss", "species": "Amoonguss", "speciesId": "amoonguss", "gender": "F", "shiny": false, "level": 82, "moves": ["stompingtantrum", "gigadrain", "sludgebomb", "spore"], "ability": "Regenerator", "evs": {"hp": 85, "atk": 85, "def": 85, "spa": 85, "spd": 85, "spe": 85}, "ivs": {"hp": 31, "atk": 31, "def": 31, "spa": 31, "spd": 31, "spe": 31}, "item": "Rocky Helmet", "teraType": "Water", "role": "Bulky Attacker", "bvs": {"hp": 114, "atk": 85, "def": 70, "spa": 85, "spd": 80, "spe": 30}, "stats": {"hp": 321, "atk": 187, "def": 162, "spa": 187, "spd": 178, "spe": 96}, "types": ["Grass", "Poison"]}}, {"Whimsicott": {"name": "Whimsicott", "species": "Whimsicott", "speciesId": "whimsicott", "gender": "F", "shiny": false, "level": 84, "moves": ["leechseed", "encore", "substitute", "moonblast"], "ability": "Prankster", "evs": {"hp": 85, "atk": 0, "def": 85, "spa": 85, "spd": 85, "spe": 85}, "ivs": {"hp": 31, "atk": 0, "def": 31, "spa": 31, "spd": 31, "spe": 31}, "item": "Leftovers", "teraType": "Steel", "role": "Bulky Support", "bvs": {"hp": 60, "atk": 67, "def": 85, "spa": 77, "spd": 75, "spe": 116}, "stats": {"hp": 238, "atk": 117, "def": 191, "spa": 178, "spd": 174, "spe": 243}, "types": ["Grass", "Fairy"]}, "Sceptile": {"name": "Sceptile", "species": "Sceptile", "speciesId": "sceptile", "gender": "M", "shiny": false, "level": 87, "moves": ["leechseed", "gigadrain", "substitute", "focusblast"], "ability": "Overgrow", "evs": {"hp": 85, "atk": 0, "def": 85, "spa": 85, "spd": 85, "spe": 85}, "ivs": {"hp": 31, "atk": 0, "def": 31, "spa": 31, "spd": 31, "spe": 31}, "item": "Leftovers", "teraType": "Steel", "role": "Fast Support", "bvs": {"hp": 70, "atk": 85, "def": 65, "spa": 105, "spd": 85, "spe": 120}, "stats": {"hp": 264, "atk": 152, "def": 163, "spa": 232, "spd": 198, "spe": 259}, "types": ["Grass"]}, "Drifblim": {"name": "Drifblim", "species": "Drifblim", "speciesId": "drifblim", "gender": "M", "shiny": false, "level": 86, "moves": ["shadowball", "defog", "strengthsap", "airslash"], "ability": "Aftermath", "evs": {"hp": 85, "atk": 0, "def": 85, "spa": 85, "spd": 85, "spe": 85}, "ivs": {"hp": 31, "atk": 0, "def": 31, "spa": 31, "spd": 31, "spe": 31}, "item": "Heavy-Duty Boots", "teraType": "Steel", "role": "Bulky Attacker", "bvs": {"hp": 150, "atk": 80, "def": 44, "spa": 90, "spd": 54, "spe": 80}, "stats": {"hp": 398, "atk": 142, "def": 125, "spa": 204, "spd": 142, "spe": 187}, "types": ["Ghost", "Flying"]}, "Drednaw": {"name": "Drednaw", "species": "Drednaw", "speciesId": "drednaw", "gender": "F", "shiny": false, "level": 81, "moves": ["shellsmash", "liquidation", "earthquake", "stoneedge"], "ability": "Shell Armor", "evs": {"hp": 85, "atk": 85, "def": 85, "spa": 85, "spd": 85, "spe": 85}, "ivs": {"hp": 31, "atk": 31, "def": 31, "spa": 31, "spd": 31, "spe": 31}, "item": "White Herb", "teraType": "Ground", "role": "Fast Bulky Setup", "bvs": {"hp": 90, "atk": 115, "def": 90, "spa": 48, "spd": 68, "spe": 74}, "stats": {"hp": 278, "atk": 233, "def": 192, "spa": 124, "spd": 157, "spe": 167}, "types": ["Water", "Rock"]}, "Rabsca": {"name": "Rabsca", "species": "Rabsca", "speciesId": "rabsca", "gender": "M", "shiny": false, "level": 91, "moves": ["revivalblessing", "bugbuzz", "recover", "psychic"], "ability": "Synchronize", "evs": {"hp": 85, "atk": 0, "def": 85, "spa": 85, "spd": 85, "spe": 85}, "ivs": {"hp": 31, "atk": 0, "def": 31, "spa": 31, "spd": 31, "spe": 31}, "item": "Heavy-Duty Boots", "teraType": "Steel", "role": "Wallbreaker", "bvs": {"hp": 75, "atk": 50, "def": 85, "spa": 115, "spd": 100, "spe": 45}, "stats": {"hp": 284, "atk": 96, "def": 207, "spa": 261, "spd": 234, "spe": 134}, "types": ["Bug", "Psychic"]}, "Overqwil": {"name": "Overqwil", "species": "Overqwil", "speciesId": "overqwil", "gender": "F", "shiny": false, "level": 82, "moves": ["crunch", "liquidation", "gunkshot", "swordsdance"], "ability": "Intimidate", "evs": {"hp": 85, "atk": 85, "def": 85, "spa": 85, "spd": 85, "spe": 85}, "ivs": {"hp": 31, "atk": 31, "def": 31, "spa": 31, "spd": 31, "spe": 31}, "item": "Life Orb", "teraType": "Water", "role": "Fast Attacker", "bvs": {"hp": 85, "atk": 115, "def": 95, "spa": 65, "spd": 65, "spe": 85}, "stats": {"hp": 274, "atk": 236, "def": 203, "spa": 154, "spd": 154, "spe": 187}, "types": ["Dark", "Poison"]}}]}