{"id": "gen9randombattle-2641481619", "format": "[Gen 9] Random Battle", "players": ["dc inversion", "My Life is Dance \u2764"], "log": "|badge|p1|bronze|gen9randombattle|100-9\n|html|<div class=\"broadcast-red\"><strong>This battle is required to be public due to one or more player having a season medal.</strong><br />During the public phase, you can discuss the state of the ladder <a href=\"/seasondiscussion\">in a special chatroom.</a></div>\n|uhtml|medal-msg|<div class=\"broadcast-blue\">Curious what those medals under the avatar are? PS now has Ladder Seasons! For more information, check out the <a href=\"https://www.smogon.com/forums/threads/3740067/\">thread on Smogon.</a></div>\n|badge|p2|bronze|gen9randombattle|100-9\n|uhtml|medal-msg|<div class=\"broadcast-blue\">Curious what those medals under the avatar are? PS now has Ladder Seasons! For more information, check out the <a href=\"https://www.smogon.com/forums/threads/3740067/\">thread on Smogon.</a></div>\n|j|\u2606dc inversion\n|j|\u2606My Life is Dance \u2764\n|t:|1782791798\n|gametype|singles\n|player|p1|dc inversion|102|2333\n|player|p2|My Life is Dance \u2764|tierno|2224\n|gen|9\n|tier|[Gen 9] Random Battle\n|rated|\n|rule|Species Clause: Limit one of each Pok\u00e9mon\n|rule|HP Percentage Mod: HP is shown in percentages\n|rule|Sleep Clause Mod: Limit one foe put to sleep\n|rule|Illusion Level Mod: Illusion disguises the Pok\u00e9mon's true level\n|\n|t:|1782791798\n|teamsize|p1|6\n|teamsize|p2|6\n|start\n|switch|p1a: Arceus|Arceus-Poison, L70|284/284\n|switch|p2a: Politoed|Politoed, L88, M|302/302\n|-weather|RainDance|[from] ability: Drizzle|[of] p2a: Politoed\n|turn|1\n|inactive|Battle timer is ON: inactive players will automatically lose when time's up. (requested by My Life is Dance \u2764)\n|\n|t:|1782791824\n|switch|p1a: Blastoise|Blastoise, L80, F|258/258\n|-terastallize|p2a: Politoed|Water\n|move|p2a: Politoed|Weather Ball|p1a: Blastoise\n|-resisted|p1a: Blastoise\n|-damage|p1a: Blastoise|112/258\n|\n|-weather|RainDance|[upkeep]\n|upkeep\n|turn|2\n|\n|t:|1782791836\n|move|p2a: Politoed|Weather Ball|p1a: Blastoise\n|-resisted|p1a: Blastoise\n|-damage|p1a: Blastoise|0 fnt\n|faint|p1a: Blastoise\n|\n|-weather|RainDance|[upkeep]\n|upkeep\n|\n|t:|1782791850\n|switch|p1a: Tauros|Tauros-Paldea-Aqua, L81, M|254/254\n|-ability|p1a: Tauros|Intimidate|boost\n|-unboost|p2a: Politoed|atk|1\n|turn|3\n|\n|t:|1782791877\n|move|p1a: Tauros|Bulk Up|p1a: Tauros\n|-boost|p1a: Tauros|atk|1\n|-boost|p1a: Tauros|def|1\n|move|p2a: Politoed|Weather Ball|p1a: Tauros\n|-resisted|p1a: Tauros\n|-damage|p1a: Tauros|62/254\n|\n|-weather|RainDance|[upkeep]\n|upkeep\n|turn|4\n|\n|t:|1782791881\n|move|p1a: Tauros|Close Combat|p2a: Politoed\n|-damage|p2a: Politoed|32/302\n|-unboost|p1a: Tauros|def|1\n|-unboost|p1a: Tauros|spd|1\n|-damage|p1a: Tauros|37/254|[from] item: Life Orb\n|move|p2a: Politoed|Weather Ball|p1a: Tauros\n|-resisted|p1a: Tauros\n|-damage|p1a: Tauros|0 fnt\n|faint|p1a: Tauros\n|\n|-weather|RainDance|[upkeep]\n|upkeep\n|\n|t:|1782791889\n|switch|p1a: Arceus|Arceus-Poison, L70|284/284\n|turn|5\n|inactive|My Life is Dance \u2764 has 120 seconds left.\n|\n|t:|1782791924\n|move|p1a: Arceus|Liquidation|p2a: Politoed\n|-resisted|p2a: Politoed\n|-damage|p2a: Politoed|0 fnt\n|faint|p2a: Politoed\n|\n|-weather|none\n|upkeep\n|\n|t:|1782791934\n|switch|p2a: Kyurem|Kyurem, L77|319/319\n|-ability|p2a: Kyurem|Pressure\n|turn|6\n|\n|t:|1782791942\n|move|p1a: Arceus|Swords Dance|p1a: Arceus\n|-boost|p1a: Arceus|atk|2\n|move|p2a: Kyurem|Dragon Dance|p2a: Kyurem\n|-boost|p2a: Kyurem|atk|1\n|-boost|p2a: Kyurem|spe|1\n|\n|upkeep\n|turn|7\n|inactive|My Life is Dance \u2764 has 120 seconds left.\n|\n|t:|1782791962\n|move|p2a: Kyurem|Icicle Spear|p1a: Arceus\n|-damage|p1a: Arceus|241/284\n|-damage|p1a: Arceus|201/284\n|-damage|p1a: Arceus|159/284\n|-crit|p1a: Arceus\n|-damage|p1a: Arceus|96/284\n|-damage|p1a: Arceus|59/284\n|-hitcount|p1a: Arceus|5\n|move|p1a: Arceus|Gunk Shot|p2a: Kyurem|[miss]\n|-miss|p1a: Arceus|p2a: Kyurem\n|\n|upkeep\n|turn|8\n|\n|t:|1782791968\n|move|p2a: Kyurem|Icicle Spear|p1a: Arceus\n|-damage|p1a: Arceus|19/284\n|-damage|p1a: Arceus|0 fnt\n|faint|p1a: Arceus\n|-hitcount|p1: Arceus|2\n|\n|upkeep\n|\n|t:|1782791975\n|switch|p1a: Zekrom|Zekrom, L71|259/259\n|-ability|p1a: Zekrom|Teravolt\n|turn|9\n|inactive|My Life is Dance \u2764 has 120 seconds left.\n|\n|t:|1782792020\n|-terastallize|p1a: Zekrom|Fairy\n|move|p2a: Kyurem|Icicle Spear|p1a: Zekrom\n|-damage|p1a: Zekrom|217/259\n|-damage|p1a: Zekrom|175/259\n|-damage|p1a: Zekrom|132/259\n|-damage|p1a: Zekrom|96/259\n|-damage|p1a: Zekrom|54/259\n|-hitcount|p1a: Zekrom|5\n|move|p1a: Zekrom|Outrage|p2a: Kyurem\n|-supereffective|p2a: Kyurem\n|-damage|p2a: Kyurem|53/319\n|\n|-heal|p1a: Zekrom|70/259|[from] item: Leftovers\n|upkeep\n|turn|10\n|\n|t:|1782792024\n|move|p2a: Kyurem|Icicle Spear|p1a: Zekrom\n|-damage|p1a: Zekrom|28/259\n|-damage|p1a: Zekrom|0 fnt\n|faint|p1a: Zekrom\n|-hitcount|p1: Zekrom|2\n|\n|upkeep\n|\n|t:|1782792026\n|switch|p1a: Ribombee|Ribombee, L83, M|235/235\n|turn|11\n|\n|t:|1782792031\n|move|p2a: Kyurem|Icicle Spear|p1a: Ribombee\n|-damage|p1a: Ribombee|178/235\n|-damage|p1a: Ribombee|123/235\n|-damage|p1a: Ribombee|68/235\n|-damage|p1a: Ribombee|14/235\n|-hitcount|p1a: Ribombee|4\n|move|p1a: Ribombee|Quiver Dance|p1a: Ribombee\n|-boost|p1a: Ribombee|spa|1\n|-boost|p1a: Ribombee|spd|1\n|-boost|p1a: Ribombee|spe|1\n|\n|upkeep\n|turn|12\n|inactive|My Life is Dance \u2764 has 120 seconds left.\n|j| Mdog8953\n|l| Mdog8953\n|\n|t:|1782792076\n|move|p1a: Ribombee|Moonblast|p2a: Kyurem\n|-supereffective|p2a: Kyurem\n|-damage|p2a: Kyurem|0 fnt\n|faint|p2a: Kyurem\n|\n|upkeep\n|\n|t:|1782792083\n|switch|p2a: Cinccino|Cinccino, L83, M|260/260\n|turn|13\n|\n|t:|1782792092\n|move|p1a: Ribombee|Moonblast|p2a: Cinccino\n|-damage|p2a: Cinccino|79/260\n|move|p2a: Cinccino|Bullet Seed|p1a: Ribombee\n|-resisted|p1a: Ribombee\n|-damage|p1a: Ribombee|0 fnt\n|faint|p1a: Ribombee\n|-hitcount|p1: Ribombee|1\n|\n|upkeep\n|\n|t:|1782792097\n|switch|p1a: Zapdos|Zapdos, L78|268/268\n|turn|14\n|j| blasths\n|inactive|My Life is Dance \u2764 has 90 seconds left.\n|\n|t:|1782792140\n|move|p2a: Cinccino|Triple Axel|p1a: Zapdos\n|-supereffective|p1a: Zapdos\n|-damage|p1a: Zapdos|222/268\n|-supereffective|p1a: Zapdos\n|-damage|p1a: Zapdos|124/268\n|-status|p2a: Cinccino|par|[from] ability: Static|[of] p1a: Zapdos\n|-supereffective|p1a: Zapdos\n|-damage|p1a: Zapdos|0 fnt\n|faint|p1a: Zapdos\n|-hitcount|p1: Zapdos|3\n|\n|win|My Life is Dance \u2764\n|raw|dc inversion's rating: 2333 &rarr; <strong>2307</strong><br />(-26 for losing)\n|raw|My Life is Dance \u2764's rating: 2224 &rarr; <strong>2250</strong><br />(+26 for winning)\n", "inputlog": ">version f8ac14003a5f27e1bdc8d8c59608a773c1cb96e5\n>start {\"formatid\":\"gen9randombattle\",\"seed\":\"sodium,f2024d22b77813c22c75f8d557096f3e\",\"rated\":\"Rated battle\"}\n>player p1 {\"name\":\"dc inversion\",\"avatar\":\"102\",\"rating\":2333,\"seed\":\"sodium,600408004ce5002233a05ef5c30c6d5b\"}\n>player p2 {\"name\":\"My Life is Dance \u2764\",\"avatar\":\"tierno\",\"rating\":2224,\"seed\":\"sodium,d6c00fbe8509c1867a408730882ca613\"}\n>p1 switch 2\n>p2 move weatherball terastallize\n>p1 move earthquake\n>p2 move weatherball\n>p1 switch 4\n>p1 move bulkup\n>p2 move weatherball\n>p1 move closecombat\n>p2 move weatherball\n>p1 switch 2\n>p1 move liquidation\n>p2 move weatherball\n>p2 switch 4\n>p1 move swordsdance\n>p2 move dragondance\n>p1 move gunkshot\n>p2 move iciclespear\n>p1 move gunkshot\n>p2 move iciclespear\n>p1 switch 3\n>p1 move outrage terastallize\n>p2 move iciclespear\n>p1 move outrage\n>p2 move iciclespear\n>p1 switch 6\n>p1 move quiverdance\n>p2 move iciclespear\n>p1 move moonblast\n>p2 move iciclespear\n>p2 switch 6\n>p1 move moonblast\n>p2 move bulletseed\n>p1 switch 5\n>p1 move thunderbolt\n>p2 move tripleaxel", "uploadtime": 1782791799, "views": 4, "formatid": "gen9randombattle", "rating": 2250, "private": 0, "password": null, "player_dets": [{"name": "dc inversion", "avatar": "102", "rating": 2333, "seed": "sodium,600408004ce5002233a05ef5c30c6d5b"}, {"name": "My Life is Dance \u2764", "avatar": "tierno", "rating": 2224, "seed": "sodium,d6c00fbe8509c1867a408730882ca613"}], "teams_full": [{"Arceus": {"name": "Arceus", "species": "Arceus-Poison", "speciesId": "arceuspoison", "gender": "N", "shiny": false, "level": 70, "moves": ["liquidation", "gunkshot", "swordsdance", "earthquake"], "ability": "Multitype", "evs": {"hp": 85, "atk": 85, "def": 85, "spa": 85, "spd": 85, "spe": 85}, "ivs": {"hp": 31, "atk": 31, "def": 31, "spa": 31, "spd": 31, "spe": 31}, "item": "Toxic Plate", "teraType": "Ground", "role": "Setup Sweeper", "bvs": {"hp": 120, "atk": 120, "def": 120, "spa": 120, "spd": 120, "spe": 120}, "stats": {"hp": 284, "atk": 209, "def": 209, "spa": 209, "spd": 209, "spe": 209}, "types": ["Poison"]}, "Blastoise": {"name": "Blastoise", "species": "Blastoise", "speciesId": "blastoise", "gender": "F", "shiny": false, "level": 80, "moves": ["icebeam", "hydropump", "earthquake", "shellsmash"], "ability": "Torrent", "evs": {"hp": 85, "atk": 85, "def": 85, "spa": 85, "spd": 85, "spe": 85}, "ivs": {"hp": 31, "atk": 31, "def": 31, "spa": 31, "spd": 31, "spe": 31}, "item": "White Herb", "teraType": "Water", "role": "Setup Sweeper", "bvs": {"hp": 79, "atk": 83, "def": 100, "spa": 85, "spd": 105, "spe": 78}, "stats": {"hp": 258, "atk": 179, "def": 206, "spa": 182, "spd": 214, "spe": 171}, "types": ["Water"]}, "Zekrom": {"name": "Zekrom", "species": "Zekrom", "speciesId": "zekrom", "gender": "N", "shiny": false, "level": 71, "moves": ["outrage", "dragondance", "substitute", "boltstrike"], "ability": "Teravolt", "evs": {"hp": 85, "atk": 85, "def": 85, "spa": 85, "spd": 85, "spe": 85}, "ivs": {"hp": 31, "atk": 31, "def": 31, "spa": 31, "spd": 31, "spe": 31}, "item": "Leftovers", "teraType": "Fairy", "role": "Setup Sweeper", "bvs": {"hp": 100, "atk": 150, "def": 120, "spa": 120, "spd": 100, "spe": 90}, "stats": {"hp": 259, "atk": 254, "def": 212, "spa": 212, "spd": 183, "spe": 169}, "types": ["Dragon", "Electric"]}, "Tauros": {"name": "Tauros", "species": "Tauros-Paldea-Aqua", "speciesId": "taurospaldeaaqua", "gender": "M", "shiny": false, "level": 81, "moves": ["aquajet", "bulkup", "liquidation", "closecombat"], "ability": "Intimidate", "evs": {"hp": 85, "atk": 85, "def": 85, "spa": 85, "spd": 85, "spe": 85}, "ivs": {"hp": 31, "atk": 31, "def": 31, "spa": 31, "spd": 31, "spe": 31}, "item": "Life Orb", "teraType": "Water", "role": "Setup Sweeper", "bvs": {"hp": 75, "atk": 110, "def": 105, "spa": 30, "spd": 70, "spe": 100}, "stats": {"hp": 254, "atk": 225, "def": 217, "spa": 95, "spd": 160, "spe": 209}, "types": ["Fighting", "Water"]}, "Zapdos": {"name": "Zapdos", "species": "Zapdos", "speciesId": "zapdos", "gender": "N", "shiny": false, "level": 78, "moves": ["thunderbolt", "roost", "hurricane", "uturn"], "ability": "Static", "evs": {"hp": 85, "atk": 85, "def": 85, "spa": 85, "spd": 85, "spe": 85}, "ivs": {"hp": 31, "atk": 31, "def": 31, "spa": 31, "spd": 31, "spe": 31}, "item": "Heavy-Duty Boots", "teraType": "Steel", "role": "Bulky Attacker", "bvs": {"hp": 90, "atk": 90, "def": 85, "spa": 125, "spd": 90, "spe": 100}, "stats": {"hp": 268, "atk": 185, "def": 178, "spa": 240, "spd": 185, "spe": 201}, "types": ["Electric", "Flying"]}, "Ribombee": {"name": "Ribombee", "species": "Ribombee", "speciesId": "ribombee", "gender": "M", "shiny": false, "level": 83, "moves": ["quiverdance", "moonblast", "terablast", "bugbuzz"], "ability": "Shield Dust", "evs": {"hp": 85, "atk": 0, "def": 85, "spa": 85, "spd": 85, "spe": 85}, "ivs": {"hp": 31, "atk": 0, "def": 31, "spa": 31, "spd": 31, "spe": 31}, "item": "Heavy-Duty Boots", "teraType": "Ground", "role": "Tera Blast user", "bvs": {"hp": 60, "atk": 55, "def": 60, "spa": 95, "spd": 70, "spe": 124}, "stats": {"hp": 235, "atk": 96, "def": 147, "spa": 205, "spd": 164, "spe": 254}, "types": ["Bug", "Fairy"]}}, {"Politoed": {"name": "Politoed", "species": "Politoed", "speciesId": "politoed", "gender": "M", "shiny": false, "level": 88, "moves": ["weatherball", "icebeam", "hydropump", "focusblast"], "ability": "Drizzle", "evs": {"hp": 85, "atk": 0, "def": 85, "spa": 85, "spd": 85, "spe": 85}, "ivs": {"hp": 31, "atk": 0, "def": 31, "spa": 31, "spd": 31, "spe": 31}, "item": "Choice Specs", "teraType": "Water", "role": "Fast Attacker", "bvs": {"hp": 90, "atk": 75, "def": 75, "spa": 90, "spd": 100, "spe": 70}, "stats": {"hp": 302, "atk": 137, "def": 182, "spa": 209, "spd": 226, "spe": 173}, "types": ["Water"]}, "Hariyama": {"name": "Hariyama", "species": "Hariyama", "speciesId": "hariyama", "gender": "F", "shiny": false, "level": 87, "moves": ["knockoff", "heavyslam", "closecombat", "stoneedge"], "ability": "Thick Fat", "evs": {"hp": 85, "atk": 85, "def": 85, "spa": 85, "spd": 85, "spe": 85}, "ivs": {"hp": 31, "atk": 31, "def": 31, "spa": 31, "spd": 31, "spe": 31}, "item": "Assault Vest", "teraType": "Steel", "role": "AV Pivot", "bvs": {"hp": 144, "atk": 120, "def": 60, "spa": 40, "spd": 60, "spe": 50}, "stats": {"hp": 392, "atk": 259, "def": 154, "spa": 119, "spd": 154, "spe": 137}, "types": ["Fighting"]}, "Weavile": {"name": "Weavile", "species": "Weavile", "speciesId": "weavile", "gender": "F", "shiny": false, "level": 79, "moves": ["tripleaxel", "lowkick", "swordsdance", "knockoff"], "ability": "Pickpocket", "evs": {"hp": 85, "atk": 85, "def": 85, "spa": 85, "spd": 85, "spe": 85}, "ivs": {"hp": 31, "atk": 31, "def": 31, "spa": 31, "spd": 31, "spe": 31}, "item": "Heavy-Duty Boots", "teraType": "Fighting", "role": "Fast Attacker", "bvs": {"hp": 70, "atk": 120, "def": 65, "spa": 45, "spd": 85, "spe": 125}, "stats": {"hp": 240, "atk": 235, "def": 148, "spa": 117, "spd": 180, "spe": 243}, "types": ["Dark", "Ice"]}, "Kyurem": {"name": "Kyurem", "species": "Kyurem", "speciesId": "kyurem", "gender": "N", "shiny": false, "level": 77, "moves": ["dragondance", "iciclespear", "terablast", "scaleshot"], "ability": "Pressure", "evs": {"hp": 85, "atk": 85, "def": 85, "spa": 85, "spd": 85, "spe": 85}, "ivs": {"hp": 31, "atk": 31, "def": 31, "spa": 31, "spd": 31, "spe": 31}, "item": "Loaded Dice", "teraType": "Ground", "role": "Tera Blast user", "bvs": {"hp": 125, "atk": 130, "def": 90, "spa": 130, "spd": 90, "spe": 95}, "stats": {"hp": 319, "atk": 245, "def": 183, "spa": 245, "spd": 183, "spe": 191}, "types": ["Dragon", "Ice"]}, "Infernape": {"name": "Infernape", "species": "Infernape", "speciesId": "infernape", "gender": "M", "shiny": false, "level": 82, "moves": ["overheat", "grassknot", "knockoff", "closecombat"], "ability": "Blaze", "evs": {"hp": 85, "atk": 85, "def": 85, "spa": 85, "spd": 85, "spe": 85}, "ivs": {"hp": 31, "atk": 31, "def": 31, "spa": 31, "spd": 31, "spe": 31}, "item": "Life Orb", "teraType": "Fire", "role": "Fast Attacker", "bvs": {"hp": 76, "atk": 104, "def": 71, "spa": 104, "spd": 71, "spe": 108}, "stats": {"hp": 259, "atk": 218, "def": 164, "spa": 218, "spd": 164, "spe": 224}, "types": ["Fire", "Fighting"]}, "Cinccino": {"name": "Cinccino", "species": "Cinccino", "speciesId": "cinccino", "gender": "M", "shiny": false, "level": 83, "moves": ["uturn", "tailslap", "bulletseed", "tripleaxel"], "ability": "Technician", "evs": {"hp": 85, "atk": 85, "def": 85, "spa": 85, "spd": 85, "spe": 85}, "ivs": {"hp": 31, "atk": 31, "def": 31, "spa": 31, "spd": 31, "spe": 31}, "item": "Loaded Dice", "teraType": "Normal", "role": "Fast Attacker", "bvs": {"hp": 75, "atk": 95, "def": 60, "spa": 65, "spd": 60, "spe": 115}, "stats": {"hp": 260, "atk": 205, "def": 147, "spa": 156, "spd": 147, "spe": 239}, "types": ["Normal"]}}]}