{"id": "gen9randombattle-2641542568", "format": "[Gen 9] Random Battle", "players": ["jsjsiis", "bottom1"], "log": "|j|\u2606jsjsiis\n|j|\u2606bottom1\n|t:|1782804349\n|gametype|singles\n|player|p1|jsjsiis|102|1953\n|player|p2|bottom1|red|2034\n|gen|9\n|tier|[Gen 9] Random Battle\n|rated|\n|rule|Species Clause: Limit one of each Pok\u00e9mon\n|rule|HP Percentage Mod: HP is shown in percentages\n|rule|Sleep Clause Mod: Limit one foe put to sleep\n|rule|Illusion Level Mod: Illusion disguises the Pok\u00e9mon's true level\n|\n|t:|1782804349\n|teamsize|p1|6\n|teamsize|p2|6\n|start\n|switch|p1a: Hydrapple|Hydrapple, L83, M|312/312\n|switch|p2a: Landorus|Landorus, L75, M|257/257\n|turn|1\n|inactive|Battle timer is ON: inactive players will automatically lose when time's up. (requested by jsjsiis)\n|\n|t:|1782804372\n|switch|p2a: Vileplume|Vileplume, L85, F|266/266\n|switch|p1a: Incineroar|Incineroar, L82, M|290/290\n|-ability|p1a: Incineroar|Intimidate|boost\n|-unboost|p2a: Vileplume|atk|1\n|\n|upkeep\n|turn|2\n|\n|t:|1782804386\n|switch|p2a: Mienshao|Mienshao, L83, F|244/244\n|move|p1a: Incineroar|Overheat|p2a: Mienshao\n|-damage|p2a: Mienshao|87/244\n|-unboost|p1a: Incineroar|spa|2\n|\n|upkeep\n|turn|3\n|\n|t:|1782804396\n|switch|p1a: Houndstone|Houndstone, L86, F|264/264\n|move|p2a: Mienshao|Close Combat|p1a: Houndstone\n|-immune|p1a: Houndstone\n|\n|upkeep\n|turn|4\n|\n|t:|1782804410\n|move|p2a: Mienshao|Knock Off|p1a: Houndstone\n|-supereffective|p1a: Houndstone\n|-damage|p1a: Houndstone|176/264\n|-enditem|p1a: Houndstone|Assault Vest|[from] move: Knock Off|[of] p2a: Mienshao\n|-damage|p2a: Mienshao|63/244|[from] item: Life Orb\n|move|p1a: Houndstone|Poltergeist|p2a: Mienshao\n|-activate|p2a: Mienshao|move: Poltergeist|Life Orb\n|-damage|p2a: Mienshao|0 fnt\n|faint|p2a: Mienshao\n|\n|upkeep\n|\n|t:|1782804415\n|switch|p2a: Cloyster|Cloyster, L80, M|211/211\n|turn|5\n|\n|t:|1782804420\n|switch|p1a: Incineroar|Incineroar, L82, M|290/290\n|-ability|p1a: Incineroar|Intimidate|boost\n|-unboost|p2a: Cloyster|atk|1\n|-enditem|p2a: Cloyster|White Herb\n|-clearnegativeboost|p2a: Cloyster|[silent]\n|move|p2a: Cloyster|Shell Smash|p2a: Cloyster\n|-unboost|p2a: Cloyster|def|1\n|-unboost|p2a: Cloyster|spd|1\n|-boost|p2a: Cloyster|atk|2\n|-boost|p2a: Cloyster|spa|2\n|-boost|p2a: Cloyster|spe|2\n|\n|upkeep\n|turn|6\n|\n|t:|1782804425\n|move|p2a: Cloyster|Hydro Pump|p1a: Incineroar|[miss]\n|-miss|p2a: Cloyster|p1a: Incineroar\n|move|p1a: Incineroar|Overheat|p2a: Cloyster\n|-damage|p2a: Cloyster|0 fnt\n|-unboost|p1a: Incineroar|spa|2\n|faint|p2a: Cloyster\n|\n|upkeep\n|\n|t:|1782804430\n|switch|p2a: Landorus|Landorus, L75, M|257/257\n|turn|7\n|\n|t:|1782804434\n|move|p2a: Landorus|Earth Power|p1a: Incineroar\n|-supereffective|p1a: Incineroar\n|-damage|p1a: Incineroar|87/290\n|move|p1a: Incineroar|U-turn|p2a: Landorus\n|-resisted|p2a: Landorus\n|-damage|p2a: Landorus|229/257\n|\n|t:|1782804447\n|switch|p1a: Greninja|Greninja, L80, M|246/246|[from] U-turn\n|\n|upkeep\n|turn|8\n|\n|t:|1782804457\n|switch|p2a: Zamazenta|Zamazenta, L71|248/248\n|-ability|p2a: Zamazenta|Dauntless Shield|boost\n|-boost|p2a: Zamazenta|def|1\n|move|p1a: Greninja|Dark Pulse|p2a: Zamazenta\n|-start|p1a: Greninja|typechange|Dark|[from] ability: Protean\n|-resisted|p2a: Zamazenta\n|-damage|p2a: Zamazenta|200/248\n|-damage|p1a: Greninja|222/246|[from] item: Life Orb\n|\n|upkeep\n|turn|9\n|\n|t:|1782804462\n|switch|p1a: Houndstone|Houndstone, L86, F|176/264\n|move|p2a: Zamazenta|Close Combat|p1a: Houndstone\n|-immune|p1a: Houndstone\n|\n|upkeep\n|turn|10\n|\n|t:|1782804470\n|switch|p2a: Landorus|Landorus, L75, M|229/257\n|move|p1a: Houndstone|Poltergeist|p2a: Landorus|[miss]\n|-miss|p1a: Houndstone|p2a: Landorus\n|\n|upkeep\n|turn|11\n|\n|t:|1782804477\n|move|p2a: Landorus|Earth Power|p1a: Houndstone\n|-damage|p1a: Houndstone|47/264\n|move|p1a: Houndstone|Poltergeist|p2a: Landorus\n|-activate|p2a: Landorus|move: Poltergeist|Life Orb\n|-damage|p2a: Landorus|91/257\n|\n|upkeep\n|turn|12\n|\n|t:|1782804486\n|move|p1a: Houndstone|Shadow Sneak|p2a: Landorus\n|-damage|p2a: Landorus|39/257\n|move|p2a: Landorus|Earth Power|p1a: Houndstone\n|-damage|p1a: Houndstone|0 fnt\n|faint|p1a: Houndstone\n|\n|upkeep\n|\n|t:|1782804488\n|switch|p1a: Greninja|Greninja, L80, M|222/246\n|turn|13\n|\n|t:|1782804495\n|move|p1a: Greninja|Hydro Pump|p2a: Landorus\n|-start|p1a: Greninja|typechange|Water|[from] ability: Protean\n|-supereffective|p2a: Landorus\n|-damage|p2a: Landorus|0 fnt\n|faint|p2a: Landorus\n|-damage|p1a: Greninja|198/246|[from] item: Life Orb\n|\n|upkeep\n|\n|t:|1782804507\n|switch|p2a: Vileplume|Vileplume, L85, F|266/266\n|turn|14\n|\n|t:|1782804514\n|switch|p1a: Incineroar|Incineroar, L82, M|87/290\n|-ability|p1a: Incineroar|Intimidate|boost\n|-unboost|p2a: Vileplume|atk|1\n|move|p2a: Vileplume|Giga Drain|p1a: Incineroar\n|-resisted|p1a: Incineroar\n|-damage|p1a: Incineroar|57/290\n|\n|upkeep\n|turn|15\n|\n|t:|1782804521\n|switch|p2a: Zamazenta|Zamazenta, L71|200/248\n|move|p1a: Incineroar|Overheat|p2a: Zamazenta\n|-damage|p2a: Zamazenta|83/248\n|-unboost|p1a: Incineroar|spa|2\n|\n|upkeep\n|turn|16\n|\n|t:|1782804526\n|switch|p1a: Banette|Banette, L93, F|270/270\n|move|p2a: Zamazenta|Close Combat|p1a: Banette\n|-immune|p1a: Banette\n|\n|upkeep\n|turn|17\n|-message|bottom1 forfeited.\n|\n|win|jsjsiis\n|raw|jsjsiis's rating: 1953 &rarr; <strong>1978</strong><br />(+25 for winning)\n|raw|bottom1's rating: 2034 &rarr; <strong>2009</strong><br />(-25 for losing)\n", "inputlog": ">version f8ac14003a5f27e1bdc8d8c59608a773c1cb96e5\n>start {\"formatid\":\"gen9randombattle\",\"seed\":\"sodium,fb7d7027e2c140541b6810814dfa5041\",\"rated\":\"Rated battle\"}\n>player p1 {\"name\":\"jsjsiis\",\"avatar\":\"102\",\"rating\":1953,\"seed\":\"sodium,21936cb6b5cad30ae0994e4c863ed391\"}\n>player p2 {\"name\":\"bottom1\",\"avatar\":\"red\",\"rating\":2034,\"seed\":\"sodium,4cba633320e25cdc99f04aa268f9ee37\"}\n>p1 switch 6\n>p2 switch 5\n>p1 move overheat\n>p2 switch 2\n>p1 switch 2\n>p2 move closecombat\n>p1 move poltergeist\n>p2 move knockoff\n>p2 switch 3\n>p1 switch 2\n>p2 move shellsmash\n>p1 move overheat\n>p2 move hydropump\n>p2 switch 5\n>p1 move uturn\n>p2 move earthpower\n>p1 switch 3\n>p1 move darkpulse\n>p2 switch 6\n>p1 switch 2\n>p2 move closecombat\n>p1 move poltergeist\n>p2 switch 6\n>p1 move poltergeist\n>p2 move earthpower\n>p1 move shadowsneak\n>p2 move earthpower\n>p1 switch 2\n>p1 move hydropump\n>p2 move earthpower\n>p2 switch 2\n>p1 switch 3\n>p2 move gigadrain\n>p1 move overheat\n>p2 switch 6\n>p1 switch 5\n>p2 move closecombat\n>forcelose p2", "uploadtime": 1782804350, "views": 5, "formatid": "gen9randombattle", "rating": 1978, "private": 0, "password": null, "player_dets": [{"name": "jsjsiis", "avatar": "102", "rating": 1953, "seed": "sodium,21936cb6b5cad30ae0994e4c863ed391"}, {"name": "bottom1", "avatar": "red", "rating": 2034, "seed": "sodium,4cba633320e25cdc99f04aa268f9ee37"}], "teams_full": [{"Hydrapple": {"name": "Hydrapple", "species": "Hydrapple", "speciesId": "hydrapple", "gender": "M", "shiny": false, "level": 83, "moves": ["dracometeor", "leafstorm", "earthpower", "ficklebeam"], "ability": "Regenerator", "evs": {"hp": 85, "atk": 0, "def": 85, "spa": 85, "spd": 85, "spe": 85}, "ivs": {"hp": 31, "atk": 0, "def": 31, "spa": 31, "spd": 31, "spe": 31}, "item": "Choice Specs", "teraType": "Dragon", "role": "Wallbreaker", "bvs": {"hp": 106, "atk": 80, "def": 110, "spa": 120, "spd": 80, "spe": 44}, "stats": {"hp": 312, "atk": 137, "def": 230, "spa": 247, "spd": 180, "spe": 121}, "types": ["Grass", "Dragon"]}, "Houndstone": {"name": "Houndstone", "species": "Houndstone", "speciesId": "houndstone", "gender": "F", "shiny": false, "level": 86, "moves": ["bodypress", "shadowsneak", "playrough", "poltergeist"], "ability": "Fluffy", "evs": {"hp": 85, "atk": 85, "def": 85, "spa": 85, "spd": 85, "spe": 85}, "ivs": {"hp": 31, "atk": 31, "def": 31, "spa": 31, "spd": 31, "spe": 31}, "item": "Assault Vest", "teraType": "Fighting", "role": "AV Pivot", "bvs": {"hp": 72, "atk": 101, "def": 100, "spa": 50, "spd": 97, "spe": 68}, "stats": {"hp": 264, "atk": 223, "def": 221, "spa": 135, "spd": 216, "spe": 166}, "types": ["Ghost"]}, "Greninja": {"name": "Greninja", "species": "Greninja", "speciesId": "greninja", "gender": "M", "shiny": false, "level": 80, "moves": ["hydropump", "darkpulse", "toxicspikes", "gunkshot"], "ability": "Protean", "evs": {"hp": 85, "atk": 85, "def": 85, "spa": 85, "spd": 85, "spe": 85}, "ivs": {"hp": 31, "atk": 31, "def": 31, "spa": 31, "spd": 31, "spe": 31}, "item": "Life Orb", "teraType": "Dark", "role": "Fast Attacker", "bvs": {"hp": 72, "atk": 95, "def": 67, "spa": 103, "spd": 71, "spe": 122}, "stats": {"hp": 246, "atk": 198, "def": 153, "spa": 211, "spd": 160, "spe": 241}, "types": ["Water", "Dark"]}, "Lugia": {"name": "Lugia", "species": "Lugia", "speciesId": "lugia", "gender": "N", "shiny": false, "level": 73, "moves": ["calmmind", "psychicnoise", "recover", "aeroblast"], "ability": "Multiscale", "evs": {"hp": 85, "atk": 0, "def": 85, "spa": 85, "spd": 85, "spe": 85}, "ivs": {"hp": 31, "atk": 0, "def": 31, "spa": 31, "spd": 31, "spe": 31}, "item": "Heavy-Duty Boots", "teraType": "Steel", "role": "Setup Sweeper", "bvs": {"hp": 106, "atk": 90, "def": 130, "spa": 90, "spd": 154, "spe": 110}, "stats": {"hp": 275, "atk": 136, "def": 232, "spa": 174, "spd": 267, "spe": 203}, "types": ["Psychic", "Flying"]}, "Banette": {"name": "Banette", "species": "Banette", "speciesId": "banette", "gender": "F", "shiny": false, "level": 93, "moves": ["thunderwave", "gunkshot", "shadowsneak", "poltergeist"], "ability": "Insomnia", "evs": {"hp": 85, "atk": 85, "def": 85, "spa": 85, "spd": 85, "spe": 85}, "ivs": {"hp": 31, "atk": 31, "def": 31, "spa": 31, "spd": 31, "spe": 31}, "item": "Life Orb", "teraType": "Poison", "role": "Wallbreaker", "bvs": {"hp": 64, "atk": 115, "def": 65, "spa": 83, "spd": 63, "spe": 65}, "stats": {"hp": 270, "atk": 267, "def": 174, "spa": 207, "spd": 170, "spe": 174}, "types": ["Ghost"]}, "Incineroar": {"name": "Incineroar", "species": "Incineroar", "speciesId": "incineroar", "gender": "M", "shiny": false, "level": 82, "moves": ["knockoff", "closecombat", "uturn", "overheat"], "ability": "Intimidate", "evs": {"hp": 85, "atk": 85, "def": 85, "spa": 85, "spd": 85, "spe": 85}, "ivs": {"hp": 31, "atk": 31, "def": 31, "spa": 31, "spd": 31, "spe": 31}, "item": "Assault Vest", "teraType": "Fighting", "role": "AV Pivot", "bvs": {"hp": 95, "atk": 115, "def": 90, "spa": 80, "spd": 90, "spe": 60}, "stats": {"hp": 290, "atk": 236, "def": 195, "spa": 178, "spd": 195, "spe": 146}, "types": ["Fire", "Dark"]}}, {"Landorus": {"name": "Landorus", "species": "Landorus", "speciesId": "landorus", "gender": "M", "shiny": false, "level": 75, "moves": ["psychic", "rockslide", "earthpower", "focusblast"], "ability": "Sheer Force", "evs": {"hp": 85, "atk": 85, "def": 85, "spa": 85, "spd": 85, "spe": 85}, "ivs": {"hp": 31, "atk": 31, "def": 31, "spa": 31, "spd": 31, "spe": 31}, "item": "Life Orb", "teraType": "Ground", "role": "Fast Attacker", "bvs": {"hp": 89, "atk": 125, "def": 90, "spa": 115, "spd": 80, "spe": 101}, "stats": {"hp": 257, "atk": 231, "def": 179, "spa": 216, "spd": 164, "spe": 195}, "types": ["Ground", "Flying"]}, "Mienshao": {"name": "Mienshao", "species": "Mienshao", "speciesId": "mienshao", "gender": "F", "shiny": false, "level": 83, "moves": ["tripleaxel", "closecombat", "knockoff", "swordsdance"], "ability": "Regenerator", "evs": {"hp": 85, "atk": 85, "def": 85, "spa": 85, "spd": 85, "spe": 85}, "ivs": {"hp": 31, "atk": 31, "def": 31, "spa": 31, "spd": 31, "spe": 31}, "item": "Life Orb", "teraType": "Fighting", "role": "Setup Sweeper", "bvs": {"hp": 65, "atk": 125, "def": 60, "spa": 95, "spd": 60, "spe": 105}, "stats": {"hp": 244, "atk": 255, "def": 147, "spa": 205, "spd": 147, "spe": 222}, "types": ["Fighting"]}, "Cloyster": {"name": "Cloyster", "species": "Cloyster", "speciesId": "cloyster", "gender": "M", "shiny": false, "level": 80, "moves": ["rockblast", "shellsmash", "hydropump", "iciclespear"], "ability": "Skill Link", "evs": {"hp": 85, "atk": 85, "def": 85, "spa": 85, "spd": 85, "spe": 85}, "ivs": {"hp": 31, "atk": 31, "def": 31, "spa": 31, "spd": 31, "spe": 31}, "item": "White Herb", "teraType": "Ice", "role": "Setup Sweeper", "bvs": {"hp": 50, "atk": 95, "def": 180, "spa": 85, "spd": 45, "spe": 70}, "stats": {"hp": 211, "atk": 198, "def": 334, "spa": 182, "spd": 118, "spe": 158}, "types": ["Water", "Ice"]}, "Luxray": {"name": "Luxray", "species": "Luxray", "speciesId": "luxray", "gender": "F", "shiny": false, "level": 88, "moves": ["facade", "supercellslam", "trailblaze", "playrough"], "ability": "Guts", "evs": {"hp": 81, "atk": 85, "def": 85, "spa": 85, "spd": 85, "spe": 85}, "ivs": {"hp": 31, "atk": 31, "def": 31, "spa": 31, "spd": 31, "spe": 31}, "item": "Flame Orb", "teraType": "Normal", "role": "Setup Sweeper", "bvs": {"hp": 80, "atk": 120, "def": 79, "spa": 95, "spd": 79, "spe": 70}, "stats": {"hp": 283, "atk": 261, "def": 189, "spa": 217, "spd": 189, "spe": 173}, "types": ["Electric"]}, "Vileplume": {"name": "Vileplume", "species": "Vileplume", "speciesId": "vileplume", "gender": "F", "shiny": false, "level": 85, "moves": ["leechseed", "sludgebomb", "strengthsap", "gigadrain"], "ability": "Effect Spore", "evs": {"hp": 85, "atk": 0, "def": 85, "spa": 85, "spd": 85, "spe": 85}, "ivs": {"hp": 31, "atk": 0, "def": 31, "spa": 31, "spd": 31, "spe": 31}, "item": "Leftovers", "teraType": "Steel", "role": "Bulky Attacker", "bvs": {"hp": 75, "atk": 80, "def": 85, "spa": 110, "spd": 90, "spe": 50}, "stats": {"hp": 266, "atk": 141, "def": 193, "spa": 236, "spd": 202, "spe": 134}, "types": ["Grass", "Poison"]}, "Zamazenta": {"name": "Zamazenta", "species": "Zamazenta", "speciesId": "zamazenta", "gender": "N", "shiny": false, "level": 71, "moves": ["crunch", "ironhead", "closecombat", "psychicfangs"], "ability": "Dauntless Shield", "evs": {"hp": 85, "atk": 85, "def": 85, "spa": 85, "spd": 85, "spe": 85}, "ivs": {"hp": 31, "atk": 31, "def": 31, "spa": 31, "spd": 31, "spe": 31}, "item": "Choice Band", "teraType": "Fighting", "role": "Bulky Attacker", "bvs": {"hp": 92, "atk": 120, "def": 115, "spa": 80, "spd": 115, "spe": 138}, "stats": {"hp": 248, "atk": 212, "def": 205, "spa": 155, "spd": 205, "spe": 237}, "types": ["Fighting"]}}]}