{"id": "gen9randombattle-2641653420", "format": "[Gen 9] Random Battle", "players": ["dresseur inconnu", "TurboManPR"], "log": "|j|\u2606dresseur inconnu\n|j|\u2606TurboManPR\n|t:|1782825353\n|gametype|singles\n|player|p1|dresseur inconnu|2|1668\n|player|p2|TurboManPR|hooligans|1664\n|gen|9\n|tier|[Gen 9] Random Battle\n|rated|\n|rule|Species Clause: Limit one of each Pok\u00e9mon\n|rule|HP Percentage Mod: HP is shown in percentages\n|rule|Sleep Clause Mod: Limit one foe put to sleep\n|rule|Illusion Level Mod: Illusion disguises the Pok\u00e9mon's true level\n|\n|t:|1782825353\n|teamsize|p1|6\n|teamsize|p2|6\n|start\n|switch|p1a: Blissey|Blissey, L85, F|572/572\n|switch|p2a: Toedscruel|Toedscruel, L87, F|281/281\n|turn|1\n|inactive|Battle timer is ON: inactive players will automatically lose when time's up. (requested by TurboManPR)\n|\n|t:|1782825373\n|move|p1a: Blissey|Stealth Rock|p2a: Toedscruel\n|-sidestart|p2: TurboManPR|move: Stealth Rock\n|move|p2a: Toedscruel|Spore|p1a: Blissey\n|-status|p1a: Blissey|slp|[from] move: Spore\n|\n|upkeep\n|turn|2\n|\n|t:|1782825390\n|-curestatus|p1a: Blissey|slp|[from] ability: Natural Cure|[silent]\n|switch|p1a: Amoonguss|Amoonguss, L82, F|321/321\n|move|p2a: Toedscruel|Rapid Spin|p1a: Amoonguss\n|-damage|p1a: Amoonguss|282/321\n|-boost|p2a: Toedscruel|spe|1\n|-sideend|p2: TurboManPR|Stealth Rock|[from] move: Rapid Spin|[of] p2a: Toedscruel\n|\n|-heal|p1a: Amoonguss|302/321|[from] item: Leftovers\n|upkeep\n|turn|3\n|\n|t:|1782825401\n|switch|p2a: Moltres|Moltres-Galar, L79|271/271\n|move|p1a: Amoonguss|Sludge Bomb|p2a: Moltres\n|-damage|p2a: Moltres|205/271\n|\n|-heal|p1a: Amoonguss|321/321|[from] item: Leftovers\n|upkeep\n|turn|4\n|\n|t:|1782825408\n|switch|p1a: Blissey|Blissey, L85, F|572/572\n|move|p2a: Moltres|Nasty Plot|p2a: Moltres\n|-boost|p2a: Moltres|spa|2\n|\n|upkeep\n|turn|5\n|\n|t:|1782825416\n|move|p2a: Moltres|Nasty Plot|p2a: Moltres\n|-boost|p2a: Moltres|spa|2\n|move|p1a: Blissey|Thunder Wave|p2a: Moltres\n|-status|p2a: Moltres|par\n|\n|upkeep\n|turn|6\n|\n|t:|1782825424\n|move|p1a: Blissey|Seismic Toss|p2a: Moltres\n|-damage|p2a: Moltres|120/271 par\n|-ability|p2a: Moltres|Berserk|boost\n|-boost|p2a: Moltres|spa|1\n|move|p2a: Moltres|Nasty Plot|p2a: Moltres\n|-boost|p2a: Moltres|spa|1\n|\n|upkeep\n|turn|7\n|\n|t:|1782825427\n|move|p1a: Blissey|Seismic Toss|p2a: Moltres\n|-damage|p2a: Moltres|35/271 par\n|move|p2a: Moltres|Rest|p2a: Moltres\n|-status|p2a: Moltres|slp|[from] move: Rest\n|-heal|p2a: Moltres|271/271 slp|[silent]\n|-enditem|p2a: Moltres|Chesto Berry|[eat]\n|-curestatus|p2a: Moltres|slp|[msg]\n|\n|upkeep\n|turn|8\n|\n|t:|1782825432\n|move|p2a: Moltres|Fiery Wrath|p1a: Blissey\n|-damage|p1a: Blissey|328/572\n|cant|p1a: Blissey|flinch\n|\n|-heal|p1a: Blissey|363/572|[from] item: Leftovers\n|upkeep\n|turn|9\n|c|\u2606TurboManPR|Damn only 42\n|c|\u2606TurboManPR|This fat b*tch\n|\n|t:|1782825460\n|move|p2a: Moltres|Fiery Wrath|p1a: Blissey\n|-damage|p1a: Blissey|111/572\n|move|p1a: Blissey|Soft-Boiled|p1a: Blissey\n|-heal|p1a: Blissey|397/572\n|\n|-heal|p1a: Blissey|432/572|[from] item: Leftovers\n|upkeep\n|turn|10\n|c|\u2606dresseur inconnu|lol\n|\n|t:|1782825482\n|move|p2a: Moltres|Fiery Wrath|p1a: Blissey\n|-damage|p1a: Blissey|198/572\n|move|p1a: Blissey|Thunder Wave|p2a: Moltres|[miss]\n|-miss|p1a: Blissey|p2a: Moltres\n|\n|-heal|p1a: Blissey|233/572|[from] item: Leftovers\n|upkeep\n|turn|11\n|c|\u2606TurboManPR|Thank the lord\n|\n|t:|1782825501\n|move|p2a: Moltres|Fiery Wrath|p1a: Blissey\n|-damage|p1a: Blissey|7/572\n|move|p1a: Blissey|Soft-Boiled|p1a: Blissey\n|-heal|p1a: Blissey|293/572\n|\n|-heal|p1a: Blissey|328/572|[from] item: Leftovers\n|upkeep\n|turn|12\n|c|\u2606TurboManPR|:c\n|\n|t:|1782825512\n|move|p2a: Moltres|Fiery Wrath|p1a: Blissey\n|-damage|p1a: Blissey|64/572\n|move|p1a: Blissey|Soft-Boiled|p1a: Blissey\n|-heal|p1a: Blissey|350/572\n|\n|-heal|p1a: Blissey|385/572|[from] item: Leftovers\n|upkeep\n|turn|13\n|\n|t:|1782825515\n|move|p2a: Moltres|Fiery Wrath|p1a: Blissey\n|-damage|p1a: Blissey|127/572\n|move|p1a: Blissey|Soft-Boiled|p1a: Blissey\n|-heal|p1a: Blissey|413/572\n|\n|-heal|p1a: Blissey|448/572|[from] item: Leftovers\n|upkeep\n|turn|14\n|\n|t:|1782825520\n|move|p2a: Moltres|Fiery Wrath|p1a: Blissey\n|-damage|p1a: Blissey|217/572\n|cant|p1a: Blissey|flinch\n|\n|-heal|p1a: Blissey|252/572|[from] item: Leftovers\n|upkeep\n|turn|15\n|\n|t:|1782825522\n|move|p2a: Moltres|Fiery Wrath|p1a: Blissey\n|-damage|p1a: Blissey|8/572\n|move|p1a: Blissey|Soft-Boiled|p1a: Blissey\n|-heal|p1a: Blissey|294/572\n|\n|-heal|p1a: Blissey|329/572|[from] item: Leftovers\n|upkeep\n|turn|16\n|\n|t:|1782825528\n|move|p2a: Moltres|Fiery Wrath|p1a: Blissey\n|-damage|p1a: Blissey|74/572\n|move|p1a: Blissey|Soft-Boiled|p1a: Blissey\n|-heal|p1a: Blissey|360/572\n|\n|-heal|p1a: Blissey|395/572|[from] item: Leftovers\n|upkeep\n|turn|17\n|\n|t:|1782825533\n|move|p2a: Moltres|Fiery Wrath|p1a: Blissey\n|-damage|p1a: Blissey|131/572\n|move|p1a: Blissey|Soft-Boiled|p1a: Blissey\n|-heal|p1a: Blissey|417/572\n|\n|-heal|p1a: Blissey|452/572|[from] item: Leftovers\n|upkeep\n|turn|18\n|\n|t:|1782825537\n|move|p2a: Moltres|Fiery Wrath|p1a: Blissey\n|-damage|p1a: Blissey|200/572\n|move|p1a: Blissey|Thunder Wave|p2a: Moltres\n|-status|p2a: Moltres|par\n|\n|-heal|p1a: Blissey|235/572|[from] item: Leftovers\n|upkeep\n|turn|19\n|\n|t:|1782825541\n|move|p1a: Blissey|Soft-Boiled|p1a: Blissey\n|-heal|p1a: Blissey|521/572\n|cant|p2a: Moltres|par\n|\n|-heal|p1a: Blissey|556/572|[from] item: Leftovers\n|upkeep\n|turn|20\n|\n|t:|1782825546\n|move|p1a: Blissey|Stealth Rock|p2a: Moltres\n|-sidestart|p2: TurboManPR|move: Stealth Rock\n|cant|p2a: Moltres|par\n|\n|-heal|p1a: Blissey|572/572|[from] item: Leftovers\n|upkeep\n|turn|21\n|\n|t:|1782825549\n|move|p1a: Blissey|Seismic Toss|p2a: Moltres\n|-damage|p2a: Moltres|186/271 par\n|move|p2a: Moltres|Fiery Wrath|p1a: Blissey\n|-damage|p1a: Blissey|325/572\n|\n|-heal|p1a: Blissey|360/572|[from] item: Leftovers\n|upkeep\n|turn|22\n|\n|t:|1782825555\n|move|p1a: Blissey|Seismic Toss|p2a: Moltres\n|-damage|p2a: Moltres|101/271 par\n|move|p2a: Moltres|Fiery Wrath|p1a: Blissey\n|-damage|p1a: Blissey|105/572\n|\n|-heal|p1a: Blissey|140/572|[from] item: Leftovers\n|upkeep\n|turn|23\n|\n|t:|1782825557\n|move|p1a: Blissey|Seismic Toss|p2a: Moltres\n|-damage|p2a: Moltres|16/271 par\n|move|p2a: Moltres|Rest|p2a: Moltres\n|-status|p2a: Moltres|slp|[from] move: Rest\n|-heal|p2a: Moltres|271/271 slp|[silent]\n|\n|-heal|p1a: Blissey|175/572|[from] item: Leftovers\n|upkeep\n|turn|24\n|\n|t:|1782825562\n|switch|p1a: Iron Thorns|Iron Thorns, L83|302/302\n|-enditem|p1a: Iron Thorns|Booster Energy\n|-activate|p1a: Iron Thorns|ability: Quark Drive|[fromitem]\n|-start|p1a: Iron Thorns|quarkdriveatk\n|cant|p2a: Moltres|slp\n|\n|upkeep\n|turn|25\n|\n|t:|1782825575\n|-terastallize|p2a: Moltres|Steel\n|cant|p2a: Moltres|slp\n|move|p1a: Iron Thorns|Stone Edge|p2a: Moltres\n|-resisted|p2a: Moltres\n|-damage|p2a: Moltres|181/271 slp\n|\n|upkeep\n|turn|26\n|\n|t:|1782825585\n|-end|p1a: Iron Thorns|Quark Drive|[silent]\n|switch|p1a: Blissey|Blissey, L85, F|175/572\n|-curestatus|p2a: Moltres|slp|[msg]\n|move|p2a: Moltres|Fiery Wrath|p1a: Blissey\n|-damage|p1a: Blissey|0 fnt\n|faint|p1a: Blissey\n|\n|upkeep\n|\n|t:|1782825592\n|switch|p1a: Passimian|Passimian, L83, F|302/302\n|turn|27\n|\n|t:|1782825601\n|move|p1a: Passimian|Close Combat|p2a: Moltres\n|-supereffective|p2a: Moltres\n|-damage|p2a: Moltres|0 fnt\n|-unboost|p1a: Passimian|def|1\n|-unboost|p1a: Passimian|spd|1\n|faint|p2a: Moltres\n|\n|upkeep\n|\n|t:|1782825615\n|switch|p2a: Toedscruel|Toedscruel, L87, F|281/281\n|-damage|p2a: Toedscruel|264/281|[from] Stealth Rock\n|turn|28\n|\n|t:|1782825623\n|switch|p1a: Amoonguss|Amoonguss, L82, F|321/321\n|move|p2a: Toedscruel|Rapid Spin|p1a: Amoonguss\n|-damage|p1a: Amoonguss|284/321\n|-boost|p2a: Toedscruel|spe|1\n|-sideend|p2: TurboManPR|Stealth Rock|[from] move: Rapid Spin|[of] p2a: Toedscruel\n|\n|-heal|p2a: Toedscruel|281/281|[from] item: Leftovers\n|-heal|p1a: Amoonguss|304/321|[from] item: Leftovers\n|upkeep\n|turn|29\n|\n|t:|1782825629\n|switch|p2a: Swampert|Swampert, L83, M|302/302\n|move|p1a: Amoonguss|Sludge Bomb|p2a: Swampert\n|-resisted|p2a: Swampert\n|-damage|p2a: Swampert|263/302\n|\n|-heal|p2a: Swampert|281/302|[from] item: Leftovers\n|-heal|p1a: Amoonguss|321/321|[from] item: Leftovers\n|upkeep\n|turn|30\n|\n|t:|1782825639\n|switch|p2a: Scyther|Scyther, L82, F|249/249\n|move|p1a: Amoonguss|Giga Drain|p2a: Scyther\n|-resisted|p2a: Scyther\n|-damage|p2a: Scyther|229/249\n|\n|upkeep\n|turn|31\n|\n|t:|1782825651\n|switch|p1a: Iron Thorns|Iron Thorns, L83|302/302\n|move|p2a: Scyther|Close Combat|p1a: Iron Thorns\n|-supereffective|p1a: Iron Thorns\n|-damage|p1a: Iron Thorns|140/302\n|-unboost|p2a: Scyther|def|1\n|-unboost|p2a: Scyther|spd|1\n|\n|upkeep\n|turn|32\n|\n|t:|1782825662\n|-end|p1a: Iron Thorns|Quark Drive|[silent]\n|switch|p1a: Passimian|Passimian, L83, F|302/302\n|move|p2a: Scyther|Close Combat|p1a: Passimian\n|-damage|p1a: Passimian|208/302\n|-unboost|p2a: Scyther|def|1\n|-unboost|p2a: Scyther|spd|1\n|\n|upkeep\n|turn|33\n|\n|t:|1782825667\n|switch|p2a: Swampert|Swampert, L83, M|281/302\n|move|p1a: Passimian|Gunk Shot|p2a: Swampert\n|-resisted|p2a: Swampert\n|-damage|p2a: Swampert|234/302\n|\n|-heal|p2a: Swampert|252/302|[from] item: Leftovers\n|upkeep\n|turn|34\n|\n|t:|1782825672\n|switch|p1a: Amoonguss|Amoonguss, L82, F|321/321\n|move|p2a: Swampert|Stealth Rock|p1a: Amoonguss\n|-sidestart|p1: dresseur inconnu|move: Stealth Rock\n|\n|-heal|p2a: Swampert|270/302|[from] item: Leftovers\n|upkeep\n|turn|35\n|\n|t:|1782825675\n|move|p2a: Swampert|Ice Beam|p1a: Amoonguss\n|-supereffective|p1a: Amoonguss\n|-damage|p1a: Amoonguss|189/321\n|move|p1a: Amoonguss|Sludge Bomb|p2a: Swampert\n|-resisted|p2a: Swampert\n|-damage|p2a: Swampert|230/302\n|\n|-heal|p2a: Swampert|248/302|[from] item: Leftovers\n|-heal|p1a: Amoonguss|209/321|[from] item: Leftovers\n|upkeep\n|turn|36\n|\n|t:|1782825679\n|switch|p2a: Scyther|Scyther, L82, F|229/249\n|move|p1a: Amoonguss|Spore|p2a: Scyther\n|-status|p2a: Scyther|slp|[from] move: Spore\n|\n|-heal|p1a: Amoonguss|229/321|[from] item: Leftovers\n|upkeep\n|turn|37\n|\n|t:|1782825684\n|cant|p2a: Scyther|slp\n|move|p1a: Amoonguss|Sludge Bomb|p2a: Scyther\n|-damage|p2a: Scyther|135/249 slp\n|\n|-heal|p1a: Amoonguss|249/321|[from] item: Leftovers\n|upkeep\n|turn|38\n|\n|t:|1782825689\n|-curestatus|p2a: Scyther|slp|[msg]\n|move|p2a: Scyther|Dual Wingbeat|p1a: Amoonguss\n|-supereffective|p1a: Amoonguss\n|-damage|p1a: Amoonguss|81/321\n|-supereffective|p1a: Amoonguss\n|-damage|p1a: Amoonguss|0 fnt\n|faint|p1a: Amoonguss\n|-hitcount|p1: Amoonguss|2\n|\n|upkeep\n|-message|dresseur inconnu forfeited.\n|\n|win|TurboManPR\n", "inputlog": ">version f8ac14003a5f27e1bdc8d8c59608a773c1cb96e5\n>start {\"formatid\":\"gen9randombattle\",\"seed\":\"sodium,15cf01846f5a5ea923bb4991026fedf6\",\"rated\":\"Rated battle\"}\n>player p1 {\"name\":\"dresseur inconnu\",\"avatar\":\"2\",\"rating\":1668,\"seed\":\"sodium,c25f690b434f79fea680c72f2b11a7a5\"}\n>player p2 {\"name\":\"TurboManPR\",\"avatar\":\"hooligans\",\"rating\":1664,\"seed\":\"sodium,0adc69bb5cc78a3de1b2421263b2b8e4\"}\n>p1 move stealthrock\n>p2 move spore\n>p1 switch 2\n>p2 move rapidspin\n>p1 move sludgebomb\n>p2 switch 5\n>p1 switch 2\n>p2 move nastyplot\n>p1 move thunderwave\n>p2 move nastyplot\n>p1 move seismictoss\n>p2 move nastyplot\n>p1 move seismictoss\n>p2 move rest\n>p1 move thunderwave\n>p2 move fierywrath\n>chat \u2606TurboManPR|Damn only 42\n>chat \u2606TurboManPR|This fat b*tch\n>p1 move softboiled\n>p2 move fierywrath\n>chat \u2606dresseur inconnu|lol\n>p1 move thunderwave\n>p2 move fierywrath\n>chat \u2606TurboManPR|Thank the lord\n>p1 move softboiled\n>p2 move fierywrath\n>chat \u2606TurboManPR|:c\n>p1 move softboiled\n>p2 move fierywrath\n>p1 move softboiled\n>p2 move fierywrath\n>p1 move softboiled\n>p2 move fierywrath\n>p1 move softboiled\n>p2 move fierywrath\n>p1 move softboiled\n>p2 move fierywrath\n>p1 move softboiled\n>p2 move fierywrath\n>p1 move thunderwave\n>p2 move fierywrath\n>p1 move softboiled\n>p2 move fierywrath\n>p1 move stealthrock\n>p2 move fierywrath\n>p1 move seismictoss\n>p2 move fierywrath\n>p1 move seismictoss\n>p2 move fierywrath\n>p1 move seismictoss\n>p2 move rest\n>p1 switch 5\n>p2 move fierywrath\n>p1 move stoneedge\n>p2 move fierywrath terastallize\n>p1 switch 5\n>p2 move fierywrath\n>p1 switch 3\n>p1 move closecombat\n>p2 move hurricane\n>p2 switch 5\n>p1 switch 2\n>p2 move rapidspin\n>p1 move sludgebomb\n>p2 switch 3\n>p1 move gigadrain\n>p2 switch 4\n>p1 switch 5\n>p2 move closecombat\n>p1 switch 2\n>p2 move closecombat\n>p1 move gunkshot\n>p2 switch 4\n>p1 switch 5\n>p2 move stealthrock\n>p1 move sludgebomb\n>p2 move icebeam\n>p1 move spore\n>p2 switch 4\n>p1 move sludgebomb\n>p2 move uturn\n>p1 move sludgebomb\n>p2 move dualwingbeat\n>forcelose p1", "uploadtime": 1782825453, "views": 1, "formatid": "gen9randombattle", "rating": null, "private": 0, "password": null, "player_dets": [{"name": "dresseur inconnu", "avatar": "2", "rating": 1668, "seed": "sodium,c25f690b434f79fea680c72f2b11a7a5"}, {"name": "TurboManPR", "avatar": "hooligans", "rating": 1664, "seed": "sodium,0adc69bb5cc78a3de1b2421263b2b8e4"}], "teams_full": [{"Blissey": {"name": "Blissey", "species": "Blissey", "speciesId": "blissey", "gender": "F", "shiny": false, "level": 85, "moves": ["softboiled", "seismictoss", "stealthrock", "thunderwave"], "ability": "Natural Cure", "evs": {"hp": 85, "atk": 0, "def": 85, "spa": 85, "spd": 85, "spe": 85}, "ivs": {"hp": 31, "atk": 0, "def": 31, "spa": 31, "spd": 31, "spe": 31}, "item": "Leftovers", "teraType": "Poison", "role": "Bulky Support", "bvs": {"hp": 255, "atk": 10, "def": 10, "spa": 75, "spd": 135, "spe": 55}, "stats": {"hp": 572, "atk": 22, "def": 66, "spa": 176, "spd": 278, "spe": 142}, "types": ["Normal"]}, "Amoonguss": {"name": "Amoonguss", "species": "Amoonguss", "speciesId": "amoonguss", "gender": "F", "shiny": false, "level": 82, "moves": ["clearsmog", "gigadrain", "spore", "sludgebomb"], "ability": "Regenerator", "evs": {"hp": 85, "atk": 0, "def": 85, "spa": 85, "spd": 85, "spe": 85}, "ivs": {"hp": 31, "atk": 0, "def": 31, "spa": 31, "spd": 31, "spe": 31}, "item": "Leftovers", "teraType": "Steel", "role": "Bulky Support", "bvs": {"hp": 114, "atk": 85, "def": 70, "spa": 85, "spd": 80, "spe": 30}, "stats": {"hp": 321, "atk": 144, "def": 162, "spa": 187, "spd": 178, "spe": 96}, "types": ["Grass", "Poison"]}, "Passimian": {"name": "Passimian", "species": "Passimian", "speciesId": "passimian", "gender": "F", "shiny": false, "level": 83, "moves": ["knockoff", "earthquake", "gunkshot", "closecombat"], "ability": "Defiant", "evs": {"hp": 85, "atk": 85, "def": 85, "spa": 85, "spd": 85, "spe": 85}, "ivs": {"hp": 31, "atk": 31, "def": 31, "spa": 31, "spd": 31, "spe": 31}, "item": "Choice Scarf", "teraType": "Fighting", "role": "Fast Attacker", "bvs": {"hp": 100, "atk": 120, "def": 90, "spa": 40, "spd": 60, "spe": 80}, "stats": {"hp": 302, "atk": 247, "def": 197, "spa": 114, "spd": 147, "spe": 180}, "types": ["Fighting"]}, "Gurdurr": {"name": "Gurdurr", "species": "Gurdurr", "speciesId": "gurdurr", "gender": "F", "shiny": false, "level": 85, "moves": ["machpunch", "knockoff", "drainpunch", "bulkup"], "ability": "Guts", "evs": {"hp": 85, "atk": 85, "def": 85, "spa": 85, "spd": 85, "spe": 85}, "ivs": {"hp": 31, "atk": 31, "def": 31, "spa": 31, "spd": 31, "spe": 31}, "item": "Eviolite", "teraType": "Steel", "role": "Bulky Attacker", "bvs": {"hp": 85, "atk": 105, "def": 85, "spa": 40, "spd": 50, "spe": 40}, "stats": {"hp": 283, "atk": 227, "def": 193, "spa": 117, "spd": 134, "spe": 117}, "types": ["Fighting"]}, "Iron Thorns": {"name": "Iron Thorns", "species": "Iron Thorns", "speciesId": "ironthorns", "gender": "N", "shiny": false, "level": 83, "moves": ["earthquake", "dragondance", "wildcharge", "stoneedge"], "ability": "Quark Drive", "evs": {"hp": 85, "atk": 85, "def": 85, "spa": 85, "spd": 85, "spe": 85}, "ivs": {"hp": 31, "atk": 31, "def": 31, "spa": 31, "spd": 31, "spe": 31}, "item": "Booster Energy", "teraType": "Ground", "role": "Fast Bulky Setup", "bvs": {"hp": 100, "atk": 134, "def": 110, "spa": 70, "spd": 84, "spe": 72}, "stats": {"hp": 302, "atk": 270, "def": 230, "spa": 164, "spd": 187, "spe": 167}, "types": ["Rock", "Electric"]}, "Hypno": {"name": "Hypno", "species": "Hypno", "speciesId": "hypno", "gender": "F", "shiny": false, "level": 95, "moves": ["knockoff", "encore", "psychicnoise", "toxic"], "ability": "Insomnia", "evs": {"hp": 85, "atk": 85, "def": 85, "spa": 85, "spd": 85, "spe": 85}, "ivs": {"hp": 31, "atk": 31, "def": 31, "spa": 31, "spd": 31, "spe": 31}, "item": "Leftovers", "teraType": "Steel", "role": "Bulky Support", "bvs": {"hp": 85, "atk": 73, "def": 70, "spa": 73, "spd": 115, "spe": 67}, "stats": {"hp": 315, "atk": 193, "def": 187, "spa": 193, "spd": 272, "spe": 181}, "types": ["Psychic"]}}, {"Toedscruel": {"name": "Toedscruel", "species": "Toedscruel", "speciesId": "toedscruel", "gender": "F", "shiny": false, "level": 87, "moves": ["spore", "leafstorm", "rapidspin", "earthpower"], "ability": "Mycelium Might", "evs": {"hp": 85, "atk": 85, "def": 85, "spa": 85, "spd": 85, "spe": 85}, "ivs": {"hp": 31, "atk": 31, "def": 31, "spa": 31, "spd": 31, "spe": 31}, "item": "Leftovers", "teraType": "Water", "role": "Bulky Support", "bvs": {"hp": 80, "atk": 70, "def": 65, "spa": 80, "spd": 120, "spe": 100}, "stats": {"hp": 281, "atk": 172, "def": 163, "spa": 189, "spd": 259, "spe": 224}, "types": ["Ground", "Grass"]}, "Sylveon": {"name": "Sylveon", "species": "Sylveon", "speciesId": "sylveon", "gender": "F", "shiny": false, "level": 85, "moves": ["protect", "hypervoice", "calmmind", "wish"], "ability": "Pixilate", "evs": {"hp": 85, "atk": 0, "def": 85, "spa": 85, "spd": 85, "spe": 85}, "ivs": {"hp": 31, "atk": 0, "def": 31, "spa": 31, "spd": 31, "spe": 31}, "item": "Leftovers", "teraType": "Steel", "role": "Bulky Setup", "bvs": {"hp": 95, "atk": 65, "def": 65, "spa": 110, "spd": 130, "spe": 60}, "stats": {"hp": 300, "atk": 115, "def": 159, "spa": 236, "spd": 270, "spe": 151}, "types": ["Fairy"]}, "Swampert": {"name": "Swampert", "species": "Swampert", "speciesId": "swampert", "gender": "M", "shiny": false, "level": 83, "moves": ["stealthrock", "icebeam", "roar", "earthquake"], "ability": "Damp", "evs": {"hp": 85, "atk": 85, "def": 85, "spa": 85, "spd": 85, "spe": 85}, "ivs": {"hp": 31, "atk": 31, "def": 31, "spa": 31, "spd": 31, "spe": 31}, "item": "Leftovers", "teraType": "Poison", "role": "Bulky Support", "bvs": {"hp": 100, "atk": 110, "def": 90, "spa": 85, "spd": 90, "spe": 60}, "stats": {"hp": 302, "atk": 230, "def": 197, "spa": 189, "spd": 197, "spe": 147}, "types": ["Water", "Ground"]}, "Scyther": {"name": "Scyther", "species": "Scyther", "speciesId": "scyther", "gender": "F", "shiny": false, "level": 82, "moves": ["dualwingbeat", "uturn", "closecombat", "defog"], "ability": "Technician", "evs": {"hp": 85, "atk": 85, "def": 85, "spa": 85, "spd": 85, "spe": 85}, "ivs": {"hp": 31, "atk": 31, "def": 31, "spa": 31, "spd": 31, "spe": 31}, "item": "Heavy-Duty Boots", "teraType": "Fighting", "role": "Fast Support", "bvs": {"hp": 70, "atk": 110, "def": 80, "spa": 55, "spd": 80, "spe": 105}, "stats": {"hp": 249, "atk": 228, "def": 178, "spa": 137, "spd": 178, "spe": 219}, "types": ["Bug", "Flying"]}, "Moltres": {"name": "Moltres", "species": "Moltres-Galar", "speciesId": "moltresgalar", "gender": "N", "shiny": false, "level": 79, "moves": ["nastyplot", "fierywrath", "hurricane", "rest"], "ability": "Berserk", "evs": {"hp": 81, "atk": 0, "def": 85, "spa": 85, "spd": 85, "spe": 85}, "ivs": {"hp": 31, "atk": 0, "def": 31, "spa": 31, "spd": 31, "spe": 31}, "item": "Chesto Berry", "teraType": "Steel", "role": "Bulky Setup", "bvs": {"hp": 90, "atk": 85, "def": 90, "spa": 100, "spd": 125, "spe": 90}, "stats": {"hp": 271, "atk": 139, "def": 188, "spa": 204, "spd": 243, "spe": 188}, "types": ["Dark", "Flying"]}, "Ampharos": {"name": "Ampharos", "species": "Ampharos", "speciesId": "ampharos", "gender": "M", "shiny": false, "level": 88, "moves": ["dazzlinggleam", "focusblast", "thunderbolt", "agility"], "ability": "Static", "evs": {"hp": 85, "atk": 0, "def": 85, "spa": 85, "spd": 85, "spe": 85}, "ivs": {"hp": 31, "atk": 0, "def": 31, "spa": 31, "spd": 31, "spe": 31}, "item": "Life Orb", "teraType": "Electric", "role": "Wallbreaker", "bvs": {"hp": 90, "atk": 75, "def": 85, "spa": 115, "spd": 90, "spe": 55}, "stats": {"hp": 302, "atk": 137, "def": 200, "spa": 253, "spd": 209, "spe": 147}, "types": ["Electric"]}}]}