{"id": "gen9randombattle-2641295768", "format": "[Gen 9] Random Battle", "players": ["Gioilele", "Kinjamin"], "log": "|j|\u2606Gioilele\n|j|\u2606Kinjamin\n|t:|1782764475\n|gametype|singles\n|player|p1|Gioilele|giovanni|1813\n|player|p2|Kinjamin|scientist-gen4dp|1920\n|gen|9\n|tier|[Gen 9] Random Battle\n|rated|\n|rule|Species Clause: Limit one of each Pok\u00e9mon\n|rule|HP Percentage Mod: HP is shown in percentages\n|rule|Sleep Clause Mod: Limit one foe put to sleep\n|rule|Illusion Level Mod: Illusion disguises the Pok\u00e9mon's true level\n|\n|t:|1782764475\n|teamsize|p1|6\n|teamsize|p2|6\n|start\n|switch|p1a: Lugia|Lugia, L73|275/275\n|switch|p2a: Iron Valiant|Iron Valiant, L78|244/244\n|turn|1\n|\n|t:|1782764492\n|-end|p2a: Iron Valiant|Quark Drive|[silent]\n|switch|p2a: Chandelure|Chandelure, L83, M|235/235\n|move|p1a: Lugia|Aeroblast|p2a: Chandelure\n|-damage|p2a: Chandelure|162/235\n|\n|upkeep\n|turn|2\n|inactive|Battle timer is ON: inactive players will automatically lose when time's up. (requested by Gioilele)\n|\n|t:|1782764497\n|move|p2a: Chandelure|Trick|p1a: Lugia\n|-activate|p2a: Chandelure|move: Trick|[of] p1a: Lugia\n|-item|p1a: Lugia|Choice Scarf|[from] move: Trick\n|-item|p2a: Chandelure|Heavy-Duty Boots|[from] move: Trick\n|move|p1a: Lugia|Earth Power|p2a: Chandelure\n|-supereffective|p2a: Chandelure\n|-crit|p2a: Chandelure\n|-damage|p2a: Chandelure|30/235\n|\n|upkeep\n|turn|3\n|\n|t:|1782764503\n|switch|p2a: Jumpluff|Jumpluff, L87, F|271/271\n|move|p1a: Lugia|Earth Power|p2a: Jumpluff\n|-immune|p2a: Jumpluff\n|\n|upkeep\n|turn|4\n|\n|t:|1782764510\n|switch|p1a: Cobalion|Cobalion, L80|277/277\n|move|p2a: Jumpluff|Leech Seed|p1a: Cobalion\n|-start|p1a: Cobalion|move: Leech Seed\n|\n|-damage|p1a: Cobalion|243/277|[from] Leech Seed|[of] p2a: Jumpluff\n|upkeep\n|turn|5\n|\n|t:|1782764518\n|switch|p2a: Toxapex|Toxapex, L82, F|216/216\n|switch|p1a: Alomomola|Alomomola, L87, M|429/429\n|\n|upkeep\n|turn|6\n|\n|t:|1782764522\n|move|p1a: Alomomola|Flip Turn|p2a: Toxapex\n|-resisted|p2a: Toxapex\n|-damage|p2a: Toxapex|196/216\n|\n|t:|1782764529\n|switch|p1a: Blissey|Blissey, L85, F|572/572|[from] Flip Turn\n|move|p2a: Toxapex|Toxic Spikes|p1a: Blissey\n|-sidestart|p1: Gioilele|move: Toxic Spikes\n|\n|-heal|p2a: Toxapex|209/216|[from] item: Leftovers\n|upkeep\n|turn|7\n|\n|t:|1782764546\n|switch|p2a: Chandelure|Chandelure, L83, M|30/235\n|move|p1a: Blissey|Stealth Rock|p2a: Chandelure\n|-sidestart|p2: Kinjamin|move: Stealth Rock\n|\n|upkeep\n|turn|8\n|\n|t:|1782764564\n|move|p2a: Chandelure|Fire Blast|p1a: Blissey\n|-crit|p1a: Blissey\n|-damage|p1a: Blissey|412/572\n|move|p1a: Blissey|Thunder Wave|p2a: Chandelure\n|-status|p2a: Chandelure|par\n|\n|-heal|p1a: Blissey|447/572|[from] item: Leftovers\n|upkeep\n|turn|9\n|\n|t:|1782764571\n|switch|p1a: Pelipper|Pelipper, L86, M|243/243\n|-weather|RainDance|[from] ability: Drizzle|[of] p1a: Pelipper\n|move|p2a: Chandelure|Fire Blast|p1a: Pelipper\n|-resisted|p1a: Pelipper\n|-damage|p1a: Pelipper|200/243\n|\n|-weather|RainDance|[upkeep]\n|upkeep\n|turn|10\n|\n|t:|1782764578\n|move|p1a: Pelipper|Hurricane|p2a: Chandelure\n|-damage|p2a: Chandelure|0 fnt\n|faint|p2a: Chandelure\n|\n|-weather|RainDance|[upkeep]\n|upkeep\n|\n|t:|1782764596\n|switch|p2a: Necrozma|Necrozma-Dusk-Mane, L69|248/248\n|-damage|p2a: Necrozma|233/248|[from] Stealth Rock\n|turn|11\n|\n|t:|1782764599\n|move|p1a: Pelipper|Surf|p2a: Necrozma\n|-damage|p2a: Necrozma|82/248\n|move|p2a: Necrozma|Dragon Dance|p2a: Necrozma\n|-boost|p2a: Necrozma|atk|1\n|-boost|p2a: Necrozma|spe|1\n|\n|-weather|RainDance|[upkeep]\n|upkeep\n|turn|12\n|-message|Kinjamin forfeited.\n|\n|win|Gioilele\n|raw|Gioilele's rating: 1813 &rarr; <strong>1839</strong><br />(+26 for winning)\n|raw|Kinjamin's rating: 1920 &rarr; <strong>1894</strong><br />(-26 for losing)\n", "inputlog": ">version f8ac14003a5f27e1bdc8d8c59608a773c1cb96e5\n>start {\"formatid\":\"gen9randombattle\",\"seed\":\"sodium,4f6cf9160b0f6cbf27126e56a07bb24b\",\"rated\":\"Rated battle\"}\n>player p1 {\"name\":\"Gioilele\",\"avatar\":\"giovanni\",\"rating\":1813,\"seed\":\"sodium,670a8739199472153f9cd30f54901654\"}\n>player p2 {\"name\":\"Kinjamin\",\"avatar\":\"scientist-gen4dp\",\"rating\":1920,\"seed\":\"sodium,038941c1ebc7713e74625443464e2f17\"}\n>p1 move aeroblast\n>p2 switch 2\n>p1 move earthpower\n>p2 move trick\n>p1 move earthpower\n>p2 switch 6\n>p1 switch 2\n>p2 move leechseed\n>p1 switch 3\n>p2 switch 4\n>p1 move flipturn\n>p2 move toxicspikes\n>p1 switch 4\n>p1 move stealthrock\n>p2 switch 6\n>p1 move thunderwave\n>p2 move fireblast\n>p1 switch 5\n>p2 move fireblast\n>p1 move hurricane\n>p2 move energyball\n>p2 switch 5\n>p1 move surf\n>p2 move dragondance\n>forcelose p2", "uploadtime": 1782764604, "views": 6, "formatid": "gen9randombattle", "rating": 1839, "private": 0, "password": null, "player_dets": [{"name": "Gioilele", "avatar": "giovanni", "rating": 1813, "seed": "sodium,670a8739199472153f9cd30f54901654"}, {"name": "Kinjamin", "avatar": "scientist-gen4dp", "rating": 1920, "seed": "sodium,038941c1ebc7713e74625443464e2f17"}], "teams_full": [{"Lugia": {"name": "Lugia", "species": "Lugia", "speciesId": "lugia", "gender": "N", "shiny": false, "level": 73, "moves": ["recover", "earthpower", "calmmind", "aeroblast"], "ability": "Multiscale", "evs": {"hp": 85, "atk": 0, "def": 85, "spa": 85, "spd": 85, "spe": 85}, "ivs": {"hp": 31, "atk": 0, "def": 31, "spa": 31, "spd": 31, "spe": 31}, "item": "Heavy-Duty Boots", "teraType": "Steel", "role": "Bulky Setup", "bvs": {"hp": 106, "atk": 90, "def": 130, "spa": 90, "spd": 154, "spe": 110}, "stats": {"hp": 275, "atk": 136, "def": 232, "spa": 174, "spd": 267, "spe": 203}, "types": ["Psychic", "Flying"]}, "Cobalion": {"name": "Cobalion", "species": "Cobalion", "speciesId": "cobalion", "gender": "N", "shiny": false, "level": 80, "moves": ["swordsdance", "stoneedge", "closecombat", "ironhead"], "ability": "Justified", "evs": {"hp": 85, "atk": 85, "def": 85, "spa": 85, "spd": 85, "spe": 85}, "ivs": {"hp": 31, "atk": 31, "def": 31, "spa": 31, "spd": 31, "spe": 31}, "item": "Life Orb", "teraType": "Fighting", "role": "Fast Bulky Setup", "bvs": {"hp": 91, "atk": 90, "def": 129, "spa": 90, "spd": 72, "spe": 108}, "stats": {"hp": 277, "atk": 190, "def": 253, "spa": 190, "spd": 161, "spe": 219}, "types": ["Steel", "Fighting"]}, "Alomomola": {"name": "Alomomola", "species": "Alomomola", "speciesId": "alomomola", "gender": "M", "shiny": false, "level": 87, "moves": ["wish", "scald", "protect", "flipturn"], "ability": "Regenerator", "evs": {"hp": 85, "atk": 85, "def": 85, "spa": 85, "spd": 85, "spe": 85}, "ivs": {"hp": 31, "atk": 31, "def": 31, "spa": 31, "spd": 31, "spe": 31}, "item": "Heavy-Duty Boots", "teraType": "Steel", "role": "Fast Support", "bvs": {"hp": 165, "atk": 75, "def": 80, "spa": 40, "spd": 45, "spe": 65}, "stats": {"hp": 429, "atk": 180, "def": 189, "spa": 119, "spd": 128, "spe": 163}, "types": ["Water"]}, "Blissey": {"name": "Blissey", "species": "Blissey", "speciesId": "blissey", "gender": "F", "shiny": false, "level": 85, "moves": ["seismictoss", "thunderwave", "softboiled", "stealthrock"], "ability": "Natural Cure", "evs": {"hp": 85, "atk": 0, "def": 85, "spa": 85, "spd": 85, "spe": 85}, "ivs": {"hp": 31, "atk": 0, "def": 31, "spa": 31, "spd": 31, "spe": 31}, "item": "Leftovers", "teraType": "Fairy", "role": "Bulky Support", "bvs": {"hp": 255, "atk": 10, "def": 10, "spa": 75, "spd": 135, "spe": 55}, "stats": {"hp": 572, "atk": 22, "def": 66, "spa": 176, "spd": 278, "spe": 142}, "types": ["Normal"]}, "Pelipper": {"name": "Pelipper", "species": "Pelipper", "speciesId": "pelipper", "gender": "M", "shiny": false, "level": 86, "moves": ["roost", "surf", "hurricane", "knockoff"], "ability": "Drizzle", "evs": {"hp": 85, "atk": 85, "def": 85, "spa": 85, "spd": 85, "spe": 85}, "ivs": {"hp": 31, "atk": 31, "def": 31, "spa": 31, "spd": 31, "spe": 31}, "item": "Heavy-Duty Boots", "teraType": "Water", "role": "Bulky Attacker", "bvs": {"hp": 60, "atk": 50, "def": 100, "spa": 95, "spd": 70, "spe": 65}, "stats": {"hp": 243, "atk": 135, "def": 221, "spa": 213, "spd": 170, "spe": 161}, "types": ["Water", "Flying"]}, "Pawmot": {"name": "Pawmot", "species": "Pawmot", "speciesId": "pawmot", "gender": "F", "shiny": false, "level": 80, "moves": ["icepunch", "doubleshock", "closecombat", "revivalblessing"], "ability": "Iron Fist", "evs": {"hp": 85, "atk": 85, "def": 85, "spa": 85, "spd": 85, "spe": 85}, "ivs": {"hp": 31, "atk": 31, "def": 31, "spa": 31, "spd": 31, "spe": 31}, "item": "Life Orb", "teraType": "Electric", "role": "Wallbreaker", "bvs": {"hp": 70, "atk": 115, "def": 70, "spa": 70, "spd": 60, "spe": 105}, "stats": {"hp": 243, "atk": 230, "def": 158, "spa": 158, "spd": 142, "spe": 214}, "types": ["Electric", "Fighting"]}}, {"Iron Valiant": {"name": "Iron Valiant", "species": "Iron Valiant", "speciesId": "ironvaliant", "gender": "N", "shiny": false, "level": 78, "moves": ["psychic", "calmmind", "moonblast", "closecombat"], "ability": "Quark Drive", "evs": {"hp": 85, "atk": 85, "def": 85, "spa": 85, "spd": 85, "spe": 85}, "ivs": {"hp": 31, "atk": 31, "def": 31, "spa": 31, "spd": 31, "spe": 31}, "item": "Life Orb", "teraType": "Fairy", "role": "Fast Attacker", "bvs": {"hp": 74, "atk": 130, "def": 90, "spa": 120, "spd": 60, "spe": 116}, "stats": {"hp": 244, "atk": 248, "def": 185, "spa": 232, "spd": 139, "spe": 226}, "types": ["Fairy", "Fighting"]}, "Chandelure": {"name": "Chandelure", "species": "Chandelure", "speciesId": "chandelure", "gender": "M", "shiny": false, "level": 83, "moves": ["trick", "energyball", "shadowball", "fireblast"], "ability": "Flash Fire", "evs": {"hp": 85, "atk": 0, "def": 85, "spa": 85, "spd": 85, "spe": 85}, "ivs": {"hp": 31, "atk": 0, "def": 31, "spa": 31, "spd": 31, "spe": 31}, "item": "Choice Scarf", "teraType": "Fire", "role": "Fast Attacker", "bvs": {"hp": 60, "atk": 55, "def": 90, "spa": 145, "spd": 90, "spe": 80}, "stats": {"hp": 235, "atk": 96, "def": 197, "spa": 288, "spd": 197, "spe": 180}, "types": ["Ghost", "Fire"]}, "Tauros": {"name": "Tauros", "species": "Tauros-Paldea-Combat", "speciesId": "taurospaldeacombat", "gender": "M", "shiny": false, "level": 82, "moves": ["throatchop", "earthquake", "closecombat", "bulkup"], "ability": "Intimidate", "evs": {"hp": 85, "atk": 85, "def": 85, "spa": 85, "spd": 85, "spe": 85}, "ivs": {"hp": 31, "atk": 31, "def": 31, "spa": 31, "spd": 31, "spe": 31}, "item": "Life Orb", "teraType": "Dark", "role": "Wallbreaker", "bvs": {"hp": 75, "atk": 110, "def": 105, "spa": 30, "spd": 70, "spe": 100}, "stats": {"hp": 257, "atk": 228, "def": 219, "spa": 96, "spd": 162, "spe": 211}, "types": ["Fighting"]}, "Toxapex": {"name": "Toxapex", "species": "Toxapex", "speciesId": "toxapex", "gender": "F", "shiny": false, "level": 82, "moves": ["haze", "liquidation", "toxicspikes", "recover"], "ability": "Regenerator", "evs": {"hp": 85, "atk": 85, "def": 85, "spa": 85, "spd": 85, "spe": 85}, "ivs": {"hp": 31, "atk": 31, "def": 31, "spa": 31, "spd": 31, "spe": 31}, "item": "Leftovers", "teraType": "Flying", "role": "Bulky Support", "bvs": {"hp": 50, "atk": 63, "def": 152, "spa": 53, "spd": 142, "spe": 35}, "stats": {"hp": 216, "atk": 150, "def": 296, "spa": 134, "spd": 280, "spe": 105}, "types": ["Poison", "Water"]}, "Necrozma": {"name": "Necrozma", "species": "Necrozma-Dusk-Mane", "speciesId": "necrozmaduskmane", "gender": "N", "shiny": false, "level": 69, "moves": ["dragondance", "earthquake", "sunsteelstrike", "photongeyser"], "ability": "Prism Armor", "evs": {"hp": 85, "atk": 85, "def": 85, "spa": 85, "spd": 85, "spe": 85}, "ivs": {"hp": 31, "atk": 31, "def": 31, "spa": 31, "spd": 31, "spe": 31}, "item": "Weakness Policy", "teraType": "Ground", "role": "Bulky Setup", "bvs": {"hp": 97, "atk": 157, "def": 127, "spa": 113, "spd": 109, "spe": 77}, "stats": {"hp": 248, "atk": 257, "def": 216, "spa": 196, "spd": 191, "spe": 147}, "types": ["Psychic", "Steel"]}, "Jumpluff": {"name": "Jumpluff", "species": "Jumpluff", "speciesId": "jumpluff", "gender": "F", "shiny": false, "level": 87, "moves": ["acrobatics", "strengthsap", "leechseed", "substitute"], "ability": "Infiltrator", "evs": {"hp": 81, "atk": 85, "def": 85, "spa": 85, "spd": 85, "spe": 85}, "ivs": {"hp": 31, "atk": 31, "def": 31, "spa": 31, "spd": 31, "spe": 31}, "item": "", "teraType": "Steel", "role": "Bulky Support", "bvs": {"hp": 75, "atk": 55, "def": 70, "spa": 55, "spd": 95, "spe": 110}, "stats": {"hp": 271, "atk": 145, "def": 172, "spa": 145, "spd": 215, "spe": 241}, "types": ["Grass", "Flying"]}}]}