{"id": "gen9randombattle-2641414568", "format": "[Gen 9] Random Battle", "players": ["hackmons69", "JwDelo"], "log": "|j|\u2606hackmons69\n|j|\u2606JwDelo\n|t:|1782781230\n|gametype|singles\n|player|p1|hackmons69|zinzolin|1662\n|player|p2|JwDelo|101|1647\n|gen|9\n|tier|[Gen 9] Random Battle\n|rated|\n|rule|Species Clause: Limit one of each Pok\u00e9mon\n|rule|HP Percentage Mod: HP is shown in percentages\n|rule|Sleep Clause Mod: Limit one foe put to sleep\n|rule|Illusion Level Mod: Illusion disguises the Pok\u00e9mon's true level\n|\n|t:|1782781230\n|teamsize|p1|6\n|teamsize|p2|6\n|start\n|switch|p1a: Alcremie|Alcremie-Rainbow-Swirl, L90, F|263/263\n|switch|p2a: Ursaring|Ursaring, L84, M|288/288\n|turn|1\n|inactive|Battle timer is ON: inactive players will automatically lose when time's up. (requested by hackmons69)\n|\n|t:|1782781240\n|switch|p1a: Archaludon|Archaludon, L78, M|268/268\n|move|p2a: Ursaring|Body Slam|p1a: Archaludon\n|-resisted|p1a: Archaludon\n|-damage|p1a: Archaludon|223/268\n|-ability|p1a: Archaludon|Stamina|boost\n|-boost|p1a: Archaludon|def|1\n|\n|upkeep\n|turn|2\n|\n|t:|1782781251\n|move|p1a: Archaludon|Body Press|p2a: Ursaring\n|-supereffective|p2a: Ursaring\n|-damage|p2a: Ursaring|136/288\n|move|p2a: Ursaring|Body Slam|p1a: Archaludon\n|-resisted|p1a: Archaludon\n|-damage|p1a: Archaludon|192/268\n|-ability|p1a: Archaludon|Stamina|boost\n|-boost|p1a: Archaludon|def|1\n|\n|upkeep\n|turn|3\n|\n|t:|1782781261\n|switch|p2a: Houndstone|Houndstone, L86, M|264/264\n|move|p1a: Archaludon|Body Press|p2a: Houndstone\n|-immune|p2a: Houndstone\n|\n|upkeep\n|turn|4\n|\n|t:|1782781273\n|move|p1a: Archaludon|Draco Meteor|p2a: Houndstone\n|-damage|p2a: Houndstone|138/264\n|-unboost|p1a: Archaludon|spa|2\n|move|p2a: Houndstone|Body Press|p1a: Archaludon\n|-supereffective|p1a: Archaludon\n|-damage|p1a: Archaludon|144/268\n|-ability|p1a: Archaludon|Stamina|boost\n|-boost|p1a: Archaludon|def|1\n|\n|-heal|p2a: Houndstone|154/264|[from] item: Leftovers\n|upkeep\n|turn|5\n|\n|t:|1782781292\n|move|p1a: Archaludon|Draco Meteor|p2a: Houndstone\n|-damage|p2a: Houndstone|90/264\n|-unboost|p1a: Archaludon|spa|2\n|move|p2a: Houndstone|Body Press|p1a: Archaludon\n|-supereffective|p1a: Archaludon\n|-damage|p1a: Archaludon|102/268\n|-ability|p1a: Archaludon|Stamina|boost\n|-boost|p1a: Archaludon|def|1\n|\n|-heal|p2a: Houndstone|106/264|[from] item: Leftovers\n|upkeep\n|turn|6\n|\n|t:|1782781307\n|switch|p1a: Spectrier|Spectrier, L75|274/274\n|move|p2a: Houndstone|Rest|p2a: Houndstone\n|-status|p2a: Houndstone|slp|[from] move: Rest\n|-heal|p2a: Houndstone|264/264 slp|[silent]\n|\n|upkeep\n|turn|7\n|\n|t:|1782781312\n|move|p1a: Spectrier|Shadow Ball|p2a: Houndstone\n|-supereffective|p2a: Houndstone\n|-damage|p2a: Houndstone|35/264 slp\n|-damage|p1a: Spectrier|247/274|[from] item: Life Orb\n|cant|p2a: Houndstone|slp\n|move|p2a: Houndstone|Sleep Talk|p2a: Houndstone\n|move|p2a: Houndstone|Poltergeist|p1a: Spectrier|[from] move: Sleep Talk\n|-activate|p1a: Spectrier|move: Poltergeist|Life Orb\n|-supereffective|p1a: Spectrier\n|-damage|p1a: Spectrier|0 fnt\n|faint|p1a: Spectrier\n|\n|-heal|p2a: Houndstone|51/264 slp|[from] item: Leftovers\n|upkeep\n|\n|t:|1782781324\n|switch|p1a: Oricorio|Oricorio-Pa'u, L87, M|272/272\n|turn|8\n|\n|t:|1782781331\n|move|p1a: Oricorio|Quiver Dance|p1a: Oricorio\n|-boost|p1a: Oricorio|spa|1\n|-boost|p1a: Oricorio|spd|1\n|-boost|p1a: Oricorio|spe|1\n|cant|p2a: Houndstone|slp\n|move|p2a: Houndstone|Sleep Talk|p2a: Houndstone\n|move|p2a: Houndstone|Rest||[from] move: Sleep Talk|[still]\n|-fail|p2a: Houndstone\n|\n|-heal|p2a: Houndstone|67/264 slp|[from] item: Leftovers\n|upkeep\n|turn|9\n|\n|t:|1782781339\n|move|p1a: Oricorio|Revelation Dance|p2a: Houndstone\n|-crit|p2a: Houndstone\n|-damage|p2a: Houndstone|0 fnt\n|faint|p2a: Houndstone\n|\n|upkeep\n|\n|t:|1782781351\n|switch|p2a: Mew|Mew, L82|298/298\n|turn|10\n|\n|t:|1782781357\n|move|p1a: Oricorio|Hurricane|p2a: Mew|[miss]\n|-miss|p1a: Oricorio|p2a: Mew\n|move|p2a: Mew|Knock Off|p1a: Oricorio\n|-supereffective|p1a: Oricorio\n|-damage|p1a: Oricorio|118/272\n|-enditem|p1a: Oricorio|Heavy-Duty Boots|[from] move: Knock Off|[of] p2a: Mew\n|\n|upkeep\n|turn|11\n|\n|t:|1782781364\n|move|p1a: Oricorio|Roost|p1a: Oricorio\n|-heal|p1a: Oricorio|254/272\n|-singleturn|p1a: Oricorio|move: Roost\n|move|p2a: Mew|Toxic Spikes|p1a: Oricorio\n|-sidestart|p1: hackmons69|move: Toxic Spikes\n|\n|upkeep\n|turn|12\n|\n|t:|1782781368\n|move|p1a: Oricorio|Hurricane|p2a: Mew\n|-damage|p2a: Mew|124/298\n|-start|p2a: Mew|confusion\n|-activate|p2a: Mew|confusion\n|move|p2a: Mew|Knock Off|p1a: Oricorio\n|-supereffective|p1a: Oricorio\n|-damage|p1a: Oricorio|142/272\n|\n|-heal|p2a: Mew|142/298|[from] item: Leftovers\n|upkeep\n|turn|13\n|\n|t:|1782781376\n|move|p1a: Oricorio|Hurricane|p2a: Mew|[miss]\n|-miss|p1a: Oricorio|p2a: Mew\n|-activate|p2a: Mew|confusion\n|-damage|p2a: Mew|116/298|[from] confusion\n|\n|-heal|p2a: Mew|134/298|[from] item: Leftovers\n|upkeep\n|turn|14\n|\n|t:|1782781382\n|move|p1a: Oricorio|Hurricane|p2a: Mew\n|-damage|p2a: Mew|0 fnt\n|faint|p2a: Mew\n|\n|upkeep\n|\n|t:|1782781389\n|switch|p2a: Hatterene|Hatterene, L85, F|236/236\n|turn|15\n|\n|t:|1782781395\n|move|p1a: Oricorio|Roost|p1a: Oricorio\n|-heal|p1a: Oricorio|272/272\n|-singleturn|p1a: Oricorio|move: Roost\n|move|p2a: Hatterene|Nuzzle|p1a: Oricorio\n|-damage|p1a: Oricorio|256/272\n|-status|p1a: Oricorio|par\n|\n|upkeep\n|turn|16\n|\n|t:|1782781401\n|move|p1a: Oricorio|Hurricane|p2a: Hatterene|[miss]\n|-miss|p1a: Oricorio|p2a: Hatterene\n|move|p2a: Hatterene|Mystical Fire|p1a: Oricorio\n|-damage|p1a: Oricorio|201/272 par\n|-unboost|p1a: Oricorio|spa|1\n|\n|upkeep\n|turn|17\n|\n|t:|1782781407\n|move|p1a: Oricorio|Quiver Dance|p1a: Oricorio\n|-boost|p1a: Oricorio|spa|1\n|-boost|p1a: Oricorio|spd|1\n|-boost|p1a: Oricorio|spe|1\n|move|p2a: Hatterene|Mystical Fire|p1a: Oricorio\n|-damage|p1a: Oricorio|162/272 par\n|-unboost|p1a: Oricorio|spa|1\n|\n|upkeep\n|turn|18\n|\n|t:|1782781410\n|move|p1a: Oricorio|Hurricane|p2a: Hatterene\n|-damage|p2a: Hatterene|163/236\n|-start|p2a: Hatterene|confusion\n|-activate|p2a: Hatterene|confusion\n|-damage|p2a: Hatterene|136/236|[from] confusion\n|\n|upkeep\n|turn|19\n|\n|t:|1782781415\n|move|p1a: Oricorio|Roost|p1a: Oricorio\n|-heal|p1a: Oricorio|272/272 par\n|-singleturn|p1a: Oricorio|move: Roost\n|-activate|p2a: Hatterene|confusion\n|move|p2a: Hatterene|Mystical Fire|p1a: Oricorio\n|-damage|p1a: Oricorio|234/272 par\n|-unboost|p1a: Oricorio|spa|1\n|\n|upkeep\n|turn|20\n|\n|t:|1782781423\n|move|p1a: Oricorio|Quiver Dance|p1a: Oricorio\n|-boost|p1a: Oricorio|spa|1\n|-boost|p1a: Oricorio|spd|1\n|-boost|p1a: Oricorio|spe|1\n|-activate|p2a: Hatterene|confusion\n|-damage|p2a: Hatterene|110/236|[from] confusion\n|\n|upkeep\n|turn|21\n|\n|t:|1782781428\n|move|p1a: Oricorio|Hurricane|p2a: Hatterene\n|-damage|p2a: Hatterene|40/236\n|-activate|p2a: Hatterene|confusion\n|-damage|p2a: Hatterene|15/236|[from] confusion\n|\n|upkeep\n|turn|22\n|c|\u2606JwDelo|Lol\n|\n|t:|1782781436\n|cant|p1a: Oricorio|par\n|-end|p2a: Hatterene|confusion\n|move|p2a: Hatterene|Mystical Fire|p1a: Oricorio\n|-damage|p1a: Oricorio|200/272 par\n|-unboost|p1a: Oricorio|spa|1\n|\n|upkeep\n|turn|23\n|\n|t:|1782781443\n|cant|p1a: Oricorio|par\n|move|p2a: Hatterene|Mystical Fire|p1a: Oricorio\n|-damage|p1a: Oricorio|168/272 par\n|-unboost|p1a: Oricorio|spa|1\n|\n|upkeep\n|turn|24\n|\n|t:|1782781445\n|cant|p1a: Oricorio|par\n|move|p2a: Hatterene|Mystical Fire|p1a: Oricorio\n|-damage|p1a: Oricorio|132/272 par\n|-unboost|p1a: Oricorio|spa|1\n|\n|upkeep\n|turn|25\n|\n|t:|1782781448\n|move|p1a: Oricorio|Roost|p1a: Oricorio\n|-heal|p1a: Oricorio|268/272 par\n|-singleturn|p1a: Oricorio|move: Roost\n|move|p2a: Hatterene|Mystical Fire|p1a: Oricorio\n|-damage|p1a: Oricorio|233/272 par\n|-unboost|p1a: Oricorio|spa|1\n|\n|upkeep\n|turn|26\n|\n|t:|1782781451\n|cant|p1a: Oricorio|par\n|move|p2a: Hatterene|Mystical Fire|p1a: Oricorio\n|-damage|p1a: Oricorio|201/272 par\n|-unboost|p1a: Oricorio|spa|1\n|\n|upkeep\n|turn|27\n|\n|t:|1782781453\n|move|p1a: Oricorio|Revelation Dance|p2a: Hatterene\n|-resisted|p2a: Hatterene\n|-damage|p2a: Hatterene|6/236\n|move|p2a: Hatterene|Mystical Fire|p1a: Oricorio\n|-damage|p1a: Oricorio|165/272 par\n|-unboost|p1a: Oricorio|spa|1\n|\n|upkeep\n|turn|28\n|\n|t:|1782781461\n|move|p1a: Oricorio|Roost|p1a: Oricorio\n|-heal|p1a: Oricorio|272/272 par\n|-singleturn|p1a: Oricorio|move: Roost\n|move|p2a: Hatterene|Draining Kiss|p1a: Oricorio\n|-damage|p1a: Oricorio|241/272 par\n|-heal|p2a: Hatterene|29/236|[from] drain|[of] p1a: Oricorio\n|\n|upkeep\n|turn|29\n|\n|t:|1782781464\n|move|p1a: Oricorio|Hurricane|p2a: Hatterene|[miss]\n|-miss|p1a: Oricorio|p2a: Hatterene\n|move|p2a: Hatterene|Draining Kiss|p1a: Oricorio\n|-damage|p1a: Oricorio|208/272 par\n|-heal|p2a: Hatterene|54/236|[from] drain|[of] p1a: Oricorio\n|\n|upkeep\n|turn|30\n|\n|t:|1782781471\n|switch|p1a: Archaludon|Archaludon, L78, M|102/268\n|move|p2a: Hatterene|Draining Kiss|p1a: Archaludon\n|-damage|p1a: Archaludon|38/268\n|-heal|p2a: Hatterene|102/236|[from] drain|[of] p1a: Archaludon\n|-ability|p1a: Archaludon|Stamina|boost\n|-boost|p1a: Archaludon|def|1\n|\n|upkeep\n|turn|31\n|\n|t:|1782781478\n|move|p1a: Archaludon|Flash Cannon|p2a: Hatterene\n|-supereffective|p2a: Hatterene\n|-damage|p2a: Hatterene|0 fnt\n|faint|p2a: Hatterene\n|\n|upkeep\n|\n|t:|1782781485\n|switch|p2a: Kyurem|Kyurem-White, L73|303/303\n|-ability|p2a: Kyurem|Turboblaze\n|turn|32\n|\n|t:|1782781490\n|move|p2a: Kyurem|Freeze-Dry|p1a: Archaludon\n|-damage|p1a: Archaludon|0 fnt\n|faint|p1a: Archaludon\n|\n|upkeep\n|\n|t:|1782781506\n|switch|p1a: Cryogonal|Cryogonal, L89|287/287\n|turn|33\n|\n|t:|1782781509\n|switch|p2a: Ursaring|Ursaring, L84, M|136/288\n|move|p1a: Cryogonal|Rapid Spin|p2a: Ursaring\n|-damage|p2a: Ursaring|115/288\n|-boost|p1a: Cryogonal|spe|1\n|-sideend|p1: hackmons69|Toxic Spikes|[from] move: Rapid Spin|[of] p1a: Cryogonal\n|\n|upkeep\n|turn|34\n|\n|t:|1782781514\n|move|p1a: Cryogonal|Freeze-Dry|p2a: Ursaring\n|-damage|p2a: Ursaring|58/288\n|-status|p2a: Ursaring|frz\n|cant|p2a: Ursaring|frz\n|\n|upkeep\n|turn|35\n|\n|t:|1782781522\n|move|p1a: Cryogonal|Freeze-Dry|p2a: Ursaring\n|-damage|p2a: Ursaring|0 fnt\n|faint|p2a: Ursaring\n|\n|upkeep\n|\n|t:|1782781526\n|switch|p2a: Magearna|Magearna-Original, L77|250/250\n|turn|36\n|\n|t:|1782781552\n|move|p1a: Cryogonal|Freeze-Dry|p2a: Magearna\n|-resisted|p2a: Magearna\n|-damage|p2a: Magearna|217/250\n|move|p2a: Magearna|Flash Cannon|p1a: Cryogonal\n|-supereffective|p1a: Cryogonal\n|-damage|p1a: Cryogonal|173/287\n|\n|-heal|p2a: Magearna|232/250|[from] item: Leftovers\n|upkeep\n|turn|37\n|\n|t:|1782781559\n|move|p1a: Cryogonal|Freeze-Dry|p2a: Magearna\n|-resisted|p2a: Magearna\n|-damage|p2a: Magearna|197/250\n|move|p2a: Magearna|Flash Cannon|p1a: Cryogonal\n|-supereffective|p1a: Cryogonal\n|-crit|p1a: Cryogonal\n|-damage|p1a: Cryogonal|0 fnt\n|faint|p1a: Cryogonal\n|-ability|p2a: Magearna|Soul-Heart|boost\n|-boost|p2a: Magearna|spa|1\n|\n|-heal|p2a: Magearna|212/250|[from] item: Leftovers\n|upkeep\n|\n|t:|1782781563\n|switch|p1a: Alcremie|Alcremie-Rainbow-Swirl, L90, F|263/263\n|turn|38\n|\n|t:|1782781573\n|-terastallize|p1a: Alcremie|Ground\n|-terastallize|p2a: Magearna|Water\n|move|p1a: Alcremie|Tera Blast|p2a: Magearna|[anim] Tera Blast Ground\n|-damage|p2a: Magearna|112/250\n|move|p2a: Magearna|Flash Cannon|p1a: Alcremie\n|-damage|p1a: Alcremie|169/263\n|\n|-heal|p1a: Alcremie|185/263|[from] item: Leftovers\n|-heal|p2a: Magearna|127/250|[from] item: Leftovers\n|upkeep\n|turn|39\n|\n|t:|1782781583\n|move|p1a: Alcremie|Tera Blast|p2a: Magearna|[anim] Tera Blast Ground\n|-damage|p2a: Magearna|30/250\n|move|p2a: Magearna|Fleur Cannon|p1a: Alcremie\n|-damage|p1a: Alcremie|31/263\n|-unboost|p2a: Magearna|spa|2\n|\n|-heal|p1a: Alcremie|47/263|[from] item: Leftovers\n|-heal|p2a: Magearna|45/250|[from] item: Leftovers\n|upkeep\n|turn|40\n|\n|t:|1782781589\n|move|p1a: Alcremie|Recover|p1a: Alcremie\n|-heal|p1a: Alcremie|179/263\n|move|p2a: Magearna|Flash Cannon|p1a: Alcremie\n|-damage|p1a: Alcremie|136/263\n|\n|-heal|p1a: Alcremie|152/263|[from] item: Leftovers\n|-heal|p2a: Magearna|60/250|[from] item: Leftovers\n|upkeep\n|turn|41\n|\n|t:|1782781596\n|move|p1a: Alcremie|Tera Blast|p2a: Magearna|[anim] Tera Blast Ground\n|-damage|p2a: Magearna|0 fnt\n|faint|p2a: Magearna\n|\n|-heal|p1a: Alcremie|168/263|[from] item: Leftovers\n|upkeep\n|\n|t:|1782781599\n|switch|p2a: Kyurem|Kyurem-White, L73|303/303\n|-ability|p2a: Kyurem|Turboblaze\n|turn|42\n|\n|t:|1782781603\n|move|p2a: Kyurem|Freeze-Dry|p1a: Alcremie\n|-supereffective|p1a: Alcremie\n|-damage|p1a: Alcremie|0 fnt\n|faint|p1a: Alcremie\n|\n|upkeep\n|\n|t:|1782781606\n|switch|p1a: Hatterene|Hatterene, L85, F|236/236\n|turn|43\n|\n|t:|1782781613\n|move|p2a: Kyurem|Freeze-Dry|p1a: Hatterene\n|-damage|p1a: Hatterene|149/236\n|move|p1a: Hatterene|Nuzzle|p2a: Kyurem\n|-resisted|p2a: Kyurem\n|-damage|p2a: Kyurem|296/303\n|-status|p2a: Kyurem|par\n|\n|upkeep\n|turn|44\n|\n|t:|1782781618\n|move|p1a: Hatterene|Draining Kiss|p2a: Kyurem\n|-supereffective|p2a: Kyurem\n|-damage|p2a: Kyurem|152/303 par\n|-heal|p1a: Hatterene|236/236|[from] drain|[of] p2a: Kyurem\n|move|p2a: Kyurem|Freeze-Dry|p1a: Hatterene\n|-damage|p1a: Hatterene|163/236\n|\n|upkeep\n|turn|45\n|\n|t:|1782781624\n|move|p1a: Hatterene|Draining Kiss|p2a: Kyurem\n|-supereffective|p2a: Kyurem\n|-damage|p2a: Kyurem|2/303 par\n|-heal|p1a: Hatterene|236/236|[from] drain|[of] p2a: Kyurem\n|cant|p2a: Kyurem|par\n|\n|upkeep\n|turn|46\n|c|\u2606hackmons69|gg\n|\n|t:|1782781630\n|move|p1a: Hatterene|Psychic|p2a: Kyurem\n|-damage|p2a: Kyurem|0 fnt\n|faint|p2a: Kyurem\n|\n|win|hackmons69\n|raw|hackmons69's rating: 1662 &rarr; <strong>1681</strong><br />(+19 for winning)\n|raw|JwDelo's rating: 1647 &rarr; <strong>1628</strong><br />(-19 for losing)\n|l|\u2606JwDelo\n|player|p2|\n", "inputlog": ">version f8ac14003a5f27e1bdc8d8c59608a773c1cb96e5\n>start {\"formatid\":\"gen9randombattle\",\"seed\":\"sodium,2accbb0f7a755f0703b7e9079bca3eb1\",\"rated\":\"Rated battle\"}\n>player p1 {\"name\":\"hackmons69\",\"avatar\":\"zinzolin\",\"rating\":1662,\"seed\":\"sodium,91d68e2159437b51ca6991c4b5e26289\"}\n>player p2 {\"name\":\"JwDelo\",\"avatar\":\"101\",\"rating\":1647,\"seed\":\"sodium,ae8f29819ae66e10ea69ad7e8d87fcc0\"}\n>p1 switch 4\n>p2 move bodyslam\n>p1 move bodypress\n>p2 move bodyslam\n>p1 move bodypress\n>p2 switch 2\n>p1 move dracometeor\n>p2 move bodypress\n>p1 move dracometeor\n>p2 move bodypress\n>p1 switch 6\n>p2 move rest\n>p1 move shadowball\n>p2 move sleeptalk\n>p1 switch 5\n>p1 move quiverdance\n>p2 move sleeptalk\n>p1 move revelationdance\n>p2 move poltergeist\n>p2 switch 5\n>p1 move hurricane\n>p2 move knockoff\n>p1 move roost\n>p2 move toxicspikes\n>p1 move hurricane\n>p2 move knockoff\n>p1 move hurricane\n>p2 move knockoff\n>p1 move hurricane\n>p2 move knockoff\n>p2 switch 3\n>p1 move roost\n>p2 move nuzzle\n>p1 move hurricane\n>p2 move mysticalfire\n>p1 move quiverdance\n>p2 move mysticalfire\n>p1 move hurricane\n>p2 move mysticalfire\n>p1 move roost\n>p2 move mysticalfire\n>p1 move quiverdance\n>p2 move mysticalfire\n>p1 move hurricane\n>p2 move mysticalfire\n>chat \u2606JwDelo|Lol\n>p1 move revelationdance\n>p2 move mysticalfire\n>p1 move revelationdance\n>p2 move mysticalfire\n>p1 move revelationdance\n>p2 move mysticalfire\n>p1 move roost\n>p2 move mysticalfire\n>p1 move revelationdance\n>p2 move mysticalfire\n>p1 move revelationdance\n>p2 move mysticalfire\n>p1 move roost\n>p2 move drainingkiss\n>p1 move hurricane\n>p2 move drainingkiss\n>p1 switch 6\n>p2 move drainingkiss\n>p1 move flashcannon\n>p2 move drainingkiss\n>p2 switch 6\n>p1 move dracometeor\n>p2 move freezedry\n>p1 switch 3\n>p1 move rapidspin\n>p2 switch 2\n>p1 move freezedry\n>p2 move rest\n>p1 move freezedry\n>p2 move rest\n>p2 switch 4\n>p1 move freezedry\n>p2 move flashcannon\n>p1 move freezedry\n>p2 move flashcannon\n>p1 switch 4\n>p1 move terablast terastallize\n>p2 move flashcannon terastallize\n>p1 move terablast\n>p2 move fleurcannon\n>p1 move recover\n>p2 move flashcannon\n>p1 move terablast\n>p2 move painsplit\n>p2 switch 2\n>p1 move alluringvoice\n>p2 move freezedry\n>p1 switch 2\n>p1 move nuzzle\n>p2 move freezedry\n>p1 move drainingkiss\n>p2 move freezedry\n>p1 move drainingkiss\n>p2 move freezedry\n>chat \u2606hackmons69|gg\n>p1 move psychic\n>p2 move freezedry", "uploadtime": 1782781947, "views": 5, "formatid": "gen9randombattle", "rating": 1628, "private": 0, "password": null, "player_dets": [{"name": "hackmons69", "avatar": "zinzolin", "rating": 1662, "seed": "sodium,91d68e2159437b51ca6991c4b5e26289"}, {"name": "JwDelo", "avatar": "101", "rating": 1647, "seed": "sodium,ae8f29819ae66e10ea69ad7e8d87fcc0"}], "teams_full": [{"Alcremie": {"name": "Alcremie", "species": "Alcremie-Rainbow-Swirl", "speciesId": "alcremie", "gender": "F", "shiny": false, "level": 90, "moves": ["alluringvoice", "calmmind", "terablast", "recover"], "ability": "Aroma Veil", "evs": {"hp": 85, "atk": 0, "def": 85, "spa": 85, "spd": 85, "spe": 85}, "ivs": {"hp": 31, "atk": 0, "def": 31, "spa": 31, "spd": 31, "spe": 31}, "item": "Leftovers", "teraType": "Ground", "role": "Tera Blast user", "bvs": {"hp": 65, "atk": 60, "def": 75, "spa": 110, "spd": 121, "spe": 64}, "stats": {"hp": 263, "atk": 113, "def": 186, "spa": 249, "spd": 269, "spe": 167}, "types": ["Fairy"]}, "Hatterene": {"name": "Hatterene", "species": "Hatterene", "speciesId": "hatterene", "gender": "F", "shiny": false, "level": 85, "moves": ["mysticalfire", "drainingkiss", "nuzzle", "psychic"], "ability": "Magic Bounce", "evs": {"hp": 85, "atk": 85, "def": 85, "spa": 85, "spd": 85, "spe": 85}, "ivs": {"hp": 31, "atk": 31, "def": 31, "spa": 31, "spd": 31, "spe": 31}, "item": "Assault Vest", "teraType": "Fairy", "role": "AV Pivot", "bvs": {"hp": 57, "atk": 90, "def": 95, "spa": 136, "spd": 103, "spe": 29}, "stats": {"hp": 236, "atk": 202, "def": 210, "spa": 280, "spd": 224, "spe": 98}, "types": ["Psychic", "Fairy"]}, "Cryogonal": {"name": "Cryogonal", "species": "Cryogonal", "speciesId": "cryogonal", "gender": "N", "shiny": false, "level": 89, "moves": ["rapidspin", "recover", "haze", "freezedry"], "ability": "Levitate", "evs": {"hp": 85, "atk": 85, "def": 85, "spa": 85, "spd": 85, "spe": 85}, "ivs": {"hp": 31, "atk": 31, "def": 31, "spa": 31, "spd": 31, "spe": 31}, "item": "Heavy-Duty Boots", "teraType": "Poison", "role": "Bulky Support", "bvs": {"hp": 80, "atk": 50, "def": 50, "spa": 95, "spd": 135, "spe": 105}, "stats": {"hp": 287, "atk": 140, "def": 140, "spa": 220, "spd": 291, "spe": 238}, "types": ["Ice"]}, "Archaludon": {"name": "Archaludon", "species": "Archaludon", "speciesId": "archaludon", "gender": "M", "shiny": false, "level": 78, "moves": ["thunderbolt", "flashcannon", "dracometeor", "bodypress"], "ability": "Stamina", "evs": {"hp": 85, "atk": 0, "def": 85, "spa": 85, "spd": 85, "spe": 85}, "ivs": {"hp": 31, "atk": 0, "def": 31, "spa": 31, "spd": 31, "spe": 31}, "item": "Assault Vest", "teraType": "Fighting", "role": "Bulky Attacker", "bvs": {"hp": 90, "atk": 105, "def": 130, "spa": 125, "spd": 65, "spe": 85}, "stats": {"hp": 268, "atk": 168, "def": 248, "spa": 240, "spd": 146, "spe": 178}, "types": ["Steel", "Dragon"]}, "Oricorio": {"name": "Oricorio", "species": "Oricorio-Pa'u", "speciesId": "oricoriopau", "gender": "M", "shiny": false, "level": 87, "moves": ["roost", "revelationdance", "hurricane", "quiverdance"], "ability": "Dancer", "evs": {"hp": 85, "atk": 0, "def": 85, "spa": 85, "spd": 85, "spe": 85}, "ivs": {"hp": 31, "atk": 0, "def": 31, "spa": 31, "spd": 31, "spe": 31}, "item": "Heavy-Duty Boots", "teraType": "Ground", "role": "Setup Sweeper", "bvs": {"hp": 75, "atk": 70, "def": 70, "spa": 98, "spd": 70, "spe": 93}, "stats": {"hp": 272, "atk": 126, "def": 172, "spa": 220, "spd": 172, "spe": 212}, "types": ["Psychic", "Flying"]}, "Spectrier": {"name": "Spectrier", "species": "Spectrier", "speciesId": "spectrier", "gender": "N", "shiny": false, "level": 75, "moves": ["drainingkiss", "nastyplot", "shadowball", "darkpulse"], "ability": "Grim Neigh", "evs": {"hp": 85, "atk": 0, "def": 85, "spa": 85, "spd": 85, "spe": 85}, "ivs": {"hp": 31, "atk": 0, "def": 31, "spa": 31, "spd": 31, "spe": 31}, "item": "Life Orb", "teraType": "Fairy", "role": "Setup Sweeper", "bvs": {"hp": 100, "atk": 65, "def": 60, "spa": 145, "spd": 80, "spe": 130}, "stats": {"hp": 274, "atk": 102, "def": 134, "spa": 261, "spd": 164, "spe": 239}, "types": ["Ghost"]}}, {"Ursaring": {"name": "Ursaring", "species": "Ursaring", "speciesId": "ursaring", "gender": "M", "shiny": false, "level": 84, "moves": ["bodyslam", "throatchop", "sleeptalk", "rest"], "ability": "Guts", "evs": {"hp": 85, "atk": 85, "def": 85, "spa": 85, "spd": 85, "spe": 85}, "ivs": {"hp": 31, "atk": 31, "def": 31, "spa": 31, "spd": 31, "spe": 31}, "item": "Eviolite", "teraType": "Ghost", "role": "Bulky Attacker", "bvs": {"hp": 90, "atk": 130, "def": 75, "spa": 75, "spd": 75, "spe": 55}, "stats": {"hp": 288, "atk": 267, "def": 174, "spa": 174, "spd": 174, "spe": 141}, "types": ["Normal"]}, "Houndstone": {"name": "Houndstone", "species": "Houndstone", "speciesId": "houndstone", "gender": "M", "shiny": false, "level": 86, "moves": ["poltergeist", "sleeptalk", "rest", "bodypress"], "ability": "Fluffy", "evs": {"hp": 85, "atk": 85, "def": 85, "spa": 85, "spd": 85, "spe": 85}, "ivs": {"hp": 31, "atk": 31, "def": 31, "spa": 31, "spd": 31, "spe": 31}, "item": "Leftovers", "teraType": "Fighting", "role": "Bulky Support", "bvs": {"hp": 72, "atk": 101, "def": 100, "spa": 50, "spd": 97, "spe": 68}, "stats": {"hp": 264, "atk": 223, "def": 221, "spa": 135, "spd": 216, "spe": 166}, "types": ["Ghost"]}, "Hatterene": {"name": "Hatterene", "species": "Hatterene", "speciesId": "hatterene", "gender": "F", "shiny": false, "level": 85, "moves": ["mysticalfire", "nuzzle", "drainingkiss", "psychic"], "ability": "Magic Bounce", "evs": {"hp": 85, "atk": 85, "def": 85, "spa": 85, "spd": 85, "spe": 85}, "ivs": {"hp": 31, "atk": 31, "def": 31, "spa": 31, "spd": 31, "spe": 31}, "item": "Assault Vest", "teraType": "Fairy", "role": "AV Pivot", "bvs": {"hp": 57, "atk": 90, "def": 95, "spa": 136, "spd": 103, "spe": 29}, "stats": {"hp": 236, "atk": 202, "def": 210, "spa": 280, "spd": 224, "spe": 98}, "types": ["Psychic", "Fairy"]}, "Magearna": {"name": "Magearna", "species": "Magearna-Original", "speciesId": "magearna", "gender": "N", "shiny": false, "level": 77, "moves": ["flashcannon", "fleurcannon", "painsplit", "voltswitch"], "ability": "Soul-Heart", "evs": {"hp": 85, "atk": 0, "def": 85, "spa": 85, "spd": 85, "spe": 85}, "ivs": {"hp": 31, "atk": 0, "def": 31, "spa": 31, "spd": 31, "spe": 31}, "item": "Leftovers", "teraType": "Water", "role": "Bulky Attacker", "bvs": {"hp": 80, "atk": 95, "def": 115, "spa": 130, "spd": 115, "spe": 65}, "stats": {"hp": 250, "atk": 151, "def": 222, "spa": 245, "spd": 222, "spe": 145}, "types": ["Steel", "Fairy"]}, "Mew": {"name": "Mew", "species": "Mew", "speciesId": "mew", "gender": "N", "shiny": false, "level": 82, "moves": ["toxicspikes", "encore", "psychicnoise", "knockoff"], "ability": "Synchronize", "evs": {"hp": 85, "atk": 85, "def": 85, "spa": 85, "spd": 85, "spe": 85}, "ivs": {"hp": 31, "atk": 31, "def": 31, "spa": 31, "spd": 31, "spe": 31}, "item": "Leftovers", "teraType": "Steel", "role": "Bulky Support", "bvs": {"hp": 100, "atk": 100, "def": 100, "spa": 100, "spd": 100, "spe": 100}, "stats": {"hp": 298, "atk": 211, "def": 211, "spa": 211, "spd": 211, "spe": 211}, "types": ["Psychic"]}, "Kyurem": {"name": "Kyurem", "species": "Kyurem-White", "speciesId": "kyuremwhite", "gender": "N", "shiny": false, "level": 73, "moves": ["earthpower", "fusionflare", "dracometeor", "freezedry"], "ability": "Turboblaze", "evs": {"hp": 85, "atk": 0, "def": 85, "spa": 85, "spd": 85, "spe": 85}, "ivs": {"hp": 31, "atk": 0, "def": 31, "spa": 31, "spd": 31, "spe": 31}, "item": "Choice Specs", "teraType": "Fire", "role": "Fast Attacker", "bvs": {"hp": 125, "atk": 120, "def": 90, "spa": 170, "spd": 100, "spe": 95}, "stats": {"hp": 303, "atk": 180, "def": 174, "spa": 291, "spd": 188, "spe": 181}, "types": ["Dragon", "Ice"]}}]}