{"id": "gen9randombattle-2641662509", "format": "[Gen 9] Random Battle", "players": ["Matuidi14", "Galak0"], "log": "|badge|p1|bronze|gen9randombattle|100-9\n|html|<div class=\"broadcast-red\"><strong>This battle is required to be public due to one or more player having a season medal.</strong><br />During the public phase, you can discuss the state of the ladder <a href=\"/seasondiscussion\">in a special chatroom.</a></div>\n|uhtml|medal-msg|<div class=\"broadcast-blue\">Curious what those medals under the avatar are? PS now has Ladder Seasons! For more information, check out the <a href=\"https://www.smogon.com/forums/threads/3740067/\">thread on Smogon.</a></div>\n|raw|<div class=\"broadcast-blue\"><strong>This battle is required to be public due to a player having a name starting with 'medal'.</div>\n|j|\u2606Matuidi14\n|j|\u203dGalak0\n|t:|1782826631\n|gametype|singles\n|player|p1|Matuidi14|clown|2303\n|player|p2|Galak0|170|2266\n|gen|9\n|tier|[Gen 9] Random Battle\n|rated|\n|rule|Species Clause: Limit one of each Pok\u00e9mon\n|rule|HP Percentage Mod: HP is shown in percentages\n|rule|Sleep Clause Mod: Limit one foe put to sleep\n|rule|Illusion Level Mod: Illusion disguises the Pok\u00e9mon's true level\n|\n|t:|1782826631\n|teamsize|p1|6\n|teamsize|p2|6\n|start\n|switch|p1a: Espeon|Espeon, L84, M|246/246\n|switch|p2a: Toxapex|Toxapex, L82, M|216/216\n|turn|1\n|j| 07l\u4e2d\u56fd\u5927\u5988\n|inactive|Battle timer is ON: inactive players will automatically lose when time's up. (requested by Matuidi14)\n|\n|t:|1782826654\n|switch|p2a: Darkrai|Darkrai, L77|234/234\n|move|p1a: Espeon|Psychic|p2a: Darkrai\n|-immune|p2a: Darkrai\n|\n|upkeep\n|turn|2\n|\n|t:|1782826663\n|switch|p1a: Iron Hands|Iron Hands, L79|373/373\n|move|p2a: Darkrai|Dark Pulse|p1a: Iron Hands\n|-resisted|p1a: Iron Hands\n|-damage|p1a: Iron Hands|303/373\n|-damage|p2a: Darkrai|211/234|[from] item: Life Orb\n|\n|-heal|p1a: Iron Hands|326/373|[from] item: Leftovers\n|upkeep\n|turn|3\n|\n|t:|1782826669\n|switch|p2a: Jolteon|Jolteon, L84, M|246/246\n|move|p1a: Iron Hands|Thunder Punch|p2a: Jolteon\n|-immune|p2a: Jolteon|[from] ability: Volt Absorb\n|\n|-heal|p1a: Iron Hands|349/373|[from] item: Leftovers\n|upkeep\n|turn|4\n|\n|t:|1782826680\n|switch|p2a: Toxapex|Toxapex, L82, M|216/216\n|move|p1a: Iron Hands|Drain Punch|p2a: Toxapex\n|-resisted|p2a: Toxapex\n|-damage|p2a: Toxapex|186/216\n|-heal|p1a: Iron Hands|364/373|[from] drain|[of] p2a: Toxapex\n|-damage|p1a: Iron Hands|302/373|[from] item: Rocky Helmet|[of] p2a: Toxapex\n|\n|-heal|p1a: Iron Hands|325/373|[from] item: Leftovers\n|upkeep\n|turn|5\n|\n|t:|1782826690\n|switch|p2a: Oranguru|Oranguru, L92, M|315/315\n|move|p1a: Iron Hands|Swords Dance|p1a: Iron Hands\n|-boost|p1a: Iron Hands|atk|2\n|\n|-heal|p1a: Iron Hands|348/373|[from] item: Leftovers\n|upkeep\n|turn|6\n|\n|t:|1782826701\n|-terastallize|p1a: Iron Hands|Flying\n|move|p2a: Oranguru|Psychic|p1a: Iron Hands\n|-crit|p1a: Iron Hands\n|-damage|p1a: Iron Hands|138/373\n|move|p1a: Iron Hands|Drain Punch|p2a: Oranguru\n|-damage|p2a: Oranguru|122/315\n|-heal|p1a: Iron Hands|235/373|[from] drain|[of] p2a: Oranguru\n|\n|-heal|p2a: Oranguru|141/315|[from] item: Leftovers\n|-heal|p1a: Iron Hands|258/373|[from] item: Leftovers\n|upkeep\n|turn|7\n|\n|t:|1782826706\n|move|p2a: Oranguru|Thunderbolt|p1a: Iron Hands\n|-supereffective|p1a: Iron Hands\n|-crit|p1a: Iron Hands\n|-damage|p1a: Iron Hands|0 fnt\n|faint|p1a: Iron Hands\n|-end|p1a: Iron Hands|Quark Drive|[silent]\n|\n|-heal|p2a: Oranguru|160/315|[from] item: Leftovers\n|upkeep\n|\n|t:|1782826710\n|switch|p1a: Medicham|Medicham, L86, M|243/243\n|turn|8\n|\n|t:|1782826715\n|move|p1a: Medicham|Close Combat|p2a: Oranguru\n|-damage|p2a: Oranguru|0 fnt\n|-unboost|p1a: Medicham|def|1\n|-unboost|p1a: Medicham|spd|1\n|faint|p2a: Oranguru\n|\n|upkeep\n|\n|t:|1782826722\n|switch|p2a: Jolteon|Jolteon, L84, M|246/246\n|turn|9\n|l| 07l\u4e2d\u56fd\u5927\u5988\n|j| xmagic_7\n|\n|t:|1782826749\n|switch|p1a: Dugtrio|Dugtrio-Alola, L84, F|196/196\n|move|p2a: Jolteon|Substitute|p2a: Jolteon\n|-start|p2a: Jolteon|Substitute\n|-damage|p2a: Jolteon|185/246\n|\n|-heal|p2a: Jolteon|200/246|[from] item: Leftovers\n|upkeep\n|turn|10\n|\n|t:|1782826763\n|move|p2a: Jolteon|Tera Blast|p1a: Dugtrio\n|-resisted|p1a: Dugtrio\n|-damage|p1a: Dugtrio|161/196\n|move|p1a: Dugtrio|Earthquake|p2a: Jolteon\n|-supereffective|p2a: Jolteon\n|-end|p2a: Jolteon|Substitute\n|-damage|p1a: Dugtrio|142/196|[from] item: Life Orb\n|\n|-heal|p2a: Jolteon|215/246|[from] item: Leftovers\n|upkeep\n|turn|11\n|\n|t:|1782826768\n|switch|p2a: Darkrai|Darkrai, L77|211/234\n|move|p1a: Dugtrio|Stealth Rock|p2a: Darkrai\n|-sidestart|p2: Galak0|move: Stealth Rock\n|\n|upkeep\n|turn|12\n|\n|t:|1782826773\n|switch|p1a: Medicham|Medicham, L86, M|243/243\n|move|p2a: Darkrai|Dark Pulse|p1a: Medicham\n|-damage|p1a: Medicham|113/243\n|-damage|p2a: Darkrai|188/234|[from] item: Life Orb\n|\n|upkeep\n|turn|13\n|\n|t:|1782826780\n|move|p1a: Medicham|Close Combat|p2a: Darkrai\n|-supereffective|p2a: Darkrai\n|-damage|p2a: Darkrai|0 fnt\n|-unboost|p1a: Medicham|def|1\n|-unboost|p1a: Medicham|spd|1\n|faint|p2a: Darkrai\n|\n|upkeep\n|\n|t:|1782826790\n|switch|p2a: Toxapex|Toxapex, L82, M|216/216\n|-damage|p2a: Toxapex|189/216|[from] Stealth Rock\n|turn|14\n|inactive|Matuidi14 has 120 seconds left.\n|\n|t:|1782826833\n|switch|p1a: Ditto|Ditto, L87|225/225\n|-transform|p1a: Ditto|p2a: Toxapex|[from] ability: Imposter\n|move|p2a: Toxapex|Liquidation|p1a: Ditto\n|-resisted|p1a: Ditto\n|-damage|p1a: Ditto|203/225\n|\n|upkeep\n|turn|15\n|\n|t:|1782826842\n|switch|p1a: Espeon|Espeon, L84, M|246/246\n|switch|p2a: Jolteon|Jolteon, L84, M|215/246\n|-damage|p2a: Jolteon|185/246|[from] Stealth Rock\n|\n|-heal|p2a: Jolteon|200/246|[from] item: Leftovers\n|upkeep\n|turn|16\n|inactive|Matuidi14 has 120 seconds left.\n|\n|t:|1782826856\n|switch|p1a: Dugtrio|Dugtrio-Alola, L84, F|142/196\n|move|p2a: Jolteon|Calm Mind|p2a: Jolteon\n|-boost|p2a: Jolteon|spa|1\n|-boost|p2a: Jolteon|spd|1\n|\n|-heal|p2a: Jolteon|215/246|[from] item: Leftovers\n|upkeep\n|turn|17\n|\n|t:|1782826860\n|move|p2a: Jolteon|Substitute|p2a: Jolteon\n|-start|p2a: Jolteon|Substitute\n|-damage|p2a: Jolteon|154/246\n|move|p1a: Dugtrio|Earthquake|p2a: Jolteon\n|-supereffective|p2a: Jolteon\n|-end|p2a: Jolteon|Substitute\n|-damage|p1a: Dugtrio|123/196|[from] item: Life Orb\n|\n|-heal|p2a: Jolteon|169/246|[from] item: Leftovers\n|upkeep\n|turn|18\n|\n|t:|1782826863\n|move|p2a: Jolteon|Substitute|p2a: Jolteon\n|-start|p2a: Jolteon|Substitute\n|-damage|p2a: Jolteon|108/246\n|move|p1a: Dugtrio|Earthquake|p2a: Jolteon\n|-supereffective|p2a: Jolteon\n|-end|p2a: Jolteon|Substitute\n|-damage|p1a: Dugtrio|104/196|[from] item: Life Orb\n|\n|-heal|p2a: Jolteon|123/246|[from] item: Leftovers\n|upkeep\n|turn|19\n|\n|t:|1782826867\n|move|p2a: Jolteon|Substitute|p2a: Jolteon\n|-start|p2a: Jolteon|Substitute\n|-damage|p2a: Jolteon|62/246\n|move|p1a: Dugtrio|Earthquake|p2a: Jolteon\n|-supereffective|p2a: Jolteon\n|-end|p2a: Jolteon|Substitute\n|-damage|p1a: Dugtrio|85/196|[from] item: Life Orb\n|\n|-heal|p2a: Jolteon|77/246|[from] item: Leftovers\n|upkeep\n|turn|20\n|\n|t:|1782826878\n|-terastallize|p2a: Jolteon|Ice\n|move|p2a: Jolteon|Tera Blast|p1a: Dugtrio|[anim] Tera Blast Ice\n|-damage|p1a: Dugtrio|0 fnt\n|faint|p1a: Dugtrio\n|\n|-heal|p2a: Jolteon|92/246|[from] item: Leftovers\n|upkeep\n|\n|t:|1782826882\n|switch|p1a: Medicham|Medicham, L86, M|113/243\n|turn|21\n|\n|t:|1782826893\n|switch|p2a: Zangoose|Zangoose, L85, F|263/263\n|-damage|p2a: Zangoose|231/263|[from] Stealth Rock\n|move|p1a: Medicham|Close Combat|p2a: Zangoose\n|-supereffective|p2a: Zangoose\n|-damage|p2a: Zangoose|0 fnt\n|-unboost|p1a: Medicham|def|1\n|-unboost|p1a: Medicham|spd|1\n|faint|p2a: Zangoose\n|\n|upkeep\n|\n|t:|1782826899\n|switch|p2a: Toxapex|Toxapex, L82, M|216/216\n|-damage|p2a: Toxapex|189/216|[from] Stealth Rock\n|turn|22\n|\n|t:|1782826911\n|switch|p1a: Espeon|Espeon, L84, M|246/246\n|switch|p2a: Jolteon|Jolteon, L84, M, tera:Ice|92/246\n|-damage|p2a: Jolteon|31/246|[from] Stealth Rock\n|\n|-heal|p2a: Jolteon|46/246|[from] item: Leftovers\n|upkeep\n|turn|23\n|\n|t:|1782826920\n|move|p2a: Jolteon|Thunderbolt|p1a: Espeon\n|-damage|p1a: Espeon|150/246\n|move|p1a: Espeon|Psychic|p2a: Jolteon\n|-damage|p2a: Jolteon|0 fnt\n|faint|p2a: Jolteon\n|-damage|p1a: Espeon|126/246|[from] item: Life Orb\n|\n|upkeep\n|\n|t:|1782826924\n|switch|p2a: Reshiram|Reshiram, L76|277/277\n|-ability|p2a: Reshiram|Turboblaze\n|turn|24\n|\n|t:|1782826938\n|switch|p1a: Mudsdale|Mudsdale, L83, F|302/302\n|move|p2a: Reshiram|Blue Flare|p1a: Mudsdale|[miss]\n|-miss|p2a: Reshiram|p1a: Mudsdale\n|\n|upkeep\n|turn|25\n|\n|t:|1782826942\n|move|p2a: Reshiram|Blue Flare|p1a: Mudsdale\n|-damage|p1a: Mudsdale|146/302\n|-ability|p1a: Mudsdale|Stamina|boost\n|-boost|p1a: Mudsdale|def|1\n|move|p1a: Mudsdale|Earthquake|p2a: Reshiram\n|-supereffective|p2a: Reshiram\n|-damage|p2a: Reshiram|13/277\n|\n|-heal|p1a: Mudsdale|164/302|[from] item: Leftovers\n|upkeep\n|turn|26\n|\n|t:|1782826949\n|move|p2a: Reshiram|Draco Meteor|p1a: Mudsdale\n|-crit|p1a: Mudsdale\n|-damage|p1a: Mudsdale|0 fnt\n|-unboost|p2a: Reshiram|spa|2\n|faint|p1a: Mudsdale\n|\n|upkeep\n|\n|t:|1782826950\n|switch|p1a: Espeon|Espeon, L84, M|126/246\n|turn|27\n|\n|t:|1782826954\n|move|p1a: Espeon|Psychic|p2a: Reshiram\n|-crit|p2a: Reshiram\n|-damage|p2a: Reshiram|0 fnt\n|faint|p2a: Reshiram\n|-damage|p1a: Espeon|102/246|[from] item: Life Orb\n|\n|upkeep\n|\n|t:|1782826956\n|switch|p2a: Toxapex|Toxapex, L82, M|216/216\n|-damage|p2a: Toxapex|189/216|[from] Stealth Rock\n|turn|28\n|\n|t:|1782826958\n|move|p1a: Espeon|Psychic|p2a: Toxapex\n|-supereffective|p2a: Toxapex\n|-damage|p2a: Toxapex|0 fnt\n|faint|p2a: Toxapex\n|-damage|p1a: Espeon|78/246|[from] item: Life Orb\n|\n|win|Matuidi14\n", "inputlog": ">version f8ac14003a5f27e1bdc8d8c59608a773c1cb96e5\n>start {\"formatid\":\"gen9randombattle\",\"seed\":\"sodium,375f3fa664d38344e4073721abf66cfd\",\"rated\":\"Rated battle\"}\n>player p1 {\"name\":\"Matuidi14\",\"avatar\":\"clown\",\"rating\":2303,\"seed\":\"sodium,55be487a967316c8b037f6b1f8dbfbec\"}\n>player p2 {\"name\":\"Galak0\",\"avatar\":\"170\",\"rating\":2266,\"seed\":\"sodium,7377218d2ba408dd5a64f30619e4262e\"}\n>p1 move psychic\n>p2 switch 3\n>p1 switch 6\n>p2 move darkpulse\n>p1 move thunderpunch\n>p2 switch 6\n>p1 move drainpunch\n>p2 switch 3\n>p1 move swordsdance\n>p2 switch 2\n>p1 move drainpunch terastallize\n>p2 move psychic\n>p1 move drainpunch\n>p2 move thunderbolt\n>p1 switch 5\n>p1 move closecombat\n>p2 move psychic\n>p2 switch 3\n>p1 switch 4\n>p2 move substitute\n>p1 move earthquake\n>p2 move terablast\n>p1 move stealthrock\n>p2 switch 6\n>p1 switch 4\n>p2 move darkpulse\n>p1 move closecombat\n>p2 move darkpulse\n>p2 switch 2\n>p1 switch 3\n>p2 move liquidation\n>p1 switch 6\n>p2 switch 6\n>p1 switch 4\n>p2 move calmmind\n>p1 move earthquake\n>p2 move substitute\n>p1 move earthquake\n>p2 move substitute\n>p1 move earthquake\n>p2 move substitute\n>p1 move earthquake\n>p2 move terablast terastallize\n>p1 switch 3\n>p1 move closecombat\n>p2 switch 5\n>p2 switch 6\n>p1 switch 4\n>p2 switch 5\n>p1 move psychic\n>p2 move thunderbolt\n>p2 switch 4\n>p1 switch 2\n>p2 move blueflare\n>p1 move earthquake\n>p2 move blueflare\n>p1 move earthquake\n>p2 move dracometeor\n>p1 switch 2\n>p1 move psychic\n>p2 move dragontail\n>p2 switch 5\n>p1 move psychic\n>p2 move liquidation", "uploadtime": 1782826633, "views": 5, "formatid": "gen9randombattle", "rating": null, "private": 0, "password": null, "player_dets": [{"name": "Matuidi14", "avatar": "clown", "rating": 2303, "seed": "sodium,55be487a967316c8b037f6b1f8dbfbec"}, {"name": "Galak0", "avatar": "170", "rating": 2266, "seed": "sodium,7377218d2ba408dd5a64f30619e4262e"}], "teams_full": [{"Espeon": {"name": "Espeon", "species": "Espeon", "speciesId": "espeon", "gender": "M", "shiny": false, "level": 84, "moves": ["calmmind", "shadowball", "psychic", "morningsun"], "ability": "Magic Bounce", "evs": {"hp": 85, "atk": 0, "def": 85, "spa": 85, "spd": 85, "spe": 85}, "ivs": {"hp": 31, "atk": 0, "def": 31, "spa": 31, "spd": 31, "spe": 31}, "item": "Life Orb", "teraType": "Psychic", "role": "Fast Attacker", "bvs": {"hp": 65, "atk": 65, "def": 60, "spa": 130, "spd": 95, "spe": 110}, "stats": {"hp": 246, "atk": 114, "def": 149, "spa": 267, "spd": 208, "spe": 233}, "types": ["Psychic"]}, "Mudsdale": {"name": "Mudsdale", "species": "Mudsdale", "speciesId": "mudsdale", "gender": "F", "shiny": false, "level": 83, "moves": ["heavyslam", "stoneedge", "earthquake", "roar"], "ability": "Stamina", "evs": {"hp": 85, "atk": 85, "def": 85, "spa": 85, "spd": 85, "spe": 85}, "ivs": {"hp": 31, "atk": 31, "def": 31, "spa": 31, "spd": 31, "spe": 31}, "item": "Leftovers", "teraType": "Steel", "role": "Bulky Attacker", "bvs": {"hp": 100, "atk": 125, "def": 100, "spa": 55, "spd": 85, "spe": 35}, "stats": {"hp": 302, "atk": 255, "def": 214, "spa": 139, "spd": 189, "spe": 106}, "types": ["Ground"]}, "Ditto": {"name": "Ditto", "species": "Ditto", "speciesId": "ditto", "gender": "N", "shiny": false, "level": 87, "moves": ["transform"], "ability": "Imposter", "evs": {"hp": 85, "atk": 85, "def": 85, "spa": 85, "spd": 85, "spe": 85}, "ivs": {"hp": 31, "atk": 31, "def": 31, "spa": 31, "spd": 31, "spe": 31}, "item": "Choice Scarf", "teraType": "Steel", "role": "Fast Support", "bvs": {"hp": 48, "atk": 48, "def": 48, "spa": 48, "spd": 48, "spe": 48}, "stats": {"hp": 225, "atk": 133, "def": 133, "spa": 133, "spd": 133, "spe": 133}, "types": ["Normal"]}, "Dugtrio": {"name": "Dugtrio", "species": "Dugtrio-Alola", "speciesId": "dugtrioalola", "gender": "F", "shiny": false, "level": 84, "moves": ["earthquake", "stoneedge", "stealthrock", "ironhead"], "ability": "Tangling Hair", "evs": {"hp": 85, "atk": 85, "def": 85, "spa": 85, "spd": 85, "spe": 85}, "ivs": {"hp": 31, "atk": 31, "def": 31, "spa": 31, "spd": 31, "spe": 31}, "item": "Life Orb", "teraType": "Ground", "role": "Fast Attacker", "bvs": {"hp": 35, "atk": 100, "def": 60, "spa": 50, "spd": 70, "spe": 110}, "stats": {"hp": 196, "atk": 216, "def": 149, "spa": 132, "spd": 166, "spe": 233}, "types": ["Ground", "Steel"]}, "Medicham": {"name": "Medicham", "species": "Medicham", "speciesId": "medicham", "gender": "M", "shiny": false, "level": 86, "moves": ["trick", "icepunch", "closecombat", "zenheadbutt"], "ability": "Pure Power", "evs": {"hp": 85, "atk": 85, "def": 85, "spa": 85, "spd": 85, "spe": 85}, "ivs": {"hp": 31, "atk": 31, "def": 31, "spa": 31, "spd": 31, "spe": 31}, "item": "Choice Scarf", "teraType": "Fighting", "role": "Fast Attacker", "bvs": {"hp": 60, "atk": 60, "def": 75, "spa": 60, "spd": 75, "spe": 80}, "stats": {"hp": 243, "atk": 152, "def": 178, "spa": 152, "spd": 178, "spe": 187}, "types": ["Fighting", "Psychic"]}, "Iron Hands": {"name": "Iron Hands", "species": "Iron Hands", "speciesId": "ironhands", "gender": "N", "shiny": false, "level": 79, "moves": ["thunderpunch", "icepunch", "swordsdance", "drainpunch"], "ability": "Quark Drive", "evs": {"hp": 85, "atk": 85, "def": 85, "spa": 85, "spd": 85, "spe": 85}, "ivs": {"hp": 31, "atk": 31, "def": 31, "spa": 31, "spd": 31, "spe": 31}, "item": "Leftovers", "teraType": "Flying", "role": "Bulky Attacker", "bvs": {"hp": 154, "atk": 140, "def": 108, "spa": 50, "spd": 68, "spe": 50}, "stats": {"hp": 373, "atk": 267, "def": 216, "spa": 125, "spd": 153, "spe": 125}, "types": ["Fighting", "Electric"]}}, {"Toxapex": {"name": "Toxapex", "species": "Toxapex", "speciesId": "toxapex", "gender": "M", "shiny": false, "level": 82, "moves": ["recover", "liquidation", "toxicspikes", "haze"], "ability": "Regenerator", "evs": {"hp": 85, "atk": 85, "def": 85, "spa": 85, "spd": 85, "spe": 85}, "ivs": {"hp": 31, "atk": 31, "def": 31, "spa": 31, "spd": 31, "spe": 31}, "item": "Rocky Helmet", "teraType": "Flying", "role": "Bulky Support", "bvs": {"hp": 50, "atk": 63, "def": 152, "spa": 53, "spd": 142, "spe": 35}, "stats": {"hp": 216, "atk": 150, "def": 296, "spa": 134, "spd": 280, "spe": 105}, "types": ["Poison", "Water"]}, "Oranguru": {"name": "Oranguru", "species": "Oranguru", "speciesId": "oranguru", "gender": "M", "shiny": false, "level": 92, "moves": ["nastyplot", "focusblast", "psychic", "thunderbolt"], "ability": "Inner Focus", "evs": {"hp": 85, "atk": 0, "def": 85, "spa": 85, "spd": 85, "spe": 85}, "ivs": {"hp": 31, "atk": 0, "def": 31, "spa": 31, "spd": 31, "spe": 31}, "item": "Leftovers", "teraType": "Psychic", "role": "Bulky Attacker", "bvs": {"hp": 90, "atk": 60, "def": 80, "spa": 90, "spd": 110, "spe": 60}, "stats": {"hp": 315, "atk": 115, "def": 200, "spa": 218, "spd": 255, "spe": 163}, "types": ["Normal", "Psychic"]}, "Darkrai": {"name": "Darkrai", "species": "Darkrai", "speciesId": "darkrai", "gender": "N", "shiny": false, "level": 77, "moves": ["nastyplot", "hypnosis", "sludgebomb", "darkpulse"], "ability": "Bad Dreams", "evs": {"hp": 85, "atk": 0, "def": 85, "spa": 85, "spd": 85, "spe": 85}, "ivs": {"hp": 31, "atk": 0, "def": 31, "spa": 31, "spd": 31, "spe": 31}, "item": "Life Orb", "teraType": "Poison", "role": "Setup Sweeper", "bvs": {"hp": 70, "atk": 90, "def": 90, "spa": 135, "spd": 90, "spe": 125}, "stats": {"hp": 234, "atk": 143, "def": 183, "spa": 252, "spd": 183, "spe": 237}, "types": ["Dark"]}, "Reshiram": {"name": "Reshiram", "species": "Reshiram", "speciesId": "reshiram", "gender": "N", "shiny": false, "level": 76, "moves": ["blueflare", "dragontail", "dracometeor", "earthpower"], "ability": "Turboblaze", "evs": {"hp": 85, "atk": 85, "def": 85, "spa": 85, "spd": 85, "spe": 85}, "ivs": {"hp": 31, "atk": 31, "def": 31, "spa": 31, "spd": 31, "spe": 31}, "item": "Heavy-Duty Boots", "teraType": "Ground", "role": "Fast Attacker", "bvs": {"hp": 100, "atk": 120, "def": 100, "spa": 150, "spd": 120, "spe": 90}, "stats": {"hp": 277, "atk": 226, "def": 196, "spa": 272, "spd": 226, "spe": 181}, "types": ["Dragon", "Fire"]}, "Zangoose": {"name": "Zangoose", "species": "Zangoose", "speciesId": "zangoose", "gender": "F", "shiny": false, "level": 85, "moves": ["knockoff", "closecombat", "facade", "swordsdance"], "ability": "Toxic Boost", "evs": {"hp": 85, "atk": 85, "def": 85, "spa": 85, "spd": 85, "spe": 85}, "ivs": {"hp": 31, "atk": 31, "def": 31, "spa": 31, "spd": 31, "spe": 31}, "item": "Toxic Orb", "teraType": "Normal", "role": "Fast Attacker", "bvs": {"hp": 73, "atk": 115, "def": 60, "spa": 60, "spd": 60, "spe": 90}, "stats": {"hp": 263, "atk": 244, "def": 151, "spa": 151, "spd": 151, "spe": 202}, "types": ["Normal"]}, "Jolteon": {"name": "Jolteon", "species": "Jolteon", "speciesId": "jolteon", "gender": "M", "shiny": false, "level": 84, "moves": ["substitute", "calmmind", "thunderbolt", "terablast"], "ability": "Volt Absorb", "evs": {"hp": 85, "atk": 0, "def": 85, "spa": 85, "spd": 85, "spe": 85}, "ivs": {"hp": 31, "atk": 0, "def": 31, "spa": 31, "spd": 31, "spe": 31}, "item": "Leftovers", "teraType": "Ice", "role": "Tera Blast user", "bvs": {"hp": 65, "atk": 65, "def": 60, "spa": 110, "spd": 95, "spe": 130}, "stats": {"hp": 246, "atk": 114, "def": 149, "spa": 233, "spd": 208, "spe": 267}, "types": ["Electric"]}}]}