{"id": "gen9randombattle-2641694087", "format": "[Gen 9] Random Battle", "players": ["mayqueen nyannyan", "BlakeDG"], "log": "|j|\u2606mayqueen nyannyan\n|j|\u2606BlakeDG\n|t:|1782830700\n|gametype|singles\n|player|p1|mayqueen nyannyan|169|1998\n|player|p2|BlakeDG|blue|2030\n|gen|9\n|tier|[Gen 9] Random Battle\n|rated|\n|rule|Species Clause: Limit one of each Pok\u00e9mon\n|rule|HP Percentage Mod: HP is shown in percentages\n|rule|Sleep Clause Mod: Limit one foe put to sleep\n|rule|Illusion Level Mod: Illusion disguises the Pok\u00e9mon's true level\n|\n|t:|1782830700\n|teamsize|p1|6\n|teamsize|p2|6\n|start\n|switch|p1a: Archaludon|Archaludon, L78, M|268/268\n|switch|p2a: Mandibuzz|Mandibuzz, L85, F|326/326\n|turn|1\n|inactive|Battle timer is ON: inactive players will automatically lose when time's up. (requested by BlakeDG)\n|\n|t:|1782830721\n|switch|p2a: Venusaur|Venusaur, L84, M|272/272\n|move|p1a: Archaludon|Stealth Rock|p2a: Venusaur\n|-sidestart|p2: BlakeDG|move: Stealth Rock\n|\n|upkeep\n|turn|2\n|\n|t:|1782830730\n|move|p2a: Venusaur|Leech Seed|p1a: Archaludon\n|-start|p1a: Archaludon|move: Leech Seed\n|move|p1a: Archaludon|Flash Cannon|p2a: Venusaur\n|-damage|p2a: Venusaur|188/272\n|\n|-heal|p2a: Venusaur|205/272|[from] item: Leftovers\n|-damage|p1a: Archaludon|235/268|[from] Leech Seed|[of] p2a: Venusaur\n|-heal|p2a: Venusaur|238/272|[silent]\n|upkeep\n|turn|3\n|\n|t:|1782830751\n|switch|p1a: Kingambit|Kingambit, L74, M|270/270\n|move|p2a: Venusaur|Sleep Powder|p1a: Kingambit\n|-status|p1a: Kingambit|slp|[from] move: Sleep Powder\n|\n|-heal|p2a: Venusaur|255/272|[from] item: Leftovers\n|upkeep\n|turn|4\n|inactive|BlakeDG has 120 seconds left.\n|\n|t:|1782830791\n|switch|p2a: Conkeldurr|Conkeldurr, L80, M|299/299\n|-damage|p2a: Conkeldurr|281/299|[from] Stealth Rock\n|cant|p1a: Kingambit|slp\n|\n|-status|p2a: Conkeldurr|brn|[from] item: Flame Orb\n|upkeep\n|turn|5\n|\n|t:|1782830803\n|-end|p1a: Kingambit|fallenundefined|[silent]\n|switch|p1a: Houndstone|Houndstone, L86, F|264/264\n|move|p2a: Conkeldurr|Knock Off|p1a: Houndstone\n|-supereffective|p1a: Houndstone\n|-damage|p1a: Houndstone|145/264\n|-enditem|p1a: Houndstone|Assault Vest|[from] move: Knock Off|[of] p2a: Conkeldurr\n|\n|-damage|p2a: Conkeldurr|263/299 brn|[from] brn\n|upkeep\n|turn|6\n|inactive|BlakeDG has 120 seconds left.\n|\n|t:|1782830841\n|switch|p2a: Mandibuzz|Mandibuzz, L85, F|326/326\n|move|p1a: Houndstone|Play Rough|p2a: Mandibuzz\n|-supereffective|p2a: Mandibuzz\n|-damage|p2a: Mandibuzz|198/326\n|\n|upkeep\n|turn|7\n|\n|t:|1782830849\n|move|p2a: Mandibuzz|Defog|p1a: Houndstone\n|-unboost|p1a: Houndstone|evasion|1\n|-sideend|p2: BlakeDG|Stealth Rock|[from] move: Defog|[of] p2a: Mandibuzz\n|move|p1a: Houndstone|Play Rough|p2a: Mandibuzz\n|-supereffective|p2a: Mandibuzz\n|-damage|p2a: Mandibuzz|80/326\n|\n|upkeep\n|turn|8\n|inactive|BlakeDG has 90 seconds left.\n|\n|t:|1782830881\n|move|p2a: Mandibuzz|Roost|p2a: Mandibuzz\n|-heal|p2a: Mandibuzz|243/326\n|-singleturn|p2a: Mandibuzz|move: Roost\n|move|p1a: Houndstone|Play Rough|p2a: Mandibuzz\n|-supereffective|p2a: Mandibuzz\n|-damage|p2a: Mandibuzz|133/326\n|\n|upkeep\n|turn|9\n|\n|t:|1782830887\n|move|p2a: Mandibuzz|Roost|p2a: Mandibuzz\n|-heal|p2a: Mandibuzz|296/326\n|-singleturn|p2a: Mandibuzz|move: Roost\n|move|p1a: Houndstone|Play Rough|p2a: Mandibuzz|[miss]\n|-miss|p1a: Houndstone|p2a: Mandibuzz\n|\n|upkeep\n|turn|10\n|inactive|BlakeDG has 90 seconds left.\n|\n|t:|1782830908\n|move|p2a: Mandibuzz|Knock Off|p1a: Houndstone\n|-supereffective|p1a: Houndstone\n|-damage|p1a: Houndstone|100/264\n|move|p1a: Houndstone|Play Rough|p2a: Mandibuzz\n|-supereffective|p2a: Mandibuzz\n|-damage|p2a: Mandibuzz|166/326\n|\n|upkeep\n|turn|11\n|inactive|BlakeDG has 90 seconds left.\n|\n|t:|1782830913\n|switch|p2a: Venusaur|Venusaur, L84, M|255/272\n|move|p1a: Houndstone|Play Rough|p2a: Venusaur\n|-resisted|p2a: Venusaur\n|-damage|p2a: Venusaur|219/272\n|\n|-heal|p2a: Venusaur|236/272|[from] item: Leftovers\n|upkeep\n|turn|12\n|\n|t:|1782830917\n|move|p2a: Venusaur|Leech Seed|p1a: Houndstone\n|-start|p1a: Houndstone|move: Leech Seed\n|move|p1a: Houndstone|Poltergeist|p2a: Venusaur\n|-activate|p2a: Venusaur|move: Poltergeist|Leftovers\n|-damage|p2a: Venusaur|106/272\n|\n|-heal|p2a: Venusaur|123/272|[from] item: Leftovers\n|-damage|p1a: Houndstone|67/264|[from] Leech Seed|[of] p2a: Venusaur\n|-heal|p2a: Venusaur|156/272|[silent]\n|upkeep\n|turn|13\n|\n|t:|1782830927\n|move|p2a: Venusaur|Substitute|p2a: Venusaur\n|-start|p2a: Venusaur|Substitute\n|-damage|p2a: Venusaur|88/272\n|move|p1a: Houndstone|Poltergeist|p2a: Venusaur\n|-activate|p2a: Venusaur|move: Poltergeist|Leftovers\n|-end|p2a: Venusaur|Substitute\n|\n|-heal|p2a: Venusaur|105/272|[from] item: Leftovers\n|-damage|p1a: Houndstone|34/264|[from] Leech Seed|[of] p2a: Venusaur\n|-heal|p2a: Venusaur|138/272|[silent]\n|upkeep\n|turn|14\n|\n|t:|1782830936\n|move|p2a: Venusaur|Substitute|p2a: Venusaur\n|-start|p2a: Venusaur|Substitute\n|-damage|p2a: Venusaur|70/272\n|move|p1a: Houndstone|Poltergeist|p2a: Venusaur|[miss]\n|-miss|p1a: Houndstone|p2a: Venusaur\n|\n|-heal|p2a: Venusaur|87/272|[from] item: Leftovers\n|-damage|p1a: Houndstone|1/264|[from] Leech Seed|[of] p2a: Venusaur\n|-heal|p2a: Venusaur|120/272|[silent]\n|upkeep\n|turn|15\n|\n|t:|1782830941\n|move|p1a: Houndstone|Shadow Sneak|p2a: Venusaur\n|-activate|p2a: Venusaur|move: Substitute|[damage]\n|move|p2a: Venusaur|Sludge Bomb|p1a: Houndstone\n|-resisted|p1a: Houndstone\n|-damage|p1a: Houndstone|0 fnt\n|faint|p1a: Houndstone\n|\n|-heal|p2a: Venusaur|137/272|[from] item: Leftovers\n|upkeep\n|\n|t:|1782830949\n|switch|p1a: Archaludon|Archaludon, L78, M|235/268\n|turn|16\n|\n|t:|1782830952\n|move|p2a: Venusaur|Leech Seed|p1a: Archaludon\n|-start|p1a: Archaludon|move: Leech Seed\n|move|p1a: Archaludon|Flash Cannon|p2a: Venusaur\n|-end|p2a: Venusaur|Substitute\n|\n|-heal|p2a: Venusaur|154/272|[from] item: Leftovers\n|-heal|p1a: Archaludon|251/268|[from] item: Leftovers\n|-damage|p1a: Archaludon|218/268|[from] Leech Seed|[of] p2a: Venusaur\n|-heal|p2a: Venusaur|187/272|[silent]\n|upkeep\n|turn|17\n|\n|t:|1782830968\n|switch|p2a: Zamazenta|Zamazenta-Crowned, L68|238/238\n|-ability|p2a: Zamazenta|Dauntless Shield|boost\n|-boost|p2a: Zamazenta|def|1\n|switch|p1a: Lanturn|Lanturn, L89, M|367/367\n|\n|upkeep\n|turn|18\n|\n|t:|1782830981\n|move|p2a: Zamazenta|Iron Defense|p2a: Zamazenta\n|-boost|p2a: Zamazenta|def|2\n|move|p1a: Lanturn|Thunder Wave|p2a: Zamazenta\n|-status|p2a: Zamazenta|par\n|\n|upkeep\n|turn|19\n|\n|t:|1782830990\n|move|p1a: Lanturn|Thunderbolt|p2a: Zamazenta\n|-damage|p2a: Zamazenta|160/238 par\n|move|p2a: Zamazenta|Body Press|p1a: Lanturn\n|-damage|p1a: Lanturn|121/367\n|\n|-heal|p1a: Lanturn|143/367|[from] item: Leftovers\n|upkeep\n|turn|20\n|\n|t:|1782830995\n|move|p1a: Lanturn|Thunderbolt|p2a: Zamazenta\n|-damage|p2a: Zamazenta|79/238 par\n|cant|p2a: Zamazenta|par\n|\n|-heal|p1a: Lanturn|165/367|[from] item: Leftovers\n|upkeep\n|turn|21\n|\n|t:|1782830998\n|move|p1a: Lanturn|Thunderbolt|p2a: Zamazenta\n|-damage|p2a: Zamazenta|6/238 par\n|move|p2a: Zamazenta|Body Press|p1a: Lanturn\n|-damage|p1a: Lanturn|0 fnt\n|faint|p1a: Lanturn\n|\n|upkeep\n|\n|t:|1782831005\n|switch|p1a: Archaludon|Archaludon, L78, M|218/268\n|turn|22\n|\n|t:|1782831009\n|move|p1a: Archaludon|Flash Cannon|p2a: Zamazenta\n|-resisted|p2a: Zamazenta\n|-damage|p2a: Zamazenta|0 fnt\n|faint|p2a: Zamazenta\n|\n|-heal|p1a: Archaludon|234/268|[from] item: Leftovers\n|upkeep\n|\n|t:|1782831011\n|switch|p2a: Conkeldurr|Conkeldurr, L80, M|263/299 brn\n|turn|23\n|\n|t:|1782831027\n|move|p1a: Archaludon|Draco Meteor|p2a: Conkeldurr\n|-damage|p2a: Conkeldurr|59/299 brn\n|-unboost|p1a: Archaludon|spa|2\n|move|p2a: Conkeldurr|Close Combat|p1a: Archaludon\n|-supereffective|p1a: Archaludon\n|-damage|p1a: Archaludon|0 fnt\n|-unboost|p2a: Conkeldurr|def|1\n|-unboost|p2a: Conkeldurr|spd|1\n|faint|p1a: Archaludon\n|\n|-damage|p2a: Conkeldurr|41/299 brn|[from] brn\n|upkeep\n|\n|t:|1782831032\n|switch|p1a: Ditto|Ditto, L87|225/225\n|-transform|p1a: Ditto|p2a: Conkeldurr|[from] ability: Imposter\n|turn|24\n|\n|t:|1782831041\n|switch|p2a: Mandibuzz|Mandibuzz, L85, F|166/326\n|move|p1a: Ditto|Close Combat|p2a: Mandibuzz\n|-damage|p2a: Mandibuzz|19/326\n|-unboost|p1a: Ditto|def|1\n|-unboost|p1a: Ditto|spd|1\n|\n|upkeep\n|turn|25\n|\n|t:|1782831062\n|move|p2a: Mandibuzz|Roost|p2a: Mandibuzz\n|-heal|p2a: Mandibuzz|182/326\n|-singleturn|p2a: Mandibuzz|move: Roost\n|move|p1a: Ditto|Close Combat|p2a: Mandibuzz\n|-supereffective|p2a: Mandibuzz\n|-crit|p2a: Mandibuzz\n|-damage|p2a: Mandibuzz|0 fnt\n|-unboost|p1a: Ditto|def|1\n|-unboost|p1a: Ditto|spd|1\n|faint|p2a: Mandibuzz\n|\n|upkeep\n|\n|t:|1782831066\n|switch|p2a: Venusaur|Venusaur, L84, M|187/272\n|turn|26\n|\n|t:|1782831070\n|switch|p1a: Kingambit|Kingambit, L74, M|270/270 slp\n|-activate|p1a: Kingambit|ability: Supreme Overlord\n|-start|p1a: Kingambit|fallen3|[silent]\n|move|p2a: Venusaur|Leech Seed|p1a: Kingambit\n|-start|p1a: Kingambit|move: Leech Seed\n|\n|-heal|p2a: Venusaur|204/272|[from] item: Leftovers\n|-damage|p1a: Kingambit|237/270 slp|[from] Leech Seed|[of] p2a: Venusaur\n|-heal|p2a: Venusaur|237/272|[silent]\n|upkeep\n|turn|27\n|\n|t:|1782831081\n|switch|p2a: Revavroom|Revavroom, L79, F|256/256\n|-end|p1a: Kingambit|fallen3|[silent]\n|switch|p1a: Ditto|Ditto, L87|225/225\n|-transform|p1a: Ditto|p2a: Revavroom|[from] ability: Imposter\n|\n|upkeep\n|turn|28\n|\n|t:|1782831092\n|-terastallize|p2a: Revavroom|Ground\n|move|p1a: Ditto|High Horsepower|p2a: Revavroom\n|-damage|p2a: Revavroom|177/256\n|move|p2a: Revavroom|High Horsepower|p1a: Ditto\n|-supereffective|p1a: Ditto\n|-damage|p1a: Ditto|0 fnt\n|faint|p1a: Ditto\n|-damage|p2a: Revavroom|152/256|[from] item: Life Orb\n|\n|upkeep\n|\n|t:|1782831099\n|switch|p1a: Espathra|Espathra, L80, M|283/283\n|turn|29\n|\n|t:|1782831116\n|-terastallize|p1a: Espathra|Psychic\n|move|p1a: Espathra|Lumina Crash|p2a: Revavroom\n|-damage|p2a: Revavroom|0 fnt\n|faint|p2a: Revavroom\n|\n|-ability|p1a: Espathra|Speed Boost|boost\n|-boost|p1a: Espathra|spe|1\n|upkeep\n|\n|t:|1782831127\n|switch|p2a: Zekrom|Zekrom, L71|259/259\n|-ability|p2a: Zekrom|Teravolt\n|turn|30\n|\n|t:|1782831133\n|move|p1a: Espathra|Lumina Crash|p2a: Zekrom\n|-damage|p2a: Zekrom|93/259\n|-unboost|p2a: Zekrom|spd|2\n|move|p2a: Zekrom|Bolt Strike|p1a: Espathra\n|-damage|p1a: Espathra|87/283\n|\n|-heal|p2a: Zekrom|109/259|[from] item: Leftovers\n|-ability|p1a: Espathra|Speed Boost|boost\n|-boost|p1a: Espathra|spe|1\n|upkeep\n|turn|31\n|\n|t:|1782831146\n|move|p1a: Espathra|Lumina Crash|p2a: Zekrom\n|-damage|p2a: Zekrom|0 fnt\n|faint|p2a: Zekrom\n|\n|-ability|p1a: Espathra|Speed Boost|boost\n|-boost|p1a: Espathra|spe|1\n|upkeep\n|\n|t:|1782831148\n|switch|p2a: Conkeldurr|Conkeldurr, L80, M|41/299 brn\n|turn|32\n|\n|t:|1782831150\n|move|p2a: Conkeldurr|Mach Punch|p1a: Espathra\n|-resisted|p1a: Espathra\n|-damage|p1a: Espathra|31/283\n|move|p1a: Espathra|Lumina Crash|p2a: Conkeldurr\n|-supereffective|p2a: Conkeldurr\n|-damage|p2a: Conkeldurr|0 fnt\n|faint|p2a: Conkeldurr\n|\n|-ability|p1a: Espathra|Speed Boost|boost\n|-boost|p1a: Espathra|spe|1\n|upkeep\n|l|\u2606BlakeDG\n|inactive|BlakeDG disconnected and has a minute to reconnect!\n|player|p2|\n|inactive|BlakeDG has 30 seconds to reconnect!\n|inactive|BlakeDG has 20 seconds to reconnect!\n|inactive|BlakeDG has 15 seconds to reconnect!\n|inactive|BlakeDG has 10 seconds to reconnect!\n|inactive|BlakeDG has 5 seconds to reconnect!\n|-message|BlakeDG lost due to inactivity.\n|\n|win|mayqueen nyannyan\n", "inputlog": ">version f8ac14003a5f27e1bdc8d8c59608a773c1cb96e5\n>start {\"formatid\":\"gen9randombattle\",\"seed\":\"sodium,127331aaed4711393bbe344fb97034ff\",\"rated\":\"Rated battle\"}\n>player p1 {\"name\":\"mayqueen nyannyan\",\"avatar\":\"169\",\"rating\":1998,\"seed\":\"sodium,bd0cb0b60fec52c9239c67aab1831c6f\"}\n>player p2 {\"name\":\"BlakeDG\",\"avatar\":\"blue\",\"rating\":2030,\"seed\":\"sodium,37916212607104e08579f3da2b81b0e3\"}\n>p1 move stealthrock\n>p2 switch 4\n>p1 move flashcannon\n>p2 move leechseed\n>p1 switch 6\n>p2 move sleeppowder\n>p1 move swordsdance\n>p2 switch 6\n>p1 switch 4\n>p2 move knockoff\n>p1 move playrough\n>p2 switch 4\n>p1 move playrough\n>p2 move defog\n>p1 move playrough\n>p2 move roost\n>p1 move playrough\n>p2 move roost\n>p1 move playrough\n>p2 move knockoff\n>p1 move playrough\n>p2 switch 6\n>p1 move poltergeist\n>p2 move leechseed\n>p1 move poltergeist\n>p2 move substitute\n>p1 move poltergeist\n>p2 move substitute\n>p1 move shadowsneak\n>p2 move sludgebomb\n>p1 switch 6\n>p1 move flashcannon\n>p2 move leechseed\n>p1 switch 5\n>p2 switch 2\n>p1 move thunderwave\n>p2 move irondefense\n>p1 move thunderbolt\n>p2 move bodypress\n>p1 move thunderbolt\n>p2 move bodypress\n>p1 move thunderbolt\n>p2 move bodypress\n>p1 switch 5\n>p1 move flashcannon\n>p2 move bodypress\n>p2 switch 4\n>p1 move dracometeor\n>p2 move closecombat\n>p1 switch 3\n>p1 move closecombat\n>p2 switch 6\n>p1 move closecombat\n>p2 move roost\n>p2 switch 2\n>p1 switch 4\n>p2 move leechseed\n>p1 switch 4\n>p2 switch 5\n>p1 move highhorsepower\n>p2 move highhorsepower terastallize\n>p1 switch 2\n>p1 move luminacrash terastallize\n>p2 move shiftgear\n>p2 switch 3\n>p1 move luminacrash\n>p2 move boltstrike\n>p1 move luminacrash\n>p2 move outrage\n>p2 switch 6\n>p1 move luminacrash\n>p2 move machpunch\n>forcelose p2", "uploadtime": 1782830701, "views": 3, "formatid": "gen9randombattle", "rating": null, "private": 0, "password": null, "player_dets": [{"name": "mayqueen nyannyan", "avatar": "169", "rating": 1998, "seed": "sodium,bd0cb0b60fec52c9239c67aab1831c6f"}, {"name": "BlakeDG", "avatar": "blue", "rating": 2030, "seed": "sodium,37916212607104e08579f3da2b81b0e3"}], "teams_full": [{"Archaludon": {"name": "Archaludon", "species": "Archaludon", "speciesId": "archaludon", "gender": "M", "shiny": false, "level": 78, "moves": ["dracometeor", "flashcannon", "stealthrock", "bodypress"], "ability": "Stamina", "evs": {"hp": 85, "atk": 0, "def": 85, "spa": 85, "spd": 85, "spe": 85}, "ivs": {"hp": 31, "atk": 0, "def": 31, "spa": 31, "spd": 31, "spe": 31}, "item": "Leftovers", "teraType": "Fighting", "role": "Bulky Attacker", "bvs": {"hp": 90, "atk": 105, "def": 130, "spa": 125, "spd": 65, "spe": 85}, "stats": {"hp": 268, "atk": 168, "def": 248, "spa": 240, "spd": 146, "spe": 178}, "types": ["Steel", "Dragon"]}, "Espathra": {"name": "Espathra", "species": "Espathra", "speciesId": "espathra", "gender": "M", "shiny": false, "level": 80, "moves": ["luminacrash", "uturn", "dazzlinggleam", "shadowball"], "ability": "Speed Boost", "evs": {"hp": 85, "atk": 85, "def": 85, "spa": 85, "spd": 85, "spe": 85}, "ivs": {"hp": 31, "atk": 31, "def": 31, "spa": 31, "spd": 31, "spe": 31}, "item": "Choice Specs", "teraType": "Psychic", "role": "Wallbreaker", "bvs": {"hp": 95, "atk": 60, "def": 60, "spa": 101, "spd": 60, "spe": 105}, "stats": {"hp": 283, "atk": 142, "def": 142, "spa": 208, "spd": 142, "spe": 214}, "types": ["Psychic"]}, "Ditto": {"name": "Ditto", "species": "Ditto", "speciesId": "ditto", "gender": "N", "shiny": false, "level": 87, "moves": ["transform"], "ability": "Imposter", "evs": {"hp": 85, "atk": 85, "def": 85, "spa": 85, "spd": 85, "spe": 85}, "ivs": {"hp": 31, "atk": 31, "def": 31, "spa": 31, "spd": 31, "spe": 31}, "item": "Choice Scarf", "teraType": "Steel", "role": "Fast Support", "bvs": {"hp": 48, "atk": 48, "def": 48, "spa": 48, "spd": 48, "spe": 48}, "stats": {"hp": 225, "atk": 133, "def": 133, "spa": 133, "spd": 133, "spe": 133}, "types": ["Normal"]}, "Houndstone": {"name": "Houndstone", "species": "Houndstone", "speciesId": "houndstone", "gender": "F", "shiny": false, "level": 86, "moves": ["shadowsneak", "bodypress", "poltergeist", "playrough"], "ability": "Fluffy", "evs": {"hp": 85, "atk": 85, "def": 85, "spa": 85, "spd": 85, "spe": 85}, "ivs": {"hp": 31, "atk": 31, "def": 31, "spa": 31, "spd": 31, "spe": 31}, "item": "Assault Vest", "teraType": "Fighting", "role": "AV Pivot", "bvs": {"hp": 72, "atk": 101, "def": 100, "spa": 50, "spd": 97, "spe": 68}, "stats": {"hp": 264, "atk": 223, "def": 221, "spa": 135, "spd": 216, "spe": 166}, "types": ["Ghost"]}, "Lanturn": {"name": "Lanturn", "species": "Lanturn", "speciesId": "lanturn", "gender": "M", "shiny": false, "level": 89, "moves": ["icebeam", "scald", "thunderwave", "thunderbolt"], "ability": "Volt Absorb", "evs": {"hp": 85, "atk": 0, "def": 85, "spa": 85, "spd": 85, "spe": 85}, "ivs": {"hp": 31, "atk": 0, "def": 31, "spa": 31, "spd": 31, "spe": 31}, "item": "Leftovers", "teraType": "Flying", "role": "Bulky Attacker", "bvs": {"hp": 125, "atk": 58, "def": 58, "spa": 76, "spd": 76, "spe": 67}, "stats": {"hp": 367, "atk": 108, "def": 154, "spa": 186, "spd": 186, "spe": 170}, "types": ["Water", "Electric"]}, "Kingambit": {"name": "Kingambit", "species": "Kingambit", "speciesId": "kingambit", "gender": "M", "shiny": false, "level": 74, "moves": ["suckerpunch", "ironhead", "kowtowcleave", "swordsdance"], "ability": "Supreme Overlord", "evs": {"hp": 85, "atk": 85, "def": 85, "spa": 85, "spd": 85, "spe": 85}, "ivs": {"hp": 31, "atk": 31, "def": 31, "spa": 31, "spd": 31, "spe": 31}, "item": "Leftovers", "teraType": "Dark", "role": "Bulky Attacker", "bvs": {"hp": 100, "atk": 135, "def": 120, "spa": 60, "spd": 85, "spe": 50}, "stats": {"hp": 270, "atk": 243, "def": 221, "spa": 132, "spd": 169, "spe": 117}, "types": ["Dark", "Steel"]}}, {"Mandibuzz": {"name": "Mandibuzz", "species": "Mandibuzz", "speciesId": "mandibuzz", "gender": "F", "shiny": false, "level": 85, "moves": ["bravebird", "knockoff", "roost", "defog"], "ability": "Overcoat", "evs": {"hp": 85, "atk": 85, "def": 85, "spa": 85, "spd": 85, "spe": 85}, "ivs": {"hp": 31, "atk": 31, "def": 31, "spa": 31, "spd": 31, "spe": 31}, "item": "Heavy-Duty Boots", "teraType": "Steel", "role": "Bulky Attacker", "bvs": {"hp": 110, "atk": 65, "def": 105, "spa": 55, "spd": 95, "spe": 80}, "stats": {"hp": 326, "atk": 159, "def": 227, "spa": 142, "spd": 210, "spe": 185}, "types": ["Dark", "Flying"]}, "Zamazenta": {"name": "Zamazenta", "species": "Zamazenta", "speciesId": "zamazentacrowned", "gender": "N", "shiny": false, "level": 68, "moves": ["heavyslam", "irondefense", "stoneedge", "bodypress"], "ability": "Dauntless Shield", "evs": {"hp": 85, "atk": 85, "def": 85, "spa": 85, "spd": 85, "spe": 85}, "ivs": {"hp": 31, "atk": 31, "def": 31, "spa": 31, "spd": 31, "spe": 31}, "item": "Rusted Shield", "teraType": "Fighting", "role": "Bulky Setup", "bvs": {"hp": 92, "atk": 120, "def": 140, "spa": 80, "spd": 140, "spe": 128}, "stats": {"hp": 238, "atk": 203, "def": 230, "spa": 149, "spd": 230, "spe": 214}, "types": ["Fighting", "Steel"]}, "Zekrom": {"name": "Zekrom", "species": "Zekrom", "speciesId": "zekrom", "gender": "N", "shiny": false, "level": 71, "moves": ["boltstrike", "substitute", "dragondance", "outrage"], "ability": "Teravolt", "evs": {"hp": 85, "atk": 85, "def": 85, "spa": 85, "spd": 85, "spe": 85}, "ivs": {"hp": 31, "atk": 31, "def": 31, "spa": 31, "spd": 31, "spe": 31}, "item": "Leftovers", "teraType": "Steel", "role": "Setup Sweeper", "bvs": {"hp": 100, "atk": 150, "def": 120, "spa": 120, "spd": 100, "spe": 90}, "stats": {"hp": 259, "atk": 254, "def": 212, "spa": 212, "spd": 183, "spe": 169}, "types": ["Dragon", "Electric"]}, "Venusaur": {"name": "Venusaur", "species": "Venusaur", "speciesId": "venusaur", "gender": "M", "shiny": false, "level": 84, "moves": ["leechseed", "sleeppowder", "substitute", "sludgebomb"], "ability": "Chlorophyll", "evs": {"hp": 85, "atk": 0, "def": 85, "spa": 85, "spd": 85, "spe": 85}, "ivs": {"hp": 31, "atk": 0, "def": 31, "spa": 31, "spd": 31, "spe": 31}, "item": "Leftovers", "teraType": "Water", "role": "Bulky Support", "bvs": {"hp": 80, "atk": 82, "def": 83, "spa": 100, "spd": 100, "spe": 80}, "stats": {"hp": 272, "atk": 142, "def": 188, "spa": 216, "spd": 216, "spe": 183}, "types": ["Grass", "Poison"]}, "Revavroom": {"name": "Revavroom", "species": "Revavroom", "speciesId": "revavroom", "gender": "F", "shiny": false, "level": 79, "moves": ["ironhead", "highhorsepower", "gunkshot", "shiftgear"], "ability": "Filter", "evs": {"hp": 85, "atk": 85, "def": 85, "spa": 85, "spd": 85, "spe": 85}, "ivs": {"hp": 31, "atk": 31, "def": 31, "spa": 31, "spd": 31, "spe": 31}, "item": "Life Orb", "teraType": "Ground", "role": "Fast Attacker", "bvs": {"hp": 80, "atk": 119, "def": 90, "spa": 54, "spd": 67, "spe": 90}, "stats": {"hp": 256, "atk": 234, "def": 188, "spa": 131, "spd": 151, "spe": 188}, "types": ["Steel", "Poison"]}, "Conkeldurr": {"name": "Conkeldurr", "species": "Conkeldurr", "speciesId": "conkeldurr", "gender": "M", "shiny": false, "level": 80, "moves": ["machpunch", "knockoff", "facade", "closecombat"], "ability": "Guts", "evs": {"hp": 85, "atk": 85, "def": 85, "spa": 85, "spd": 85, "spe": 85}, "ivs": {"hp": 31, "atk": 31, "def": 31, "spa": 31, "spd": 31, "spe": 31}, "item": "Flame Orb", "teraType": "Normal", "role": "Wallbreaker", "bvs": {"hp": 105, "atk": 140, "def": 95, "spa": 55, "spd": 65, "spe": 45}, "stats": {"hp": 299, "atk": 270, "def": 198, "spa": 134, "spd": 150, "spe": 118}, "types": ["Fighting"]}}]}