{"id": "gen9randombattle-2641555954", "format": "[Gen 9] Random Battle", "players": ["Hermibg", "jqmws"], "log": "|j|\u2606Hermibg\n|j|\u2606jqmws\n|t:|1782807203\n|gametype|singles\n|player|p1|Hermibg|2|2012\n|player|p2|jqmws|jacinthe|1974\n|gen|9\n|tier|[Gen 9] Random Battle\n|rated|\n|rule|Species Clause: Limit one of each Pok\u00e9mon\n|rule|HP Percentage Mod: HP is shown in percentages\n|rule|Sleep Clause Mod: Limit one foe put to sleep\n|rule|Illusion Level Mod: Illusion disguises the Pok\u00e9mon's true level\n|\n|t:|1782807203\n|teamsize|p1|6\n|teamsize|p2|6\n|start\n|switch|p1a: Noctowl|Noctowl, L95, F|344/344\n|switch|p2a: Gliscor|Gliscor, L76, F|239/239\n|turn|1\n|inactive|Battle timer is ON: inactive players will automatically lose when time's up. (requested by jqmws)\n|\n|t:|1782807213\n|move|p2a: Gliscor|Toxic|p1a: Noctowl\n|-status|p1a: Noctowl|tox\n|move|p1a: Noctowl|Hurricane|p2a: Gliscor\n|-damage|p2a: Gliscor|56/239\n|\n|-damage|p1a: Noctowl|323/344 tox|[from] psn\n|-status|p2a: Gliscor|tox|[from] item: Toxic Orb\n|upkeep\n|turn|2\n|\n|t:|1782807223\n|switch|p1a: Sableye|Sableye, L88, F|231/231\n|move|p2a: Gliscor|Protect||[still]\n|-fail|p2a: Gliscor\n|\n|-heal|p2a: Gliscor|85/239 tox|[from] ability: Poison Heal\n|upkeep\n|turn|3\n|\n|t:|1782807228\n|move|p2a: Gliscor|Protect|p2a: Gliscor\n|-singleturn|p2a: Gliscor|Protect\n|move|p1a: Sableye|Encore|p2a: Gliscor\n|-activate|p2a: Gliscor|move: Protect\n|\n|-heal|p2a: Gliscor|114/239 tox|[from] ability: Poison Heal\n|upkeep\n|turn|4\n|\n|t:|1782807235\n|move|p2a: Gliscor|Substitute|p2a: Gliscor\n|-start|p2a: Gliscor|Substitute\n|-damage|p2a: Gliscor|55/239 tox\n|move|p1a: Sableye|Knock Off|p2a: Gliscor\n|-end|p2a: Gliscor|Substitute\n|\n|-heal|p2a: Gliscor|84/239 tox|[from] ability: Poison Heal\n|upkeep\n|turn|5\n|\n|t:|1782807239\n|move|p2a: Gliscor|Protect|p2a: Gliscor\n|-singleturn|p2a: Gliscor|Protect\n|move|p1a: Sableye|Encore|p2a: Gliscor\n|-activate|p2a: Gliscor|move: Protect\n|\n|-heal|p2a: Gliscor|113/239 tox|[from] ability: Poison Heal\n|upkeep\n|turn|6\n|\n|t:|1782807245\n|switch|p2a: Wo-Chien|Wo-Chien, L83|277/277\n|-ability|p2a: Wo-Chien|Tablets of Ruin\n|move|p1a: Sableye|Encore|p2a: Wo-Chien\n|-hint|Since gen 7, Dark is immune to Prankster moves.\n|-immune|p2a: Wo-Chien\n|\n|upkeep\n|turn|7\n|\n|t:|1782807253\n|switch|p1a: Noctowl|Noctowl, L95, F|323/344 tox\n|move|p2a: Wo-Chien|Knock Off|p1a: Noctowl\n|-damage|p1a: Noctowl|199/344 tox\n|-enditem|p1a: Noctowl|Heavy-Duty Boots|[from] move: Knock Off|[of] p2a: Wo-Chien\n|\n|-damage|p1a: Noctowl|178/344 tox|[from] psn\n|upkeep\n|turn|8\n|\n|t:|1782807259\n|switch|p2a: Toxtricity|Toxtricity, L82, F|257/257\n|move|p1a: Noctowl|Hurricane|p2a: Toxtricity\n|-resisted|p2a: Toxtricity\n|-damage|p2a: Toxtricity|101/257\n|\n|-damage|p1a: Noctowl|136/344 tox|[from] psn\n|upkeep\n|turn|9\n|\n|t:|1782807264\n|move|p2a: Toxtricity|Volt Switch|p1a: Noctowl\n|-supereffective|p1a: Noctowl\n|-damage|p1a: Noctowl|0 fnt\n|faint|p1a: Noctowl\n|\n|t:|1782807268\n|switch|p2a: Gliscor|Gliscor, L76, F|113/239 tox|[from] Volt Switch\n|\n|-heal|p2a: Gliscor|142/239 tox|[from] ability: Poison Heal\n|upkeep\n|\n|t:|1782807280\n|switch|p1a: Zacian|Zacian, L69|241/241\n|-ability|p1a: Zacian|Intrepid Sword|boost\n|-boost|p1a: Zacian|atk|1\n|turn|10\n|\n|t:|1782807285\n|move|p1a: Zacian|Play Rough|p2a: Gliscor\n|-damage|p2a: Gliscor|0 fnt\n|faint|p2a: Gliscor\n|\n|upkeep\n|\n|t:|1782807289\n|switch|p2a: Toxtricity|Toxtricity, L82, F|101/257\n|turn|11\n|\n|t:|1782807293\n|move|p2a: Toxtricity|Sludge Wave|p1a: Zacian\n|-supereffective|p1a: Zacian\n|-damage|p1a: Zacian|29/241\n|move|p1a: Zacian|Play Rough|p2a: Toxtricity\n|-resisted|p2a: Toxtricity\n|-damage|p2a: Toxtricity|0 fnt\n|faint|p2a: Toxtricity\n|\n|upkeep\n|\n|t:|1782807301\n|switch|p2a: Wo-Chien|Wo-Chien, L83|277/277\n|-ability|p2a: Wo-Chien|Tablets of Ruin\n|turn|12\n|\n|t:|1782807304\n|move|p1a: Zacian|Play Rough|p2a: Wo-Chien|[miss]\n|-miss|p1a: Zacian|p2a: Wo-Chien\n|move|p2a: Wo-Chien|Giga Drain|p1a: Zacian\n|-damage|p1a: Zacian|0 fnt\n|faint|p1a: Zacian\n|\n|upkeep\n|\n|t:|1782807310\n|switch|p1a: Passimian|Passimian, L83, F|302/302\n|turn|13\n|\n|t:|1782807316\n|move|p1a: Passimian|Close Combat|p2a: Wo-Chien\n|-supereffective|p2a: Wo-Chien\n|-damage|p2a: Wo-Chien|0 fnt\n|-unboost|p1a: Passimian|def|1\n|-unboost|p1a: Passimian|spd|1\n|faint|p2a: Wo-Chien\n|\n|upkeep\n|\n|t:|1782807324\n|switch|p2a: Pawmot|Pawmot, L80, M|243/243\n|turn|14\n|\n|t:|1782807334\n|move|p2a: Pawmot|Revival Blessing|p2a: Pawmot\n|\n|t:|1782807338\n|-heal|p2: Gliscor|119/239|[from] move: Revival Blessing\n|move|p1a: Passimian|Close Combat|p2a: Pawmot\n|-damage|p2a: Pawmot|0 fnt\n|-unboost|p1a: Passimian|def|1\n|-unboost|p1a: Passimian|spd|1\n|faint|p2a: Pawmot\n|\n|upkeep\n|\n|t:|1782807342\n|switch|p2a: Eiscue|Eiscue, L88, F|274/274\n|turn|15\n|\n|t:|1782807349\n|switch|p1a: Sableye|Sableye, L88, F|231/231\n|move|p2a: Eiscue|Zen Headbutt|p1a: Sableye\n|-immune|p1a: Sableye\n|\n|upkeep\n|turn|16\n|\n|t:|1782807354\n|switch|p2a: Gliscor|Gliscor, L76, F|119/239\n|move|p1a: Sableye|Thunder Wave|p2a: Gliscor\n|-immune|p2a: Gliscor\n|\n|-status|p2a: Gliscor|tox|[from] item: Toxic Orb\n|upkeep\n|turn|17\n|\n|t:|1782807365\n|-terastallize|p1a: Sableye|Steel\n|move|p2a: Gliscor|Toxic|p1a: Sableye\n|-immune|p1a: Sableye\n|move|p1a: Sableye|Knock Off|p2a: Gliscor\n|-damage|p2a: Gliscor|37/239 tox\n|-enditem|p2a: Gliscor|Toxic Orb|[from] move: Knock Off|[of] p1a: Sableye\n|\n|-heal|p2a: Gliscor|66/239 tox|[from] ability: Poison Heal\n|upkeep\n|turn|18\n|\n|t:|1782807371\n|move|p2a: Gliscor|Protect|p2a: Gliscor\n|-singleturn|p2a: Gliscor|Protect\n|move|p1a: Sableye|Encore|p2a: Gliscor\n|-activate|p2a: Gliscor|move: Protect\n|\n|-heal|p2a: Gliscor|95/239 tox|[from] ability: Poison Heal\n|upkeep\n|turn|19\n|\n|t:|1782807375\n|move|p1a: Sableye|Encore|p2a: Gliscor\n|-start|p2a: Gliscor|Encore\n|move|p2a: Gliscor|Protect||[still]\n|-fail|p2a: Gliscor\n|\n|-heal|p2a: Gliscor|124/239 tox|[from] ability: Poison Heal\n|upkeep\n|turn|20\n|\n|t:|1782807383\n|switch|p1a: Polteageist|Polteageist-Antique, L78|222/222\n|move|p2a: Gliscor|Protect||[still]\n|-fail|p2a: Gliscor\n|\n|-heal|p2a: Gliscor|153/239 tox|[from] ability: Poison Heal\n|upkeep\n|turn|21\n|\n|t:|1782807388\n|move|p2a: Gliscor|Protect|p2a: Gliscor\n|-singleturn|p2a: Gliscor|Protect\n|move|p1a: Polteageist|Shell Smash|p1a: Polteageist\n|-unboost|p1a: Polteageist|def|1\n|-unboost|p1a: Polteageist|spd|1\n|-boost|p1a: Polteageist|atk|2\n|-boost|p1a: Polteageist|spa|2\n|-boost|p1a: Polteageist|spe|2\n|-enditem|p1a: Polteageist|White Herb\n|-clearnegativeboost|p1a: Polteageist|[silent]\n|\n|-heal|p2a: Gliscor|182/239 tox|[from] ability: Poison Heal\n|-end|p2a: Gliscor|Encore\n|upkeep\n|turn|22\n|\n|t:|1782807395\n|move|p1a: Polteageist|Shadow Ball|p2a: Gliscor\n|-damage|p2a: Gliscor|0 fnt\n|faint|p2a: Gliscor\n|\n|upkeep\n|\n|t:|1782807398\n|switch|p2a: Greedent|Greedent, L86, F|347/347\n|turn|23\n|\n|t:|1782807405\n|move|p1a: Polteageist|Tera Blast|p2a: Greedent\n|-damage|p2a: Greedent|203/347\n|move|p2a: Greedent|Knock Off|p1a: Polteageist\n|-supereffective|p1a: Polteageist\n|-damage|p1a: Polteageist|88/222\n|-start|p2a: Greedent|Disable|Knock Off|[from] ability: Cursed Body|[of] p1a: Polteageist\n|\n|upkeep\n|turn|24\n|\n|t:|1782807411\n|-terastallize|p2a: Greedent|Ghost\n|move|p1a: Polteageist|Strength Sap|p2a: Greedent\n|-unboost|p2a: Greedent|atk|1\n|-heal|p1a: Polteageist|222/222\n|move|p2a: Greedent|Earthquake|p1a: Polteageist\n|-damage|p1a: Polteageist|154/222\n|\n|upkeep\n|turn|25\n|-message|jqmws forfeited.\n|\n|win|Hermibg\n", "inputlog": ">version f8ac14003a5f27e1bdc8d8c59608a773c1cb96e5\n>start {\"formatid\":\"gen9randombattle\",\"seed\":\"sodium,09b2de3e83328e8fc3a15f06f819ed50\",\"rated\":\"Rated battle\"}\n>player p1 {\"name\":\"Hermibg\",\"avatar\":\"2\",\"rating\":2012,\"seed\":\"sodium,a011dcb0bcfd65ed63f3ec72ab8de721\"}\n>player p2 {\"name\":\"jqmws\",\"avatar\":\"jacinthe\",\"rating\":1974,\"seed\":\"sodium,6e2ea6639db88733195cc6c9865fd63e\"}\n>p1 move hurricane\n>p2 move toxic\n>p1 switch 3\n>p2 move protect\n>p1 move encore\n>p2 move protect\n>p1 move knockoff\n>p2 move substitute\n>p1 move encore\n>p2 move protect\n>p1 move encore\n>p2 switch 2\n>p1 switch 3\n>p2 move knockoff\n>p1 move hurricane\n>p2 switch 6\n>p1 move hypervoice\n>p2 move voltswitch\n>p2 switch 2\n>p1 switch 2\n>p1 move playrough\n>p2 move toxic\n>p2 switch 2\n>p1 move playrough\n>p2 move sludgewave\n>p2 switch 6\n>p1 move playrough\n>p2 move gigadrain\n>p1 switch 4\n>p1 move closecombat\n>p2 move leechseed\n>p2 switch 5\n>p1 move closecombat\n>p2 move revivalblessing\n>p2 switch 2\n>p2 switch 4\n>p1 switch 3\n>p2 move zenheadbutt\n>p1 move thunderwave\n>p2 switch 2\n>p1 move knockoff terastallize\n>p2 move toxic\n>p1 move encore\n>p2 move protect\n>p1 move encore\n>p2 move earthquake\n>p1 switch 5\n>p2 move protect\n>p1 move shellsmash\n>p2 move protect\n>p1 move shadowball\n>p2 move toxic\n>p2 switch 3\n>p1 move terablast\n>p2 move knockoff\n>p1 move strengthsap\n>p2 move earthquake terastallize\n>forcelose p2", "uploadtime": 1782807206, "views": 6, "formatid": "gen9randombattle", "rating": null, "private": 0, "password": null, "player_dets": [{"name": "Hermibg", "avatar": "2", "rating": 2012, "seed": "sodium,a011dcb0bcfd65ed63f3ec72ab8de721"}, {"name": "jqmws", "avatar": "jacinthe", "rating": 1974, "seed": "sodium,6e2ea6639db88733195cc6c9865fd63e"}], "teams_full": [{"Noctowl": {"name": "Noctowl", "species": "Noctowl", "speciesId": "noctowl", "gender": "F", "shiny": false, "level": 95, "moves": ["hypervoice", "hurricane", "roost", "defog"], "ability": "Tinted Lens", "evs": {"hp": 85, "atk": 0, "def": 85, "spa": 85, "spd": 85, "spe": 85}, "ivs": {"hp": 31, "atk": 0, "def": 31, "spa": 31, "spd": 31, "spe": 31}, "item": "Heavy-Duty Boots", "teraType": "Steel", "role": "Bulky Attacker", "bvs": {"hp": 100, "atk": 50, "def": 50, "spa": 86, "spd": 96, "spe": 70}, "stats": {"hp": 344, "atk": 100, "def": 149, "spa": 217, "spd": 236, "spe": 187}, "types": ["Normal", "Flying"]}, "Zacian": {"name": "Zacian", "species": "Zacian", "speciesId": "zacian", "gender": "N", "shiny": false, "level": 69, "moves": ["psychicfangs", "wildcharge", "playrough", "closecombat"], "ability": "Intrepid Sword", "evs": {"hp": 85, "atk": 85, "def": 85, "spa": 85, "spd": 85, "spe": 85}, "ivs": {"hp": 31, "atk": 31, "def": 31, "spa": 31, "spd": 31, "spe": 31}, "item": "Choice Band", "teraType": "Fighting", "role": "Fast Attacker", "bvs": {"hp": 92, "atk": 120, "def": 115, "spa": 80, "spd": 115, "spe": 138}, "stats": {"hp": 241, "atk": 206, "def": 199, "spa": 151, "spd": 199, "spe": 231}, "types": ["Fairy"]}, "Sableye": {"name": "Sableye", "species": "Sableye", "speciesId": "sableye", "gender": "F", "shiny": false, "level": 88, "moves": ["knockoff", "thunderwave", "encore", "recover"], "ability": "Prankster", "evs": {"hp": 85, "atk": 85, "def": 85, "spa": 85, "spd": 85, "spe": 85}, "ivs": {"hp": 31, "atk": 31, "def": 31, "spa": 31, "spd": 31, "spe": 31}, "item": "Leftovers", "teraType": "Steel", "role": "Bulky Support", "bvs": {"hp": 50, "atk": 75, "def": 75, "spa": 65, "spd": 65, "spe": 50}, "stats": {"hp": 231, "atk": 182, "def": 182, "spa": 165, "spd": 165, "spe": 138}, "types": ["Dark", "Ghost"]}, "Passimian": {"name": "Passimian", "species": "Passimian", "speciesId": "passimian", "gender": "F", "shiny": false, "level": 83, "moves": ["knockoff", "earthquake", "closecombat", "gunkshot"], "ability": "Defiant", "evs": {"hp": 85, "atk": 85, "def": 85, "spa": 85, "spd": 85, "spe": 85}, "ivs": {"hp": 31, "atk": 31, "def": 31, "spa": 31, "spd": 31, "spe": 31}, "item": "Choice Band", "teraType": "Dark", "role": "Fast Attacker", "bvs": {"hp": 100, "atk": 120, "def": 90, "spa": 40, "spd": 60, "spe": 80}, "stats": {"hp": 302, "atk": 247, "def": 197, "spa": 114, "spd": 147, "spe": 180}, "types": ["Fighting"]}, "Polteageist": {"name": "Polteageist", "species": "Polteageist-Antique", "speciesId": "polteageist", "gender": "N", "shiny": false, "level": 78, "moves": ["terablast", "strengthsap", "shellsmash", "shadowball"], "ability": "Cursed Body", "evs": {"hp": 85, "atk": 0, "def": 85, "spa": 85, "spd": 85, "spe": 85}, "ivs": {"hp": 31, "atk": 0, "def": 31, "spa": 31, "spd": 31, "spe": 31}, "item": "White Herb", "teraType": "Fighting", "role": "Tera Blast user", "bvs": {"hp": 60, "atk": 65, "def": 65, "spa": 134, "spd": 114, "spe": 70}, "stats": {"hp": 222, "atk": 106, "def": 146, "spa": 254, "spd": 223, "spe": 154}, "types": ["Ghost"]}, "Venusaur": {"name": "Venusaur", "species": "Venusaur", "speciesId": "venusaur", "gender": "M", "shiny": false, "level": 84, "moves": ["synthesis", "energyball", "sludgebomb", "knockoff"], "ability": "Overgrow", "evs": {"hp": 85, "atk": 85, "def": 85, "spa": 85, "spd": 85, "spe": 85}, "ivs": {"hp": 31, "atk": 31, "def": 31, "spa": 31, "spd": 31, "spe": 31}, "item": "Leftovers", "teraType": "Water", "role": "Bulky Attacker", "bvs": {"hp": 80, "atk": 82, "def": 83, "spa": 100, "spd": 100, "spe": 80}, "stats": {"hp": 272, "atk": 186, "def": 188, "spa": 216, "spd": 216, "spe": 183}, "types": ["Grass", "Poison"]}}, {"Gliscor": {"name": "Gliscor", "species": "Gliscor", "speciesId": "gliscor", "gender": "F", "shiny": false, "level": 76, "moves": ["substitute", "protect", "toxic", "earthquake"], "ability": "Poison Heal", "evs": {"hp": 85, "atk": 85, "def": 85, "spa": 85, "spd": 85, "spe": 85}, "ivs": {"hp": 31, "atk": 31, "def": 31, "spa": 31, "spd": 31, "spe": 31}, "item": "Toxic Orb", "teraType": "Water", "role": "Fast Support", "bvs": {"hp": 75, "atk": 95, "def": 125, "spa": 45, "spd": 75, "spe": 95}, "stats": {"hp": 239, "atk": 188, "def": 234, "spa": 112, "spd": 158, "spe": 188}, "types": ["Ground", "Flying"]}, "Wo-Chien": {"name": "Wo-Chien", "species": "Wo-Chien", "speciesId": "wochien", "gender": "N", "shiny": false, "level": 83, "moves": ["gigadrain", "protect", "knockoff", "leechseed"], "ability": "Tablets of Ruin", "evs": {"hp": 85, "atk": 85, "def": 85, "spa": 85, "spd": 85, "spe": 85}, "ivs": {"hp": 31, "atk": 31, "def": 31, "spa": 31, "spd": 31, "spe": 31}, "item": "Leftovers", "teraType": "Poison", "role": "Bulky Support", "bvs": {"hp": 85, "atk": 85, "def": 100, "spa": 95, "spd": 135, "spe": 70}, "stats": {"hp": 277, "atk": 189, "def": 214, "spa": 205, "spd": 272, "spe": 164}, "types": ["Dark", "Grass"]}, "Greedent": {"name": "Greedent", "species": "Greedent", "speciesId": "greedent", "gender": "F", "shiny": false, "level": 86, "moves": ["earthquake", "swordsdance", "bodyslam", "knockoff"], "ability": "Cheek Pouch", "evs": {"hp": 85, "atk": 85, "def": 85, "spa": 85, "spd": 85, "spe": 85}, "ivs": {"hp": 31, "atk": 31, "def": 31, "spa": 31, "spd": 31, "spe": 31}, "item": "Sitrus Berry", "teraType": "Ghost", "role": "Bulky Setup", "bvs": {"hp": 120, "atk": 95, "def": 95, "spa": 55, "spd": 75, "spe": 20}, "stats": {"hp": 347, "atk": 213, "def": 213, "spa": 144, "spd": 178, "spe": 84}, "types": ["Normal"]}, "Eiscue": {"name": "Eiscue", "species": "Eiscue", "speciesId": "eiscue", "gender": "F", "shiny": false, "level": 88, "moves": ["zenheadbutt", "bellydrum", "icespinner", "liquidation"], "ability": "Ice Face", "evs": {"hp": 81, "atk": 85, "def": 85, "spa": 85, "spd": 85, "spe": 85}, "ivs": {"hp": 31, "atk": 31, "def": 31, "spa": 31, "spd": 31, "spe": 31}, "item": "Sitrus Berry", "teraType": "Water", "role": "Setup Sweeper", "bvs": {"hp": 75, "atk": 80, "def": 110, "spa": 65, "spd": 90, "spe": 50}, "stats": {"hp": 274, "atk": 191, "def": 244, "spa": 165, "spd": 209, "spe": 138}, "types": ["Ice"]}, "Pawmot": {"name": "Pawmot", "species": "Pawmot", "speciesId": "pawmot", "gender": "M", "shiny": false, "level": 80, "moves": ["closecombat", "doubleshock", "knockoff", "revivalblessing"], "ability": "Volt Absorb", "evs": {"hp": 85, "atk": 85, "def": 85, "spa": 85, "spd": 85, "spe": 85}, "ivs": {"hp": 31, "atk": 31, "def": 31, "spa": 31, "spd": 31, "spe": 31}, "item": "Life Orb", "teraType": "Electric", "role": "Fast Attacker", "bvs": {"hp": 70, "atk": 115, "def": 70, "spa": 70, "spd": 60, "spe": 105}, "stats": {"hp": 243, "atk": 230, "def": 158, "spa": 158, "spd": 142, "spe": 214}, "types": ["Electric", "Fighting"]}, "Toxtricity": {"name": "Toxtricity", "species": "Toxtricity", "speciesId": "toxtricity", "gender": "F", "shiny": false, "level": 82, "moves": ["overdrive", "sludgewave", "voltswitch", "boomburst"], "ability": "Punk Rock", "evs": {"hp": 85, "atk": 0, "def": 85, "spa": 85, "spd": 85, "spe": 85}, "ivs": {"hp": 31, "atk": 0, "def": 31, "spa": 31, "spd": 31, "spe": 31}, "item": "Choice Scarf", "teraType": "Normal", "role": "Fast Attacker", "bvs": {"hp": 75, "atk": 98, "def": 70, "spa": 114, "spd": 70, "spe": 75}, "stats": {"hp": 257, "atk": 165, "def": 162, "spa": 234, "spd": 162, "spe": 170}, "types": ["Electric", "Poison"]}}]}