{"id": "gen9randombattle-2641724071", "format": "[Gen 9] Random Battle", "players": ["unioll", "night guard1"], "log": "|j|\u2606unioll\n|j|\u2606night guard1\n|t:|1782834340\n|gametype|singles\n|player|p1|unioll|265|2050\n|player|p2|night guard1|2|2039\n|gen|9\n|tier|[Gen 9] Random Battle\n|rated|\n|rule|Species Clause: Limit one of each Pok\u00e9mon\n|rule|HP Percentage Mod: HP is shown in percentages\n|rule|Sleep Clause Mod: Limit one foe put to sleep\n|rule|Illusion Level Mod: Illusion disguises the Pok\u00e9mon's true level\n|\n|t:|1782834340\n|teamsize|p1|6\n|teamsize|p2|6\n|start\n|switch|p1a: Kingambit|Kingambit, L74, F|270/270\n|switch|p2a: Emboar|Emboar, L84, M|322/322\n|turn|1\n|inactive|Battle timer is ON: inactive players will automatically lose when time's up. (requested by unioll)\n|\n|t:|1782834359\n|-end|p1a: Kingambit|fallenundefined|[silent]\n|switch|p1a: Lanturn|Lanturn, L89, M|367/367\n|move|p2a: Emboar|Knock Off|p1a: Lanturn\n|-damage|p1a: Lanturn|266/367\n|-enditem|p1a: Lanturn|Heavy-Duty Boots|[from] move: Knock Off|[of] p2a: Emboar\n|\n|upkeep\n|turn|2\n|\n|t:|1782834367\n|switch|p2a: Ampharos|Ampharos, L88, F|302/302\n|move|p1a: Lanturn|Thunder Wave|p2a: Ampharos\n|-immune|p2a: Ampharos\n|\n|upkeep\n|turn|3\n|\n|t:|1782834376\n|move|p1a: Lanturn|Volt Switch|p2a: Ampharos\n|-resisted|p2a: Ampharos\n|-damage|p2a: Ampharos|280/302\n|\n|t:|1782834386\n|switch|p1a: Hatterene|Hatterene, L85, F|236/236|[from] Volt Switch\n|move|p2a: Ampharos|Dazzling Gleam|p1a: Hatterene\n|-damage|p1a: Hatterene|196/236\n|\n|upkeep\n|turn|4\n|\n|t:|1782834394\n|switch|p2a: Perrserker|Perrserker, L89, F|269/269\n|move|p1a: Hatterene|Mystical Fire|p2a: Perrserker\n|-supereffective|p2a: Perrserker\n|-damage|p2a: Perrserker|105/269\n|-unboost|p2a: Perrserker|spa|1\n|\n|upkeep\n|turn|5\n|\n|t:|1782834409\n|switch|p1a: Lanturn|Lanturn, L89, M|266/367\n|move|p2a: Perrserker|Stealth Rock|p1a: Lanturn\n|-sidestart|p1: unioll|move: Stealth Rock\n|\n|upkeep\n|turn|6\n|\n|t:|1782834415\n|switch|p2a: Ampharos|Ampharos, L88, F|280/302\n|move|p1a: Lanturn|Volt Switch|p2a: Ampharos\n|-resisted|p2a: Ampharos\n|-damage|p2a: Ampharos|258/302\n|\n|t:|1782834426\n|switch|p1a: Hatterene|Hatterene, L85, F|196/236|[from] Volt Switch\n|-damage|p1a: Hatterene|167/236|[from] Stealth Rock\n|\n|upkeep\n|turn|7\n|\n|t:|1782834432\n|move|p2a: Ampharos|Volt Switch|p1a: Hatterene\n|-damage|p1a: Hatterene|115/236\n|\n|t:|1782834439\n|switch|p2a: Emboar|Emboar, L84, M|322/322|[from] Volt Switch\n|move|p1a: Hatterene|Psychic Noise|p2a: Emboar\n|-supereffective|p2a: Emboar\n|-damage|p2a: Emboar|58/322\n|-start|p2a: Emboar|move: Heal Block\n|\n|upkeep\n|turn|8\n|\n|t:|1782834452\n|switch|p1a: Lanturn|Lanturn, L89, M|266/367\n|-damage|p1a: Lanturn|221/367|[from] Stealth Rock\n|move|p2a: Emboar|Close Combat|p1a: Lanturn\n|-damage|p1a: Lanturn|38/367\n|-unboost|p2a: Emboar|def|1\n|-unboost|p2a: Emboar|spd|1\n|\n|-end|p2a: Emboar|move: Heal Block\n|upkeep\n|turn|9\n|\n|t:|1782834464\n|move|p2a: Emboar|Close Combat|p1a: Lanturn\n|-damage|p1a: Lanturn|0 fnt\n|-unboost|p2a: Emboar|def|1\n|-unboost|p2a: Emboar|spd|1\n|faint|p1a: Lanturn\n|\n|upkeep\n|\n|t:|1782834486\n|switch|p1a: Heracross|Heracross, L80, F|259/259\n|-damage|p1a: Heracross|227/259|[from] Stealth Rock\n|turn|10\n|\n|t:|1782834508\n|switch|p2a: Galvantula|Galvantula, L82, M|249/249\n|move|p1a: Heracross|Trailblaze|p2a: Galvantula\n|-resisted|p2a: Galvantula\n|-damage|p2a: Galvantula|223/249\n|-boost|p1a: Heracross|spe|1\n|\n|-status|p1a: Heracross|brn|[from] item: Flame Orb\n|upkeep\n|turn|11\n|\n|t:|1782834521\n|-terastallize|p1a: Heracross|Normal\n|move|p1a: Heracross|Facade|p2a: Galvantula\n|-damage|p2a: Galvantula|0 fnt\n|faint|p2a: Galvantula\n|\n|-damage|p1a: Heracross|211/259 brn|[from] brn\n|upkeep\n|\n|t:|1782834525\n|switch|p2a: Vigoroth|Vigoroth, L85, M|275/275\n|turn|12\n|\n|t:|1782834534\n|move|p1a: Heracross|Close Combat|p2a: Vigoroth\n|-supereffective|p2a: Vigoroth\n|-damage|p2a: Vigoroth|0 fnt\n|-unboost|p1a: Heracross|def|1\n|-unboost|p1a: Heracross|spd|1\n|faint|p2a: Vigoroth\n|\n|-damage|p1a: Heracross|195/259 brn|[from] brn\n|upkeep\n|\n|t:|1782834540\n|switch|p2a: Meowscarada|Meowscarada, L78, M|247/247\n|turn|13\n|-message|night guard1 forfeited.\n|\n|win|unioll\n", "inputlog": ">version f8ac14003a5f27e1bdc8d8c59608a773c1cb96e5\n>start {\"formatid\":\"gen9randombattle\",\"seed\":\"sodium,610dc08b9892cd0daefaca10a9f2eb4a\",\"rated\":\"Rated battle\"}\n>player p1 {\"name\":\"unioll\",\"avatar\":\"265\",\"rating\":2050,\"seed\":\"sodium,a7a6730d874de61c640ecc47e80c4341\"}\n>player p2 {\"name\":\"night guard1\",\"avatar\":\"2\",\"rating\":2039,\"seed\":\"sodium,5637fd732c7f9570228fc5dbdf599c0c\"}\n>p1 switch 3\n>p2 move knockoff\n>p1 move thunderwave\n>p2 switch 4\n>p1 move voltswitch\n>p2 move dazzlinggleam\n>p1 switch 4\n>p1 move mysticalfire\n>p2 switch 5\n>p1 switch 4\n>p2 move stealthrock\n>p1 move voltswitch\n>p2 switch 5\n>p1 switch 4\n>p1 move psychicnoise\n>p2 move voltswitch\n>p2 switch 4\n>p1 switch 4\n>p2 move closecombat\n>p1 move scald\n>p2 move closecombat\n>p1 switch 2\n>p1 move trailblaze\n>p2 switch 6\n>p1 move facade terastallize\n>p2 move stickyweb\n>p2 switch 2\n>p1 move closecombat\n>p2 move bulkup\n>p2 switch 3\n>forcelose p2", "uploadtime": 1782834341, "views": 3, "formatid": "gen9randombattle", "rating": null, "private": 0, "password": null, "player_dets": [{"name": "unioll", "avatar": "265", "rating": 2050, "seed": "sodium,a7a6730d874de61c640ecc47e80c4341"}, {"name": "night guard1", "avatar": "2", "rating": 2039, "seed": "sodium,5637fd732c7f9570228fc5dbdf599c0c"}], "teams_full": [{"Kingambit": {"name": "Kingambit", "species": "Kingambit", "speciesId": "kingambit", "gender": "F", "shiny": false, "level": 74, "moves": ["swordsdance", "kowtowcleave", "ironhead", "suckerpunch"], "ability": "Supreme Overlord", "evs": {"hp": 85, "atk": 85, "def": 85, "spa": 85, "spd": 85, "spe": 85}, "ivs": {"hp": 31, "atk": 31, "def": 31, "spa": 31, "spd": 31, "spe": 31}, "item": "Leftovers", "teraType": "Dark", "role": "Bulky Attacker", "bvs": {"hp": 100, "atk": 135, "def": 120, "spa": 60, "spd": 85, "spe": 50}, "stats": {"hp": 270, "atk": 243, "def": 221, "spa": 132, "spd": 169, "spe": 117}, "types": ["Dark", "Steel"]}, "Heracross": {"name": "Heracross", "species": "Heracross", "speciesId": "heracross", "gender": "F", "shiny": false, "level": 80, "moves": ["trailblaze", "facade", "closecombat", "knockoff"], "ability": "Guts", "evs": {"hp": 85, "atk": 85, "def": 85, "spa": 85, "spd": 85, "spe": 85}, "ivs": {"hp": 31, "atk": 31, "def": 31, "spa": 31, "spd": 31, "spe": 31}, "item": "Flame Orb", "teraType": "Normal", "role": "Setup Sweeper", "bvs": {"hp": 80, "atk": 125, "def": 75, "spa": 40, "spd": 95, "spe": 85}, "stats": {"hp": 259, "atk": 246, "def": 166, "spa": 110, "spd": 198, "spe": 182}, "types": ["Bug", "Fighting"]}, "Lanturn": {"name": "Lanturn", "species": "Lanturn", "speciesId": "lanturn", "gender": "M", "shiny": false, "level": 89, "moves": ["scald", "thunderwave", "voltswitch", "thunderbolt"], "ability": "Volt Absorb", "evs": {"hp": 85, "atk": 0, "def": 85, "spa": 85, "spd": 85, "spe": 85}, "ivs": {"hp": 31, "atk": 0, "def": 31, "spa": 31, "spd": 31, "spe": 31}, "item": "Heavy-Duty Boots", "teraType": "Flying", "role": "Fast Support", "bvs": {"hp": 125, "atk": 58, "def": 58, "spa": 76, "spd": 76, "spe": 67}, "stats": {"hp": 367, "atk": 108, "def": 154, "spa": 186, "spd": 186, "spe": 170}, "types": ["Water", "Electric"]}, "Hatterene": {"name": "Hatterene", "species": "Hatterene", "speciesId": "hatterene", "gender": "F", "shiny": false, "level": 85, "moves": ["drainingkiss", "mysticalfire", "nuzzle", "psychicnoise"], "ability": "Magic Bounce", "evs": {"hp": 85, "atk": 85, "def": 85, "spa": 85, "spd": 85, "spe": 85}, "ivs": {"hp": 31, "atk": 31, "def": 31, "spa": 31, "spd": 31, "spe": 31}, "item": "Assault Vest", "teraType": "Fairy", "role": "AV Pivot", "bvs": {"hp": 57, "atk": 90, "def": 95, "spa": 136, "spd": 103, "spe": 29}, "stats": {"hp": 236, "atk": 202, "def": 210, "spa": 280, "spd": 224, "spe": 98}, "types": ["Psychic", "Fairy"]}, "Cetitan": {"name": "Cetitan", "species": "Cetitan", "speciesId": "cetitan", "gender": "M", "shiny": false, "level": 82, "moves": ["liquidation", "superpower", "iceshard", "iciclecrash"], "ability": "Sheer Force", "evs": {"hp": 85, "atk": 85, "def": 85, "spa": 85, "spd": 85, "spe": 85}, "ivs": {"hp": 31, "atk": 31, "def": 31, "spa": 31, "spd": 31, "spe": 31}, "item": "Life Orb", "teraType": "Water", "role": "Wallbreaker", "bvs": {"hp": 170, "atk": 113, "def": 65, "spa": 45, "spd": 55, "spe": 73}, "stats": {"hp": 413, "atk": 232, "def": 154, "spa": 121, "spd": 137, "spe": 167}, "types": ["Ice"]}, "Palkia": {"name": "Palkia", "species": "Palkia", "speciesId": "palkia", "gender": "N", "shiny": false, "level": 75, "moves": ["hydropump", "dracometeor", "fireblast", "spacialrend"], "ability": "Pressure", "evs": {"hp": 85, "atk": 0, "def": 85, "spa": 85, "spd": 85, "spe": 85}, "ivs": {"hp": 31, "atk": 0, "def": 31, "spa": 31, "spd": 31, "spe": 31}, "item": "Choice Scarf", "teraType": "Water", "role": "Fast Attacker", "bvs": {"hp": 90, "atk": 120, "def": 100, "spa": 150, "spd": 120, "spe": 100}, "stats": {"hp": 259, "atk": 185, "def": 194, "spa": 269, "spd": 224, "spe": 194}, "types": ["Water", "Dragon"]}}, {"Emboar": {"name": "Emboar", "species": "Emboar", "speciesId": "emboar", "gender": "M", "shiny": false, "level": 84, "moves": ["wildcharge", "closecombat", "flareblitz", "knockoff"], "ability": "Reckless", "evs": {"hp": 85, "atk": 85, "def": 85, "spa": 85, "spd": 85, "spe": 85}, "ivs": {"hp": 31, "atk": 31, "def": 31, "spa": 31, "spd": 31, "spe": 31}, "item": "Choice Scarf", "teraType": "Fire", "role": "Fast Attacker", "bvs": {"hp": 110, "atk": 123, "def": 65, "spa": 100, "spd": 65, "spe": 65}, "stats": {"hp": 322, "atk": 255, "def": 157, "spa": 216, "spd": 157, "spe": 157}, "types": ["Fire", "Fighting"]}, "Vigoroth": {"name": "Vigoroth", "species": "Vigoroth", "speciesId": "vigoroth", "gender": "M", "shiny": false, "level": 85, "moves": ["knockoff", "bodyslam", "slackoff", "bulkup"], "ability": "Vital Spirit", "evs": {"hp": 85, "atk": 85, "def": 85, "spa": 85, "spd": 85, "spe": 85}, "ivs": {"hp": 31, "atk": 31, "def": 31, "spa": 31, "spd": 31, "spe": 31}, "item": "Eviolite", "teraType": "Ghost", "role": "Bulky Setup", "bvs": {"hp": 80, "atk": 80, "def": 80, "spa": 55, "spd": 55, "spe": 90}, "stats": {"hp": 275, "atk": 185, "def": 185, "spa": 142, "spd": 142, "spe": 202}, "types": ["Normal"]}, "Meowscarada": {"name": "Meowscarada", "species": "Meowscarada", "speciesId": "meowscarada", "gender": "M", "shiny": false, "level": 78, "moves": ["toxicspikes", "tripleaxel", "knockoff", "flowertrick"], "ability": "Protean", "evs": {"hp": 85, "atk": 85, "def": 85, "spa": 85, "spd": 85, "spe": 85}, "ivs": {"hp": 31, "atk": 31, "def": 31, "spa": 31, "spd": 31, "spe": 31}, "item": "Life Orb", "teraType": "Grass", "role": "Fast Support", "bvs": {"hp": 76, "atk": 110, "def": 70, "spa": 81, "spd": 70, "spe": 123}, "stats": {"hp": 247, "atk": 217, "def": 154, "spa": 171, "spd": 154, "spe": 237}, "types": ["Grass", "Dark"]}, "Ampharos": {"name": "Ampharos", "species": "Ampharos", "speciesId": "ampharos", "gender": "F", "shiny": false, "level": 88, "moves": ["thunderbolt", "dragontail", "voltswitch", "dazzlinggleam"], "ability": "Static", "evs": {"hp": 85, "atk": 85, "def": 85, "spa": 85, "spd": 85, "spe": 85}, "ivs": {"hp": 31, "atk": 31, "def": 31, "spa": 31, "spd": 31, "spe": 31}, "item": "Assault Vest", "teraType": "Fairy", "role": "AV Pivot", "bvs": {"hp": 90, "atk": 75, "def": 85, "spa": 115, "spd": 90, "spe": 55}, "stats": {"hp": 302, "atk": 182, "def": 200, "spa": 253, "spd": 209, "spe": 147}, "types": ["Electric"]}, "Perrserker": {"name": "Perrserker", "species": "Perrserker", "speciesId": "perrserker", "gender": "F", "shiny": false, "level": 89, "moves": ["knockoff", "closecombat", "ironhead", "stealthrock"], "ability": "Tough Claws", "evs": {"hp": 85, "atk": 85, "def": 85, "spa": 85, "spd": 85, "spe": 85}, "ivs": {"hp": 31, "atk": 31, "def": 31, "spa": 31, "spd": 31, "spe": 31}, "item": "Life Orb", "teraType": "Fighting", "role": "Fast Attacker", "bvs": {"hp": 70, "atk": 110, "def": 100, "spa": 50, "spd": 60, "spe": 50}, "stats": {"hp": 269, "atk": 247, "def": 229, "spa": 140, "spd": 158, "spe": 140}, "types": ["Steel"]}, "Galvantula": {"name": "Galvantula", "species": "Galvantula", "speciesId": "galvantula", "gender": "M", "shiny": false, "level": 82, "moves": ["bugbuzz", "thunder", "stickyweb", "energyball"], "ability": "Compound Eyes", "evs": {"hp": 85, "atk": 0, "def": 85, "spa": 85, "spd": 85, "spe": 85}, "ivs": {"hp": 31, "atk": 0, "def": 31, "spa": 31, "spd": 31, "spe": 31}, "item": "Heavy-Duty Boots", "teraType": "Electric", "role": "Fast Support", "bvs": {"hp": 70, "atk": 77, "def": 60, "spa": 97, "spd": 60, "spe": 108}, "stats": {"hp": 249, "atk": 131, "def": 146, "spa": 206, "spd": 146, "spe": 224}, "types": ["Bug", "Electric"]}}]}