{"id": "gen9randombattle-2641267206", "format": "[Gen 9] Random Battle", "players": ["Anderj10", "rowdydog11"], "log": "|j|\u2606Anderj10\n|j|\u2606rowdydog11\n|t:|1782761168\n|gametype|singles\n|player|p1|Anderj10|lanette|1975\n|player|p2|rowdydog11|102|1983\n|gen|9\n|tier|[Gen 9] Random Battle\n|rated|\n|rule|Species Clause: Limit one of each Pok\u00e9mon\n|rule|HP Percentage Mod: HP is shown in percentages\n|rule|Sleep Clause Mod: Limit one foe put to sleep\n|rule|Illusion Level Mod: Illusion disguises the Pok\u00e9mon's true level\n|\n|t:|1782761168\n|teamsize|p1|6\n|teamsize|p2|6\n|start\n|switch|p1a: Oinkologne|Oinkologne-F, L92, F|361/361\n|switch|p2a: Cetitan|Cetitan, L82, F|413/413\n|turn|1\n|inactive|Battle timer is ON: inactive players will automatically lose when time's up. (requested by rowdydog11)\n|\n|t:|1782761185\n|switch|p2a: Toxapex|Toxapex, L82, F|216/216\n|move|p1a: Oinkologne|Curse|p1a: Oinkologne\n|-unboost|p1a: Oinkologne|spe|1\n|-boost|p1a: Oinkologne|atk|1\n|-boost|p1a: Oinkologne|def|1\n|\n|upkeep\n|turn|2\n|\n|t:|1782761191\n|move|p1a: Oinkologne|High Horsepower|p2a: Toxapex\n|-supereffective|p2a: Toxapex\n|-damage|p2a: Toxapex|62/216\n|-damage|p1a: Oinkologne|301/361|[from] item: Rocky Helmet|[of] p2a: Toxapex\n|move|p2a: Toxapex|Toxic|p1a: Oinkologne\n|-status|p1a: Oinkologne|tox\n|\n|-heal|p1a: Oinkologne|323/361 tox|[from] item: Leftovers\n|-damage|p1a: Oinkologne|301/361 tox|[from] psn\n|upkeep\n|turn|3\n|\n|t:|1782761217\n|switch|p2a: Rotom|Rotom-Mow, L87|229/229\n|move|p1a: Oinkologne|Curse|p1a: Oinkologne\n|-unboost|p1a: Oinkologne|spe|1\n|-boost|p1a: Oinkologne|atk|1\n|-boost|p1a: Oinkologne|def|1\n|\n|-heal|p1a: Oinkologne|323/361 tox|[from] item: Leftovers\n|-damage|p1a: Oinkologne|279/361 tox|[from] psn\n|upkeep\n|turn|4\n|\n|t:|1782761233\n|switch|p2a: Chandelure|Chandelure, L83, M|235/235\n|move|p1a: Oinkologne|Double-Edge|p2a: Chandelure\n|-immune|p2a: Chandelure\n|\n|-heal|p1a: Oinkologne|301/361 tox|[from] item: Leftovers\n|-damage|p1a: Oinkologne|235/361 tox|[from] psn\n|upkeep\n|turn|5\n|\n|t:|1782761243\n|switch|p2a: Rotom|Rotom-Mow, L87|229/229\n|move|p1a: Oinkologne|Lash Out|p2a: Rotom\n|-damage|p2a: Rotom|132/229\n|\n|-heal|p2a: Rotom|146/229|[from] item: Leftovers\n|-heal|p1a: Oinkologne|257/361 tox|[from] item: Leftovers\n|-damage|p1a: Oinkologne|169/361 tox|[from] psn\n|upkeep\n|turn|6\n|\n|t:|1782761253\n|switch|p2a: Chandelure|Chandelure, L83, M|235/235\n|move|p1a: Oinkologne|Double-Edge|p2a: Chandelure\n|-immune|p2a: Chandelure\n|\n|-heal|p1a: Oinkologne|191/361 tox|[from] item: Leftovers\n|-damage|p1a: Oinkologne|81/361 tox|[from] psn\n|upkeep\n|turn|7\n|\n|t:|1782761266\n|switch|p2a: Rotom|Rotom-Mow, L87|146/229\n|move|p1a: Oinkologne|Lash Out|p2a: Rotom\n|-damage|p2a: Rotom|52/229\n|\n|-heal|p2a: Rotom|66/229|[from] item: Leftovers\n|-heal|p1a: Oinkologne|103/361 tox|[from] item: Leftovers\n|-damage|p1a: Oinkologne|0 fnt|[from] psn\n|faint|p1a: Oinkologne\n|upkeep\n|\n|t:|1782761273\n|switch|p1a: Salazzle|Salazzle, L83, F|249/249\n|turn|8\n|\n|t:|1782761281\n|switch|p2a: Toxapex|Toxapex, L82, F|134/216\n|move|p1a: Salazzle|Nasty Plot|p1a: Salazzle\n|-boost|p1a: Salazzle|spa|2\n|\n|upkeep\n|turn|9\n|\n|t:|1782761292\n|move|p1a: Salazzle|Sludge Wave|p2a: Toxapex\n|-resisted|p2a: Toxapex\n|-damage|p2a: Toxapex|56/216\n|move|p2a: Toxapex|Haze|p2a: Toxapex\n|-clearallboost\n|\n|upkeep\n|turn|10\n|\n|t:|1782761301\n|switch|p1a: Miraidon|Miraidon, L65|238/238\n|-fieldstart|move: Electric Terrain|[from] ability: Hadron Engine|[of] p1a: Miraidon\n|move|p2a: Toxapex|Recover|p2a: Toxapex\n|-heal|p2a: Toxapex|164/216\n|\n|upkeep\n|turn|11\n|\n|t:|1782761312\n|switch|p2a: Rotom|Rotom-Mow, L87|66/229\n|move|p1a: Miraidon|Calm Mind|p1a: Miraidon\n|-boost|p1a: Miraidon|spa|1\n|-boost|p1a: Miraidon|spd|1\n|\n|-heal|p2a: Rotom|80/229|[from] item: Leftovers\n|upkeep\n|turn|12\n|\n|t:|1782761323\n|switch|p2a: Chandelure|Chandelure, L83, M|235/235\n|move|p1a: Miraidon|Dragon Pulse|p2a: Chandelure\n|-damage|p2a: Chandelure|44/235\n|-damage|p1a: Miraidon|215/238|[from] item: Life Orb\n|\n|upkeep\n|turn|13\n|\n|t:|1782761332\n|move|p2a: Chandelure|Trick|p1a: Miraidon\n|-activate|p2a: Chandelure|move: Trick|[of] p1a: Miraidon\n|-item|p1a: Miraidon|Choice Scarf|[from] move: Trick\n|-item|p2a: Chandelure|Life Orb|[from] move: Trick\n|move|p1a: Miraidon|Dragon Pulse|p2a: Chandelure\n|-damage|p2a: Chandelure|0 fnt\n|faint|p2a: Chandelure\n|\n|upkeep\n|\n|t:|1782761342\n|switch|p2a: Cetitan|Cetitan, L82, F|413/413\n|turn|14\n|\n|t:|1782761352\n|move|p1a: Miraidon|Dragon Pulse|p2a: Cetitan\n|-damage|p2a: Cetitan|193/413\n|move|p2a: Cetitan|Liquidation|p1a: Miraidon\n|-resisted|p1a: Miraidon\n|-damage|p1a: Miraidon|150/238\n|\n|-fieldend|move: Electric Terrain\n|upkeep\n|turn|15\n|\n|t:|1782761361\n|move|p2a: Cetitan|Ice Shard|p1a: Miraidon\n|-supereffective|p1a: Miraidon\n|-damage|p1a: Miraidon|15/238\n|-damage|p2a: Cetitan|152/413|[from] item: Life Orb\n|move|p1a: Miraidon|Dragon Pulse|p2a: Cetitan\n|-damage|p2a: Cetitan|0 fnt\n|faint|p2a: Cetitan\n|\n|upkeep\n|\n|t:|1782761372\n|switch|p2a: Toxapex|Toxapex, L82, F|216/216\n|turn|16\n|\n|t:|1782761376\n|move|p1a: Miraidon|Dragon Pulse|p2a: Toxapex\n|-damage|p2a: Toxapex|146/216\n|move|p2a: Toxapex|Liquidation|p1a: Miraidon\n|-resisted|p1a: Miraidon\n|-damage|p1a: Miraidon|0 fnt\n|faint|p1a: Miraidon\n|\n|upkeep\n|\n|t:|1782761380\n|switch|p1a: Salazzle|Salazzle, L83, F|249/249\n|turn|17\n|\n|t:|1782761387\n|switch|p2a: Delphox|Delphox, L84, M|263/263\n|move|p1a: Salazzle|Nasty Plot|p1a: Salazzle\n|-boost|p1a: Salazzle|spa|2\n|\n|upkeep\n|turn|18\n|\n|t:|1782761400\n|-terastallize|p1a: Salazzle|Grass\n|move|p1a: Salazzle|Nasty Plot|p1a: Salazzle\n|-boost|p1a: Salazzle|spa|2\n|move|p2a: Delphox|Psyshock|p1a: Salazzle\n|-damage|p1a: Salazzle|117/249\n|\n|upkeep\n|turn|19\n|\n|t:|1782761411\n|switch|p2a: Rotom|Rotom-Mow, L87|80/229\n|move|p1a: Salazzle|Sludge Wave|p2a: Rotom\n|-supereffective|p2a: Rotom\n|-damage|p2a: Rotom|0 fnt\n|faint|p2a: Rotom\n|\n|upkeep\n|\n|t:|1782761424\n|switch|p2a: Vigoroth|Vigoroth, L85, F|275/275\n|turn|20\n|\n|t:|1782761430\n|-terastallize|p2a: Vigoroth|Ground\n|move|p1a: Salazzle|Fire Blast|p2a: Vigoroth\n|-damage|p2a: Vigoroth|0 fnt\n|faint|p2a: Vigoroth\n|\n|upkeep\n|\n|t:|1782761435\n|switch|p2a: Toxapex|Toxapex, L82, F|216/216\n|turn|21\n|\n|t:|1782761439\n|move|p1a: Salazzle|Tera Blast|p2a: Toxapex|[anim] Tera Blast Grass\n|-damage|p2a: Toxapex|33/216\n|move|p2a: Toxapex|Haze|p2a: Toxapex\n|-clearallboost\n|\n|upkeep\n|turn|22\n|\n|t:|1782761446\n|switch|p2a: Delphox|Delphox, L84, M|263/263\n|move|p1a: Salazzle|Tera Blast|p2a: Delphox|[anim] Tera Blast Grass\n|-resisted|p2a: Delphox\n|-damage|p2a: Delphox|218/263\n|\n|upkeep\n|turn|23\n|\n|t:|1782761451\n|move|p1a: Salazzle|Sludge Wave|p2a: Delphox\n|-damage|p2a: Delphox|110/263\n|move|p2a: Delphox|Psyshock|p1a: Salazzle\n|-damage|p1a: Salazzle|0 fnt\n|faint|p1a: Salazzle\n|\n|upkeep\n|\n|t:|1782761458\n|switch|p1a: Porygon-Z|Porygon-Z, L83|277/277\n|-ability|p1a: Porygon-Z|Download|boost\n|-boost|p1a: Porygon-Z|atk|1\n|turn|24\n|\n|t:|1782761465\n|move|p1a: Porygon-Z|Shadow Ball|p2a: Delphox\n|-supereffective|p2a: Delphox\n|-damage|p2a: Delphox|0 fnt\n|faint|p2a: Delphox\n|\n|upkeep\n|\n|t:|1782761467\n|switch|p2a: Toxapex|Toxapex, L82, F|105/216\n|turn|25\n|\n|t:|1782761473\n|switch|p1a: Scovillain|Scovillain, L91, M|266/266\n|move|p2a: Toxapex|Recover|p2a: Toxapex\n|-heal|p2a: Toxapex|213/216\n|\n|upkeep\n|turn|26\n|\n|t:|1782761476\n|move|p1a: Scovillain|Sunny Day|p1a: Scovillain\n|-weather|SunnyDay\n|move|p2a: Toxapex|Toxic|p1a: Scovillain\n|-status|p1a: Scovillain|tox\n|\n|-weather|SunnyDay|[upkeep]\n|-damage|p1a: Scovillain|250/266 tox|[from] psn\n|upkeep\n|turn|27\n|\n|t:|1782761482\n|move|p1a: Scovillain|Fire Blast|p2a: Toxapex|[miss]\n|-miss|p1a: Scovillain|p2a: Toxapex\n|move|p2a: Toxapex|Liquidation|p1a: Scovillain\n|-damage|p1a: Scovillain|213/266 tox\n|\n|-weather|SunnyDay|[upkeep]\n|-damage|p1a: Scovillain|181/266 tox|[from] psn\n|upkeep\n|turn|28\n|\n|t:|1782761484\n|move|p1a: Scovillain|Stomping Tantrum|p2a: Toxapex\n|-supereffective|p2a: Toxapex\n|-damage|p2a: Toxapex|49/216\n|-damage|p1a: Scovillain|137/266 tox|[from] item: Rocky Helmet|[of] p2a: Toxapex\n|move|p2a: Toxapex|Liquidation|p1a: Scovillain\n|-damage|p1a: Scovillain|101/266 tox\n|\n|-weather|SunnyDay|[upkeep]\n|-damage|p1a: Scovillain|53/266 tox|[from] psn\n|upkeep\n|turn|29\n|\n|t:|1782761487\n|move|p1a: Scovillain|Stomping Tantrum|p2a: Toxapex\n|-supereffective|p2a: Toxapex\n|-damage|p2a: Toxapex|0 fnt\n|-damage|p1a: Scovillain|9/266 tox|[from] item: Rocky Helmet|[of] p2a: Toxapex\n|faint|p2a: Toxapex\n|\n|win|Anderj10\n|raw|Anderj10's rating: 1975 &rarr; <strong>1995</strong><br />(+20 for winning)\n|raw|rowdydog11's rating: 1983 &rarr; <strong>1963</strong><br />(-20 for losing)\n|l|\u2606rowdydog11\n|player|p2|\n|c|\u2606Anderj10|gg\n|l|\u2606Anderj10\n|player|p1|\n|j|\u2606Anderj10\n|player|p1|Anderj10|lanette|\n", "inputlog": ">version f8ac14003a5f27e1bdc8d8c59608a773c1cb96e5\n>start {\"formatid\":\"gen9randombattle\",\"seed\":\"sodium,bf7fbe522f644a2804214c88ca48553d\",\"rated\":\"Rated battle\"}\n>player p1 {\"name\":\"Anderj10\",\"avatar\":\"lanette\",\"rating\":1975,\"seed\":\"sodium,899f9426d5c986cfc7b720ec71068c7e\"}\n>player p2 {\"name\":\"rowdydog11\",\"avatar\":\"102\",\"rating\":1983,\"seed\":\"sodium,52eb2c54585192067db239918cfa4dd8\"}\n>p1 move curse\n>p2 switch 3\n>p1 move highhorsepower\n>p2 move toxic\n>p1 move curse\n>p2 switch 6\n>p1 move doubleedge\n>p2 switch 2\n>p1 move lashout\n>p2 switch 2\n>p1 move doubleedge\n>p2 switch 2\n>p1 move lashout\n>p2 switch 2\n>p1 switch 5\n>p1 move nastyplot\n>p2 switch 6\n>p1 move sludgewave\n>p2 move haze\n>p1 switch 6\n>p2 move recover\n>p1 move calmmind\n>p2 switch 6\n>p1 move dragonpulse\n>p2 switch 2\n>p1 move dragonpulse\n>p2 move trick\n>p2 switch 3\n>p1 move dragonpulse\n>p2 move liquidation\n>p1 move dragonpulse\n>p2 move iceshard\n>p2 switch 6\n>p1 move dragonpulse\n>p2 move liquidation\n>p1 switch 6\n>p1 move nastyplot\n>p2 switch 5\n>p1 move nastyplot terastallize\n>p2 move psyshock\n>p1 move sludgewave\n>p2 switch 2\n>p2 switch 4\n>p1 move fireblast\n>p2 move bodyslam terastallize\n>p2 switch 5\n>p1 move terablast\n>p2 move haze\n>p1 move terablast\n>p2 switch 2\n>p1 move sludgewave\n>p2 move psyshock\n>p1 switch 3\n>p1 move shadowball\n>p2 move focusblast\n>p2 switch 2\n>p1 switch 4\n>p2 move recover\n>p1 move sunnyday\n>p2 move toxic\n>p1 move fireblast\n>p2 move liquidation\n>p1 move stompingtantrum\n>p2 move liquidation\n>p1 move stompingtantrum\n>p2 move recover", "uploadtime": 1782761525, "views": 6, "formatid": "gen9randombattle", "rating": 1963, "private": 0, "password": null, "player_dets": [{"name": "Anderj10", "avatar": "lanette", "rating": 1975, "seed": "sodium,899f9426d5c986cfc7b720ec71068c7e"}, {"name": "rowdydog11", "avatar": "102", "rating": 1983, "seed": "sodium,52eb2c54585192067db239918cfa4dd8"}], "teams_full": [{"Oinkologne": {"name": "Oinkologne", "species": "Oinkologne-F", "speciesId": "oinkolognef", "gender": "F", "shiny": false, "level": 92, "moves": ["doubleedge", "lashout", "curse", "highhorsepower"], "ability": "Thick Fat", "evs": {"hp": 85, "atk": 85, "def": 85, "spa": 85, "spd": 85, "spe": 85}, "ivs": {"hp": 31, "atk": 31, "def": 31, "spa": 31, "spd": 31, "spe": 31}, "item": "Leftovers", "teraType": "Ground", "role": "Bulky Setup", "bvs": {"hp": 115, "atk": 90, "def": 70, "spa": 59, "spd": 90, "spe": 65}, "stats": {"hp": 361, "atk": 218, "def": 181, "spa": 161, "spd": 218, "spe": 172}, "types": ["Normal"]}, "Ludicolo": {"name": "Ludicolo", "species": "Ludicolo", "speciesId": "ludicolo", "gender": "M", "shiny": false, "level": 90, "moves": ["leafstorm", "gigadrain", "hydropump", "icebeam"], "ability": "Swift Swim", "evs": {"hp": 85, "atk": 0, "def": 85, "spa": 85, "spd": 85, "spe": 85}, "ivs": {"hp": 31, "atk": 0, "def": 31, "spa": 31, "spd": 31, "spe": 31}, "item": "Choice Specs", "teraType": "Water", "role": "Fast Attacker", "bvs": {"hp": 80, "atk": 70, "def": 70, "spa": 90, "spd": 100, "spe": 70}, "stats": {"hp": 290, "atk": 131, "def": 177, "spa": 213, "spd": 231, "spe": 177}, "types": ["Water", "Grass"]}, "Porygon-Z": {"name": "Porygon-Z", "species": "Porygon-Z", "speciesId": "porygonz", "gender": "N", "shiny": false, "level": 83, "moves": ["thunderbolt", "shadowball", "trick", "triattack"], "ability": "Download", "evs": {"hp": 85, "atk": 0, "def": 85, "spa": 85, "spd": 85, "spe": 85}, "ivs": {"hp": 31, "atk": 0, "def": 31, "spa": 31, "spd": 31, "spe": 31}, "item": "Choice Scarf", "teraType": "Electric", "role": "Fast Attacker", "bvs": {"hp": 85, "atk": 80, "def": 70, "spa": 135, "spd": 75, "spe": 90}, "stats": {"hp": 277, "atk": 137, "def": 164, "spa": 272, "spd": 172, "spe": 197}, "types": ["Normal"]}, "Scovillain": {"name": "Scovillain", "species": "Scovillain", "speciesId": "scovillain", "gender": "M", "shiny": false, "level": 91, "moves": ["fireblast", "stompingtantrum", "energyball", "sunnyday"], "ability": "Chlorophyll", "evs": {"hp": 85, "atk": 85, "def": 85, "spa": 85, "spd": 85, "spe": 85}, "ivs": {"hp": 31, "atk": 31, "def": 31, "spa": 31, "spd": 31, "spe": 31}, "item": "Heavy-Duty Boots", "teraType": "Ground", "role": "Wallbreaker", "bvs": {"hp": 65, "atk": 108, "def": 65, "spa": 108, "spd": 65, "spe": 75}, "stats": {"hp": 266, "atk": 248, "def": 170, "spa": 248, "spd": 170, "spe": 188}, "types": ["Grass", "Fire"]}, "Salazzle": {"name": "Salazzle", "species": "Salazzle", "speciesId": "salazzle", "gender": "F", "shiny": false, "level": 83, "moves": ["terablast", "nastyplot", "fireblast", "sludgewave"], "ability": "Corrosion", "evs": {"hp": 85, "atk": 0, "def": 85, "spa": 85, "spd": 85, "spe": 85}, "ivs": {"hp": 31, "atk": 0, "def": 31, "spa": 31, "spd": 31, "spe": 31}, "item": "Heavy-Duty Boots", "teraType": "Grass", "role": "Tera Blast user", "bvs": {"hp": 68, "atk": 64, "def": 60, "spa": 111, "spd": 60, "spe": 117}, "stats": {"hp": 249, "atk": 111, "def": 147, "spa": 232, "spd": 147, "spe": 242}, "types": ["Poison", "Fire"]}, "Miraidon": {"name": "Miraidon", "species": "Miraidon", "speciesId": "miraidon", "gender": "N", "shiny": false, "level": 65, "moves": ["electrodrift", "dragonpulse", "calmmind", "dracometeor"], "ability": "Hadron Engine", "evs": {"hp": 85, "atk": 0, "def": 85, "spa": 85, "spd": 85, "spe": 85}, "ivs": {"hp": 31, "atk": 0, "def": 31, "spa": 31, "spd": 31, "spe": 31}, "item": "Life Orb", "teraType": "Electric", "role": "Setup Sweeper", "bvs": {"hp": 100, "atk": 85, "def": 100, "spa": 135, "spd": 115, "spe": 135}, "stats": {"hp": 238, "atk": 115, "def": 168, "spa": 214, "spd": 188, "spe": 214}, "types": ["Electric", "Dragon"]}}, {"Cetitan": {"name": "Cetitan", "species": "Cetitan", "speciesId": "cetitan", "gender": "F", "shiny": false, "level": 82, "moves": ["iceshard", "iciclecrash", "superpower", "liquidation"], "ability": "Sheer Force", "evs": {"hp": 85, "atk": 85, "def": 85, "spa": 85, "spd": 85, "spe": 85}, "ivs": {"hp": 31, "atk": 31, "def": 31, "spa": 31, "spd": 31, "spe": 31}, "item": "Life Orb", "teraType": "Water", "role": "Wallbreaker", "bvs": {"hp": 170, "atk": 113, "def": 65, "spa": 45, "spd": 55, "spe": 73}, "stats": {"hp": 413, "atk": 232, "def": 154, "spa": 121, "spd": 137, "spe": 167}, "types": ["Ice"]}, "Chandelure": {"name": "Chandelure", "species": "Chandelure", "speciesId": "chandelure", "gender": "M", "shiny": false, "level": 83, "moves": ["trick", "energyball", "fireblast", "shadowball"], "ability": "Flash Fire", "evs": {"hp": 85, "atk": 0, "def": 85, "spa": 85, "spd": 85, "spe": 85}, "ivs": {"hp": 31, "atk": 0, "def": 31, "spa": 31, "spd": 31, "spe": 31}, "item": "Choice Scarf", "teraType": "Ghost", "role": "Fast Attacker", "bvs": {"hp": 60, "atk": 55, "def": 90, "spa": 145, "spd": 90, "spe": 80}, "stats": {"hp": 235, "atk": 96, "def": 197, "spa": 288, "spd": 197, "spe": 180}, "types": ["Ghost", "Fire"]}, "Toxapex": {"name": "Toxapex", "species": "Toxapex", "speciesId": "toxapex", "gender": "F", "shiny": false, "level": 82, "moves": ["liquidation", "toxic", "recover", "haze"], "ability": "Regenerator", "evs": {"hp": 85, "atk": 85, "def": 85, "spa": 85, "spd": 85, "spe": 85}, "ivs": {"hp": 31, "atk": 31, "def": 31, "spa": 31, "spd": 31, "spe": 31}, "item": "Rocky Helmet", "teraType": "Grass", "role": "Bulky Support", "bvs": {"hp": 50, "atk": 63, "def": 152, "spa": 53, "spd": 142, "spe": 35}, "stats": {"hp": 216, "atk": 150, "def": 296, "spa": 134, "spd": 280, "spe": 105}, "types": ["Poison", "Water"]}, "Vigoroth": {"name": "Vigoroth", "species": "Vigoroth", "speciesId": "vigoroth", "gender": "F", "shiny": false, "level": 85, "moves": ["bulkup", "bodyslam", "slackoff", "earthquake"], "ability": "Vital Spirit", "evs": {"hp": 85, "atk": 85, "def": 85, "spa": 85, "spd": 85, "spe": 85}, "ivs": {"hp": 31, "atk": 31, "def": 31, "spa": 31, "spd": 31, "spe": 31}, "item": "Eviolite", "teraType": "Ground", "role": "Bulky Attacker", "bvs": {"hp": 80, "atk": 80, "def": 80, "spa": 55, "spd": 55, "spe": 90}, "stats": {"hp": 275, "atk": 185, "def": 185, "spa": 142, "spd": 142, "spe": 202}, "types": ["Normal"]}, "Delphox": {"name": "Delphox", "species": "Delphox", "speciesId": "delphox", "gender": "M", "shiny": false, "level": 84, "moves": ["psyshock", "focusblast", "nastyplot", "fireblast"], "ability": "Blaze", "evs": {"hp": 85, "atk": 0, "def": 85, "spa": 85, "spd": 85, "spe": 85}, "ivs": {"hp": 31, "atk": 0, "def": 31, "spa": 31, "spd": 31, "spe": 31}, "item": "Heavy-Duty Boots", "teraType": "Fire", "role": "Fast Attacker", "bvs": {"hp": 75, "atk": 69, "def": 72, "spa": 114, "spd": 100, "spe": 104}, "stats": {"hp": 263, "atk": 120, "def": 169, "spa": 240, "spd": 216, "spe": 223}, "types": ["Fire", "Psychic"]}, "Rotom": {"name": "Rotom", "species": "Rotom-Mow", "speciesId": "rotommow", "gender": "N", "shiny": false, "level": 87, "moves": ["thunderbolt", "willowisp", "leafstorm", "nastyplot"], "ability": "Levitate", "evs": {"hp": 85, "atk": 0, "def": 85, "spa": 85, "spd": 85, "spe": 85}, "ivs": {"hp": 31, "atk": 0, "def": 31, "spa": 31, "spd": 31, "spe": 31}, "item": "Leftovers", "teraType": "Grass", "role": "Bulky Attacker", "bvs": {"hp": 50, "atk": 65, "def": 107, "spa": 105, "spd": 107, "spe": 86}, "stats": {"hp": 229, "atk": 118, "def": 236, "spa": 232, "spd": 236, "spe": 199}, "types": ["Electric", "Grass"]}}]}