{"id": "gen9randombattle-2641165616", "format": "[Gen 9] Random Battle", "players": ["Serx07", "asdfghgh low"], "log": "|j|\u2606Serx07\n|j|\u2606asdfghgh low\n|t:|1782748581\n|gametype|singles\n|player|p1|Serx07|265|1427\n|player|p2|asdfghgh low|265|1457\n|gen|9\n|tier|[Gen 9] Random Battle\n|rated|\n|rule|Species Clause: Limit one of each Pok\u00e9mon\n|rule|HP Percentage Mod: HP is shown in percentages\n|rule|Sleep Clause Mod: Limit one foe put to sleep\n|rule|Illusion Level Mod: Illusion disguises the Pok\u00e9mon's true level\n|\n|t:|1782748581\n|teamsize|p1|6\n|teamsize|p2|6\n|start\n|switch|p1a: Talonflame|Talonflame, L83, F|265/265\n|switch|p2a: Iron Treads|Iron Treads, L77|265/265\n|turn|1\n|\n|t:|1782748587\n|-end|p2a: Iron Treads|Quark Drive|[silent]\n|switch|p2a: Slowbro|Slowbro, L85, M|300/300\n|move|p1a: Talonflame|Will-O-Wisp|p2a: Slowbro\n|-status|p2a: Slowbro|brn\n|\n|-damage|p2a: Slowbro|282/300 brn|[from] brn\n|upkeep\n|turn|2\n|\n|t:|1782748601\n|switch|p1a: Dedenne|Dedenne, L88, M|261/261\n|move|p2a: Slowbro|Future Sight|p1a: Dedenne\n|-start|p2a: Slowbro|move: Future Sight\n|\n|-damage|p2a: Slowbro|264/300 brn|[from] brn\n|upkeep\n|turn|3\n|\n|t:|1782748606\n|switch|p2a: Iron Treads|Iron Treads, L77|265/265\n|move|p1a: Dedenne|Nuzzle|p2a: Iron Treads\n|-immune|p2a: Iron Treads\n|\n|upkeep\n|turn|4\n|\n|t:|1782748609\n|move|p1a: Dedenne|Super Fang|p2a: Iron Treads|[miss]\n|-miss|p1a: Dedenne|p2a: Iron Treads\n|move|p2a: Iron Treads|Stealth Rock|p1a: Dedenne\n|-sidestart|p1: Serx07|move: Stealth Rock\n|\n|-end|p1a: Dedenne|move: Future Sight\n|-damage|p1a: Dedenne|111/261\n|-enditem|p1a: Dedenne|Sitrus Berry|[eat]\n|-heal|p1a: Dedenne|176/261|[from] item: Sitrus Berry\n|-heal|p1a: Dedenne|261/261|[from] ability: Cheek Pouch\n|upkeep\n|turn|5\n|\n|t:|1782748616\n|switch|p1a: Bronzong|Bronzong, L88|261/261\n|-damage|p1a: Bronzong|245/261|[from] Stealth Rock\n|move|p2a: Iron Treads|Earthquake|p1a: Bronzong\n|-immune|p1a: Bronzong|[from] ability: Levitate\n|\n|upkeep\n|turn|6\n|\n|t:|1782748625\n|-end|p2a: Iron Treads|Quark Drive|[silent]\n|switch|p2a: Slowbro|Slowbro, L85, M|300/300 brn\n|move|p1a: Bronzong|Iron Defense|p1a: Bronzong\n|-boost|p1a: Bronzong|def|2\n|\n|-damage|p2a: Slowbro|282/300 brn|[from] brn\n|upkeep\n|turn|7\n|\n|t:|1782748635\n|move|p1a: Bronzong|Psychic Noise|p2a: Slowbro\n|-resisted|p2a: Slowbro\n|-damage|p2a: Slowbro|256/300 brn\n|-start|p2a: Slowbro|move: Heal Block\n|move|p2a: Slowbro|Scald|p1a: Bronzong\n|-damage|p1a: Bronzong|178/261\n|\n|-damage|p2a: Slowbro|238/300 brn|[from] brn\n|upkeep\n|turn|8\n|\n|t:|1782748649\n|switch|p1a: Arceus|Arceus-Ghost, L69|280/280\n|-damage|p1a: Arceus|245/280|[from] Stealth Rock\n|move|p2a: Slowbro|Scald|p1a: Arceus\n|-damage|p1a: Arceus|164/280\n|\n|-damage|p2a: Slowbro|220/300 brn|[from] brn\n|-end|p2a: Slowbro|move: Heal Block\n|upkeep\n|turn|9\n|\n|t:|1782748654\n|move|p1a: Arceus|Calm Mind|p1a: Arceus\n|-boost|p1a: Arceus|spa|1\n|-boost|p1a: Arceus|spd|1\n|move|p2a: Slowbro|Future Sight|p1a: Arceus\n|-start|p2a: Slowbro|move: Future Sight\n|\n|-damage|p2a: Slowbro|202/300 brn|[from] brn\n|upkeep\n|turn|10\n|\n|t:|1782748658\n|switch|p2a: Chansey|Chansey, L85, F|564/564\n|move|p1a: Arceus|Recover|p1a: Arceus\n|-heal|p1a: Arceus|280/280\n|\n|upkeep\n|turn|11\n|\n|t:|1782748665\n|switch|p1a: Bronzong|Bronzong, L88|178/261\n|-damage|p1a: Bronzong|162/261|[from] Stealth Rock\n|move|p2a: Chansey|Thunder Wave|p1a: Bronzong\n|-status|p1a: Bronzong|par\n|\n|-end|p1a: Bronzong|move: Future Sight\n|-resisted|p1a: Bronzong\n|-damage|p1a: Bronzong|138/261 par\n|upkeep\n|turn|12\n|\n|t:|1782748671\n|switch|p2a: Slowbro|Slowbro, L85, M|300/300 brn\n|cant|p1a: Bronzong|par\n|\n|-damage|p2a: Slowbro|282/300 brn|[from] brn\n|upkeep\n|turn|13\n|\n|t:|1782748678\n|move|p2a: Slowbro|Scald|p1a: Bronzong\n|-damage|p1a: Bronzong|74/261 par\n|move|p1a: Bronzong|Psychic Noise|p2a: Slowbro\n|-resisted|p2a: Slowbro\n|-damage|p2a: Slowbro|256/300 brn\n|-start|p2a: Slowbro|move: Heal Block\n|\n|-damage|p2a: Slowbro|238/300 brn|[from] brn\n|upkeep\n|turn|14\n|\n|t:|1782748684\n|move|p2a: Slowbro|Future Sight|p1a: Bronzong\n|-start|p2a: Slowbro|move: Future Sight\n|cant|p1a: Bronzong|par\n|\n|-damage|p2a: Slowbro|220/300 brn|[from] brn\n|-end|p2a: Slowbro|move: Heal Block\n|upkeep\n|turn|15\n|\n|t:|1782748687\n|move|p2a: Slowbro|Scald|p1a: Bronzong\n|-damage|p1a: Bronzong|2/261 par\n|cant|p1a: Bronzong|par\n|\n|-damage|p2a: Slowbro|202/300 brn|[from] brn\n|upkeep\n|turn|16\n|\n|t:|1782748695\n|move|p2a: Slowbro|Scald|p1a: Bronzong\n|-damage|p1a: Bronzong|0 fnt\n|faint|p1a: Bronzong\n|\n|-hint|Future Sight did not hit because the target is fainted.\n|-damage|p2a: Slowbro|184/300 brn|[from] brn\n|upkeep\n|\n|t:|1782748700\n|switch|p1a: Dedenne|Dedenne, L88, M|261/261\n|-damage|p1a: Dedenne|229/261|[from] Stealth Rock\n|turn|17\n|\n|t:|1782748708\n|switch|p2a: Iron Treads|Iron Treads, L77|265/265\n|move|p1a: Dedenne|Super Fang|p2a: Iron Treads\n|-damage|p2a: Iron Treads|133/265\n|\n|-heal|p2a: Iron Treads|149/265|[from] item: Leftovers\n|upkeep\n|turn|18\n|\n|t:|1782748719\n|switch|p1a: Talonflame|Talonflame, L83, F|265/265\n|move|p2a: Iron Treads|Rapid Spin|p1a: Talonflame\n|-damage|p1a: Talonflame|225/265\n|-boost|p2a: Iron Treads|spe|1\n|\n|-heal|p2a: Iron Treads|165/265|[from] item: Leftovers\n|upkeep\n|turn|19\n|\n|t:|1782748727\n|-end|p2a: Iron Treads|Quark Drive|[silent]\n|switch|p2a: Slowbro|Slowbro, L85, M|284/300 brn\n|move|p1a: Talonflame|Brave Bird|p2a: Slowbro\n|-damage|p2a: Slowbro|187/300 brn\n|-damage|p1a: Talonflame|193/265|[from] Recoil\n|\n|-damage|p2a: Slowbro|169/300 brn|[from] brn\n|upkeep\n|turn|20\n|\n|t:|1782748737\n|switch|p1a: Arceus|Arceus-Ghost, L69|280/280\n|-damage|p1a: Arceus|245/280|[from] Stealth Rock\n|move|p2a: Slowbro|Future Sight|p1a: Arceus\n|-start|p2a: Slowbro|move: Future Sight\n|\n|-damage|p2a: Slowbro|151/300 brn|[from] brn\n|upkeep\n|turn|21\n|\n|t:|1782748745\n|switch|p1a: Quaquaval|Quaquaval, L79, F|264/264\n|-damage|p1a: Quaquaval|248/264|[from] Stealth Rock\n|switch|p2a: Chansey|Chansey, L85, F|564/564\n|\n|upkeep\n|turn|22\n|\n|t:|1782748753\n|switch|p2a: Slowbro|Slowbro, L85, M|251/300 brn\n|move|p1a: Quaquaval|Aqua Step|p2a: Slowbro\n|-resisted|p2a: Slowbro\n|-damage|p2a: Slowbro|197/300 brn\n|-boost|p1a: Quaquaval|spe|1\n|\n|-end|p1a: Quaquaval|move: Future Sight\n|-supereffective|p1a: Quaquaval\n|-damage|p1a: Quaquaval|0 fnt\n|faint|p1a: Quaquaval\n|-damage|p2a: Slowbro|179/300 brn|[from] brn\n|upkeep\n|-message|Serx07 forfeited.\n|\n|win|asdfghgh low\n|raw|Serx07's rating: 1427 &rarr; <strong>1409</strong><br />(-18 for losing)\n|raw|asdfghgh low's rating: 1457 &rarr; <strong>1475</strong><br />(+18 for winning)\n|l|\u2606Serx07\n|player|p1|\n|l|\u2606asdfghgh low\n|player|p2|\n", "inputlog": ">version f8ac14003a5f27e1bdc8d8c59608a773c1cb96e5\n>start {\"formatid\":\"gen9randombattle\",\"seed\":\"sodium,2da66d845cb400a10af7dee5142f17f5\",\"rated\":\"Rated battle\"}\n>player p1 {\"name\":\"Serx07\",\"avatar\":\"265\",\"rating\":1427,\"seed\":\"sodium,e5a355c448b70af15b23b7df933578ac\"}\n>player p2 {\"name\":\"asdfghgh low\",\"avatar\":\"265\",\"rating\":1457,\"seed\":\"sodium,0383cbfdb7dd73dbfc5ef5e01327dc67\"}\n>p1 move willowisp\n>p2 switch 4\n>p1 switch 2\n>p2 move futuresight\n>p1 move nuzzle\n>p2 switch 4\n>p1 move superfang\n>p2 move stealthrock\n>p1 switch 4\n>p2 move earthquake\n>p1 move irondefense\n>p2 switch 4\n>p1 move psychicnoise\n>p2 move scald\n>p1 switch 6\n>p2 move scald\n>p1 move calmmind\n>p2 move futuresight\n>p1 move recover\n>p2 switch 2\n>p1 switch 6\n>p2 move thunderwave\n>p1 move bodypress\n>p2 switch 2\n>p1 move psychicnoise\n>p2 move scald\n>p1 move rest\n>p2 move futuresight\n>p1 move rest\n>p2 move scald\n>p1 move rest\n>p2 move scald\n>p1 switch 4\n>p1 move superfang\n>p2 switch 4\n>p1 switch 2\n>p2 move rapidspin\n>p1 move bravebird\n>p2 switch 4\n>p1 switch 6\n>p2 move futuresight\n>p1 switch 5\n>p2 switch 2\n>p1 move aquastep\n>p2 switch 2\n>forcelose p1", "uploadtime": 1782748896, "views": 8, "formatid": "gen9randombattle", "rating": 1409, "private": 0, "password": null, "player_dets": [{"name": "Serx07", "avatar": "265", "rating": 1427, "seed": "sodium,e5a355c448b70af15b23b7df933578ac"}, {"name": "asdfghgh low", "avatar": "265", "rating": 1457, "seed": "sodium,0383cbfdb7dd73dbfc5ef5e01327dc67"}], "teams_full": [{"Talonflame": {"name": "Talonflame", "species": "Talonflame", "speciesId": "talonflame", "gender": "F", "shiny": false, "level": 83, "moves": ["willowisp", "bravebird", "overheat", "roost"], "ability": "Flame Body", "evs": {"hp": 85, "atk": 85, "def": 85, "spa": 85, "spd": 85, "spe": 85}, "ivs": {"hp": 31, "atk": 31, "def": 31, "spa": 31, "spd": 31, "spe": 31}, "item": "Heavy-Duty Boots", "teraType": "Dragon", "role": "Bulky Attacker", "bvs": {"hp": 78, "atk": 81, "def": 71, "spa": 74, "spd": 69, "spe": 126}, "stats": {"hp": 265, "atk": 182, "def": 166, "spa": 171, "spd": 162, "spe": 257}, "types": ["Fire", "Flying"]}, "Dedenne": {"name": "Dedenne", "species": "Dedenne", "speciesId": "dedenne", "gender": "M", "shiny": false, "level": 88, "moves": ["thunderbolt", "nuzzle", "dazzlinggleam", "superfang"], "ability": "Cheek Pouch", "evs": {"hp": 85, "atk": 85, "def": 85, "spa": 85, "spd": 85, "spe": 85}, "ivs": {"hp": 31, "atk": 31, "def": 31, "spa": 31, "spd": 31, "spe": 31}, "item": "Sitrus Berry", "teraType": "Flying", "role": "Fast Support", "bvs": {"hp": 67, "atk": 58, "def": 57, "spa": 81, "spd": 67, "spe": 101}, "stats": {"hp": 261, "atk": 152, "def": 151, "spa": 193, "spd": 168, "spe": 228}, "types": ["Electric", "Fairy"]}, "Dragonite": {"name": "Dragonite", "species": "Dragonite", "speciesId": "dragonite", "gender": "M", "shiny": false, "level": 74, "moves": ["earthquake", "outrage", "dragondance", "terablast"], "ability": "Multiscale", "evs": {"hp": 85, "atk": 85, "def": 85, "spa": 85, "spd": 85, "spe": 85}, "ivs": {"hp": 31, "atk": 31, "def": 31, "spa": 31, "spd": 31, "spe": 31}, "item": "Heavy-Duty Boots", "teraType": "Flying", "role": "Tera Blast user", "bvs": {"hp": 91, "atk": 134, "def": 95, "spa": 100, "spd": 100, "spe": 80}, "stats": {"hp": 257, "atk": 241, "def": 184, "spa": 191, "spd": 191, "spe": 161}, "types": ["Dragon", "Flying"]}, "Bronzong": {"name": "Bronzong", "species": "Bronzong", "speciesId": "bronzong", "gender": "N", "shiny": false, "level": 88, "moves": ["rest", "psychicnoise", "bodypress", "irondefense"], "ability": "Levitate", "evs": {"hp": 85, "atk": 0, "def": 85, "spa": 85, "spd": 85, "spe": 85}, "ivs": {"hp": 31, "atk": 0, "def": 31, "spa": 31, "spd": 31, "spe": 31}, "item": "Chesto Berry", "teraType": "Fighting", "role": "Bulky Setup", "bvs": {"hp": 67, "atk": 89, "def": 116, "spa": 79, "spd": 116, "spe": 33}, "stats": {"hp": 261, "atk": 161, "def": 254, "spa": 189, "spd": 254, "spe": 108}, "types": ["Steel", "Psychic"]}, "Quaquaval": {"name": "Quaquaval", "species": "Quaquaval", "speciesId": "quaquaval", "gender": "F", "shiny": false, "level": 79, "moves": ["aquastep", "knockoff", "uturn", "closecombat"], "ability": "Moxie", "evs": {"hp": 85, "atk": 85, "def": 85, "spa": 85, "spd": 85, "spe": 85}, "ivs": {"hp": 31, "atk": 31, "def": 31, "spa": 31, "spd": 31, "spe": 31}, "item": "Choice Band", "teraType": "Fighting", "role": "Wallbreaker", "bvs": {"hp": 85, "atk": 120, "def": 80, "spa": 85, "spd": 75, "spe": 85}, "stats": {"hp": 264, "atk": 235, "def": 172, "spa": 180, "spd": 164, "spe": 180}, "types": ["Water", "Fighting"]}, "Arceus": {"name": "Arceus", "species": "Arceus-Ghost", "speciesId": "arceusghost", "gender": "N", "shiny": false, "level": 69, "moves": ["calmmind", "focusblast", "judgment", "recover"], "ability": "Multitype", "evs": {"hp": 85, "atk": 0, "def": 85, "spa": 85, "spd": 85, "spe": 85}, "ivs": {"hp": 31, "atk": 0, "def": 31, "spa": 31, "spd": 31, "spe": 31}, "item": "Spooky Plate", "teraType": "Dark", "role": "Bulky Attacker", "bvs": {"hp": 120, "atk": 120, "def": 120, "spa": 120, "spd": 120, "spe": 120}, "stats": {"hp": 280, "atk": 170, "def": 206, "spa": 206, "spd": 206, "spe": 206}, "types": ["Ghost"]}}, {"Iron Treads": {"name": "Iron Treads", "species": "Iron Treads", "speciesId": "irontreads", "gender": "N", "shiny": false, "level": 77, "moves": ["ironhead", "earthquake", "rapidspin", "stealthrock"], "ability": "Quark Drive", "evs": {"hp": 85, "atk": 85, "def": 85, "spa": 85, "spd": 85, "spe": 85}, "ivs": {"hp": 31, "atk": 31, "def": 31, "spa": 31, "spd": 31, "spe": 31}, "item": "Leftovers", "teraType": "Water", "role": "Bulky Support", "bvs": {"hp": 90, "atk": 112, "def": 120, "spa": 72, "spd": 70, "spe": 106}, "stats": {"hp": 265, "atk": 217, "def": 229, "spa": 155, "spd": 152, "spe": 208}, "types": ["Ground", "Steel"]}, "Chansey": {"name": "Chansey", "species": "Chansey", "speciesId": "chansey", "gender": "F", "shiny": false, "level": 85, "moves": ["thunderwave", "healbell", "seismictoss", "softboiled"], "ability": "Natural Cure", "evs": {"hp": 85, "atk": 0, "def": 85, "spa": 85, "spd": 85, "spe": 85}, "ivs": {"hp": 31, "atk": 0, "def": 31, "spa": 31, "spd": 31, "spe": 31}, "item": "Eviolite", "teraType": "Dark", "role": "Bulky Support", "bvs": {"hp": 250, "atk": 5, "def": 5, "spa": 35, "spd": 105, "spe": 50}, "stats": {"hp": 564, "atk": 13, "def": 57, "spa": 108, "spd": 227, "spe": 134}, "types": ["Normal"]}, "Bellibolt": {"name": "Bellibolt", "species": "Bellibolt", "speciesId": "bellibolt", "gender": "M", "shiny": false, "level": 84, "moves": ["thunderbolt", "muddywater", "slackoff", "voltswitch"], "ability": "Electromorphosis", "evs": {"hp": 85, "atk": 0, "def": 85, "spa": 85, "spd": 85, "spe": 85}, "ivs": {"hp": 31, "atk": 0, "def": 31, "spa": 31, "spd": 31, "spe": 31}, "item": "Leftovers", "teraType": "Water", "role": "Bulky Attacker", "bvs": {"hp": 109, "atk": 64, "def": 91, "spa": 103, "spd": 83, "spe": 45}, "stats": {"hp": 320, "atk": 112, "def": 201, "spa": 221, "spd": 188, "spe": 124}, "types": ["Electric"]}, "Slowbro": {"name": "Slowbro", "species": "Slowbro", "speciesId": "slowbro", "gender": "M", "shiny": false, "level": 85, "moves": ["futuresight", "psychicnoise", "scald", "bodypress"], "ability": "Regenerator", "evs": {"hp": 85, "atk": 0, "def": 85, "spa": 85, "spd": 85, "spe": 85}, "ivs": {"hp": 31, "atk": 0, "def": 31, "spa": 31, "spd": 31, "spe": 31}, "item": "Assault Vest", "teraType": "Fighting", "role": "AV Pivot", "bvs": {"hp": 95, "atk": 75, "def": 110, "spa": 100, "spd": 80, "spe": 30}, "stats": {"hp": 300, "atk": 132, "def": 236, "spa": 219, "spd": 185, "spe": 100}, "types": ["Water", "Psychic"]}, "Azumarill": {"name": "Azumarill", "species": "Azumarill", "speciesId": "azumarill", "gender": "F", "shiny": false, "level": 82, "moves": ["playrough", "aquajet", "bellydrum", "liquidation"], "ability": "Huge Power", "evs": {"hp": 85, "atk": 85, "def": 85, "spa": 85, "spd": 85, "spe": 85}, "ivs": {"hp": 31, "atk": 31, "def": 31, "spa": 31, "spd": 31, "spe": 31}, "item": "Sitrus Berry", "teraType": "Water", "role": "Bulky Attacker", "bvs": {"hp": 100, "atk": 50, "def": 80, "spa": 60, "spd": 80, "spe": 50}, "stats": {"hp": 298, "atk": 129, "def": 178, "spa": 146, "spd": 178, "spe": 129}, "types": ["Water", "Fairy"]}, "Sceptile": {"name": "Sceptile", "species": "Sceptile", "speciesId": "sceptile", "gender": "F", "shiny": false, "level": 87, "moves": ["gigadrain", "leechseed", "focusblast", "substitute"], "ability": "Overgrow", "evs": {"hp": 85, "atk": 0, "def": 85, "spa": 85, "spd": 85, "spe": 85}, "ivs": {"hp": 31, "atk": 0, "def": 31, "spa": 31, "spd": 31, "spe": 31}, "item": "Leftovers", "teraType": "Steel", "role": "Fast Support", "bvs": {"hp": 70, "atk": 85, "def": 65, "spa": 105, "spd": 85, "spe": 120}, "stats": {"hp": 264, "atk": 152, "def": 163, "spa": 232, "spd": 198, "spe": 259}, "types": ["Grass"]}}]}