{"id": "gen9randombattle-2641417599", "format": "[Gen 9] Random Battle", "players": ["Patriots73", "danyboyy98"], "log": "|j|\u2606Patriots73\n|j|\u2606danyboyy98\n|t:|1782781699\n|gametype|singles\n|player|p1|Patriots73|170|1919\n|player|p2|danyboyy98|schoolkid|1910\n|gen|9\n|tier|[Gen 9] Random Battle\n|rated|\n|rule|Species Clause: Limit one of each Pok\u00e9mon\n|rule|HP Percentage Mod: HP is shown in percentages\n|rule|Sleep Clause Mod: Limit one foe put to sleep\n|rule|Illusion Level Mod: Illusion disguises the Pok\u00e9mon's true level\n|\n|t:|1782781699\n|teamsize|p1|6\n|teamsize|p2|6\n|start\n|switch|p1a: Wyrdeer|Wyrdeer, L87, M|321/321\n|switch|p2a: Palossand|Palossand, L89, M|296/296\n|-ability|p1a: Wyrdeer|Intimidate|boost\n|-unboost|p2a: Palossand|atk|1\n|turn|1\n|\n|t:|1782781715\n|move|p1a: Wyrdeer|Psychic Noise|p2a: Palossand\n|-damage|p2a: Palossand|202/296\n|-start|p2a: Palossand|move: Heal Block\n|move|p2a: Palossand|Sludge Bomb|p1a: Wyrdeer\n|-damage|p1a: Wyrdeer|242/321\n|\n|-heal|p1a: Wyrdeer|262/321|[from] item: Leftovers\n|upkeep\n|turn|2\n|\n|t:|1782781721\n|switch|p2a: Persian|Persian-Alola, L86, M|252/252\n|move|p1a: Wyrdeer|Psychic Noise|p2a: Persian\n|-immune|p2a: Persian\n|\n|-heal|p1a: Wyrdeer|282/321|[from] item: Leftovers\n|upkeep\n|turn|3\n|\n|t:|1782781726\n|switch|p1a: Florges|Florges-Yellow, L85, F|271/271\n|move|p2a: Persian|Thunder Wave|p1a: Florges\n|-status|p1a: Florges|par\n|\n|upkeep\n|turn|4\n|\n|t:|1782781730\n|move|p2a: Persian|Parting Shot|p1a: Florges\n|-unboost|p1a: Florges|atk|1\n|-unboost|p1a: Florges|spa|1\n|\n|t:|1782781733\n|switch|p2a: Leavanny|Leavanny, L86, M|269/269|[from] Parting Shot\n|move|p1a: Florges|Moonblast|p2a: Leavanny\n|-damage|p2a: Leavanny|193/269\n|\n|upkeep\n|turn|5\n|\n|t:|1782781751\n|move|p2a: Leavanny|Sticky Web|p1a: Florges\n|-sidestart|p1: Patriots73|move: Sticky Web\n|move|p1a: Florges|Moonblast|p2a: Leavanny\n|-damage|p2a: Leavanny|111/269\n|\n|upkeep\n|turn|6\n|\n|t:|1782781760\n|switch|p2a: Palossand|Palossand, L89, M|202/296\n|switch|p1a: Cyclizar|Cyclizar, L83, F|252/252\n|\n|-heal|p2a: Palossand|220/296|[from] item: Leftovers\n|upkeep\n|turn|7\n|\n|t:|1782781765\n|move|p1a: Cyclizar|Knock Off|p2a: Palossand\n|-supereffective|p2a: Palossand\n|-damage|p2a: Palossand|114/296\n|-enditem|p2a: Palossand|Leftovers|[from] move: Knock Off|[of] p1a: Cyclizar\n|move|p2a: Palossand|Sludge Bomb|p1a: Cyclizar\n|-damage|p1a: Cyclizar|166/252\n|\n|upkeep\n|turn|8\n|\n|t:|1782781771\n|move|p1a: Cyclizar|Draco Meteor|p2a: Palossand\n|-damage|p2a: Palossand|0 fnt\n|-unboost|p1a: Cyclizar|spa|2\n|faint|p2a: Palossand\n|\n|upkeep\n|\n|t:|1782781777\n|switch|p2a: Iron Bundle|Iron Bundle, L78|215/215\n|turn|9\n|\n|t:|1782781785\n|switch|p1a: Florges|Florges-Yellow, L85, F|271/271 par\n|-activate|p1a: Florges|move: Sticky Web\n|-unboost|p1a: Florges|spe|1\n|move|p2a: Iron Bundle|Ice Beam|p1a: Florges\n|-damage|p1a: Florges|201/271 par\n|\n|-heal|p1a: Florges|217/271 par|[from] item: Leftovers\n|upkeep\n|turn|10\n|\n|t:|1782781790\n|move|p2a: Iron Bundle|Hydro Pump|p1a: Florges\n|-damage|p1a: Florges|141/271 par\n|cant|p1a: Florges|par\n|\n|-heal|p1a: Florges|157/271 par|[from] item: Leftovers\n|upkeep\n|turn|11\n|\n|t:|1782781799\n|-end|p2a: Iron Bundle|Quark Drive|[silent]\n|switch|p2a: Delibird|Delibird, F|252/252\n|move|p1a: Florges|Moonblast|p2a: Delibird\n|-damage|p2a: Delibird|83/252\n|-unboost|p2a: Delibird|spa|1\n|\n|-heal|p1a: Florges|173/271 par|[from] item: Leftovers\n|upkeep\n|turn|12\n|\n|t:|1782781804\n|move|p1a: Florges|Protect|p1a: Florges\n|-singleturn|p1a: Florges|Protect\n|move|p2a: Delibird|Brave Bird|p1a: Florges\n|-activate|p1a: Florges|move: Protect\n|\n|-heal|p1a: Florges|189/271 par|[from] item: Leftovers\n|upkeep\n|turn|13\n|\n|t:|1782781807\n|move|p2a: Delibird|Brave Bird|p1a: Florges|[miss]\n|-miss|p2a: Delibird|p1a: Florges\n|move|p1a: Florges|Moonblast|p2a: Delibird\n|-damage|p2a: Delibird|0 fnt\n|faint|p2a: Delibird\n|\n|-heal|p1a: Florges|205/271 par|[from] item: Leftovers\n|upkeep\n|\n|t:|1782781813\n|switch|p2a: Tauros|Tauros-Paldea-Blaze, L81, M|254/254\n|-ability|p2a: Tauros|Intimidate|boost\n|-unboost|p1a: Florges|atk|1\n|turn|14\n|\n|t:|1782781818\n|move|p2a: Tauros|Flare Blitz|p1a: Florges\n|-crit|p1a: Florges\n|-damage|p1a: Florges|0 fnt\n|faint|p1a: Florges\n|-damage|p2a: Tauros|186/254|[from] Recoil\n|\n|upkeep\n|\n|t:|1782781826\n|switch|p1a: Wyrdeer|Wyrdeer, L87, M|282/321\n|-activate|p1a: Wyrdeer|move: Sticky Web\n|-unboost|p1a: Wyrdeer|spe|1\n|-ability|p1a: Wyrdeer|Intimidate|boost\n|-unboost|p2a: Tauros|atk|1\n|turn|15\n|\n|t:|1782781832\n|switch|p2a: Persian|Persian-Alola, L86, M|252/252\n|move|p1a: Wyrdeer|Thunder Wave|p2a: Persian|[miss]\n|-miss|p1a: Wyrdeer|p2a: Persian\n|\n|-heal|p1a: Wyrdeer|302/321|[from] item: Leftovers\n|upkeep\n|turn|16\n|\n|t:|1782781837\n|move|p2a: Persian|Taunt|p1a: Wyrdeer\n|-start|p1a: Wyrdeer|move: Taunt\n|cant|p1a: Wyrdeer|move: Taunt|Thunder Wave\n|\n|-heal|p1a: Wyrdeer|321/321|[from] item: Leftovers\n|upkeep\n|turn|17\n|\n|t:|1782781844\n|switch|p1a: Cyclizar|Cyclizar, L83, F|250/252\n|move|p2a: Persian|Thunder Wave|p1a: Cyclizar\n|-status|p1a: Cyclizar|par\n|\n|upkeep\n|turn|18\n|\n|t:|1782781851\n|move|p2a: Persian|Foul Play|p1a: Cyclizar\n|-damage|p1a: Cyclizar|126/252 par\n|move|p1a: Cyclizar|Rapid Spin|p2a: Persian\n|-damage|p2a: Persian|221/252\n|-boost|p1a: Cyclizar|spe|1\n|-sideend|p1: Patriots73|Sticky Web|[from] move: Rapid Spin|[of] p1a: Cyclizar\n|\n|upkeep\n|turn|19\n|\n|t:|1782781860\n|move|p2a: Persian|Foul Play|p1a: Cyclizar\n|-damage|p1a: Cyclizar|6/252 par\n|cant|p1a: Cyclizar|par\n|\n|upkeep\n|turn|20\n|\n|t:|1782781865\n|move|p2a: Persian|Foul Play|p1a: Cyclizar\n|-crit|p1a: Cyclizar\n|-damage|p1a: Cyclizar|0 fnt\n|faint|p1a: Cyclizar\n|\n|upkeep\n|\n|t:|1782781876\n|switch|p1a: Minun|Minun, L95, F|268/268\n|turn|21\n|\n|t:|1782781881\n|move|p2a: Persian|Taunt|p1a: Minun\n|-start|p1a: Minun|move: Taunt\n|move|p1a: Minun|Alluring Voice|p2a: Persian\n|-supereffective|p2a: Persian\n|-damage|p2a: Persian|16/252\n|-damage|p1a: Minun|242/268|[from] item: Life Orb\n|\n|upkeep\n|turn|22\n|\n|t:|1782781884\n|move|p2a: Persian|Parting Shot|p1a: Minun\n|-unboost|p1a: Minun|atk|1\n|-unboost|p1a: Minun|spa|1\n|\n|t:|1782781888\n|switch|p2a: Tauros|Tauros-Paldea-Blaze, L81, M|186/254|[from] Parting Shot\n|-ability|p2a: Tauros|Intimidate|boost\n|-unboost|p1a: Minun|atk|1\n|move|p1a: Minun|Thunderbolt|p2a: Tauros\n|-damage|p2a: Tauros|73/254\n|-damage|p1a: Minun|216/268|[from] item: Life Orb\n|\n|upkeep\n|turn|23\n|\n|t:|1782781895\n|move|p1a: Minun|Thunderbolt|p2a: Tauros\n|-damage|p2a: Tauros|0 fnt\n|faint|p2a: Tauros\n|-damage|p1a: Minun|190/268|[from] item: Life Orb\n|\n|-end|p1a: Minun|move: Taunt\n|upkeep\n|\n|t:|1782781902\n|switch|p2a: Iron Bundle|Iron Bundle, L78|215/215\n|turn|24\n|\n|t:|1782781922\n|-terastallize|p2a: Iron Bundle|Ice\n|move|p2a: Iron Bundle|Hydro Pump|p1a: Minun\n|-damage|p1a: Minun|70/268\n|move|p1a: Minun|Thunderbolt|p2a: Iron Bundle\n|-damage|p2a: Iron Bundle|102/215\n|-damage|p1a: Minun|44/268|[from] item: Life Orb\n|\n|upkeep\n|turn|25\n|\n|t:|1782781926\n|move|p2a: Iron Bundle|Ice Beam|p1a: Minun\n|-damage|p1a: Minun|0 fnt\n|faint|p1a: Minun\n|\n|upkeep\n|\n|t:|1782781930\n|switch|p1a: Wyrdeer|Wyrdeer, L87, M|321/321\n|-ability|p1a: Wyrdeer|Intimidate|boost\n|-unboost|p2a: Iron Bundle|atk|1\n|turn|26\n|\n|t:|1782781936\n|move|p2a: Iron Bundle|Hydro Pump|p1a: Wyrdeer\n|-damage|p1a: Wyrdeer|188/321\n|move|p1a: Wyrdeer|Body Slam|p2a: Iron Bundle\n|-damage|p2a: Iron Bundle|15/215\n|-status|p2a: Iron Bundle|par\n|\n|-heal|p1a: Wyrdeer|208/321|[from] item: Leftovers\n|upkeep\n|turn|27\n|\n|t:|1782781941\n|move|p1a: Wyrdeer|Earthquake|p2a: Iron Bundle\n|-damage|p2a: Iron Bundle|0 fnt\n|faint|p2a: Iron Bundle\n|-end|p2a: Iron Bundle|Quark Drive|[silent]\n|\n|-heal|p1a: Wyrdeer|228/321|[from] item: Leftovers\n|upkeep\n|\n|t:|1782781943\n|switch|p2a: Persian|Persian-Alola, L86, M|16/252\n|turn|28\n|\n|t:|1782781957\n|-terastallize|p1a: Wyrdeer|Ground\n|move|p2a: Persian|Foul Play|p1a: Wyrdeer\n|-crit|p1a: Wyrdeer\n|-damage|p1a: Wyrdeer|41/321\n|move|p1a: Wyrdeer|Body Slam|p2a: Persian\n|-damage|p2a: Persian|0 fnt\n|faint|p2a: Persian\n|\n|-heal|p1a: Wyrdeer|61/321|[from] item: Leftovers\n|upkeep\n|\n|t:|1782781960\n|switch|p2a: Leavanny|Leavanny, L86, M|111/269\n|turn|29\n|\n|t:|1782781963\n|move|p2a: Leavanny|Leaf Blade|p1a: Wyrdeer\n|-supereffective|p1a: Wyrdeer\n|-damage|p1a: Wyrdeer|0 fnt\n|faint|p1a: Wyrdeer\n|\n|upkeep\n|\n|t:|1782781965\n|switch|p1a: Pachirisu|Pachirisu, L96, M|271/271\n|turn|30\n|\n|t:|1782781970\n|move|p1a: Pachirisu|Encore|p2a: Leavanny\n|-start|p2a: Leavanny|Encore\n|move|p2a: Leavanny|Leaf Blade|p1a: Pachirisu\n|-damage|p1a: Pachirisu|166/271\n|\n|upkeep\n|turn|31\n|\n|t:|1782781973\n|move|p1a: Pachirisu|Super Fang|p2a: Leavanny\n|-damage|p2a: Leavanny|56/269\n|move|p2a: Leavanny|Leaf Blade|p1a: Pachirisu\n|-damage|p1a: Pachirisu|66/271\n|\n|upkeep\n|turn|32\n|\n|t:|1782781976\n|move|p1a: Pachirisu|U-turn|p2a: Leavanny\n|-supereffective|p2a: Leavanny\n|-damage|p2a: Leavanny|0 fnt\n|faint|p2a: Leavanny\n|\n|win|Patriots73\n", "inputlog": ">version f8ac14003a5f27e1bdc8d8c59608a773c1cb96e5\n>start {\"formatid\":\"gen9randombattle\",\"seed\":\"sodium,b98c9116a20397ea7eb901197b193cf7\",\"rated\":\"Rated battle\"}\n>player p1 {\"name\":\"Patriots73\",\"avatar\":\"170\",\"rating\":1919,\"seed\":\"sodium,8230dfa124853f725ec7a3de5fcfb770\"}\n>player p2 {\"name\":\"danyboyy98\",\"avatar\":\"schoolkid\",\"rating\":1910,\"seed\":\"sodium,e6239a94a56d9178260833750776bb3c\"}\n>p1 move psychicnoise\n>p2 move sludgebomb\n>p1 move psychicnoise\n>p2 switch 2\n>p1 switch 3\n>p2 move thunderwave\n>p1 move moonblast\n>p2 move partingshot\n>p2 switch 3\n>p1 move moonblast\n>p2 move stickyweb\n>p1 switch 2\n>p2 switch 2\n>p1 move knockoff\n>p2 move sludgebomb\n>p1 move dracometeor\n>p2 move shoreup\n>p2 switch 4\n>p1 switch 2\n>p2 move icebeam\n>p1 move moonblast\n>p2 move hydropump\n>p1 move moonblast\n>p2 switch 6\n>p1 move protect\n>p2 move bravebird\n>p1 move moonblast\n>p2 move bravebird\n>p2 switch 5\n>p1 move moonblast\n>p2 move flareblitz\n>p1 switch 3\n>p1 move thunderwave\n>p2 switch 3\n>p1 move thunderwave\n>p2 move taunt\n>p1 switch 2\n>p2 move thunderwave\n>p1 move rapidspin\n>p2 move foulplay\n>p1 move dracometeor\n>p2 move foulplay\n>p1 move dracometeor\n>p2 move foulplay\n>p1 switch 6\n>p1 move alluringvoice\n>p2 move taunt\n>p1 move thunderbolt\n>p2 move partingshot\n>p2 switch 3\n>p1 move thunderbolt\n>p2 move flareblitz\n>p2 switch 6\n>p1 move thunderbolt\n>p2 move hydropump terastallize\n>p1 move thunderbolt\n>p2 move icebeam\n>p1 switch 2\n>p1 move bodyslam\n>p2 move hydropump\n>p1 move earthquake\n>p2 move encore\n>p2 switch 3\n>p1 move bodyslam terastallize\n>p2 move foulplay\n>p2 switch 2\n>p1 move bodyslam\n>p2 move leafblade\n>p1 switch 5\n>p1 move encore\n>p2 move lunge\n>p1 move superfang\n>p2 move leafblade\n>p1 move uturn\n>p2 move leafblade", "uploadtime": 1782781701, "views": 4, "formatid": "gen9randombattle", "rating": null, "private": 0, "password": null, "player_dets": [{"name": "Patriots73", "avatar": "170", "rating": 1919, "seed": "sodium,8230dfa124853f725ec7a3de5fcfb770"}, {"name": "danyboyy98", "avatar": "schoolkid", "rating": 1910, "seed": "sodium,e6239a94a56d9178260833750776bb3c"}], "teams_full": [{"Wyrdeer": {"name": "Wyrdeer", "species": "Wyrdeer", "speciesId": "wyrdeer", "gender": "M", "shiny": false, "level": 87, "moves": ["thunderwave", "bodyslam", "psychicnoise", "earthquake"], "ability": "Intimidate", "evs": {"hp": 85, "atk": 85, "def": 85, "spa": 85, "spd": 85, "spe": 85}, "ivs": {"hp": 31, "atk": 31, "def": 31, "spa": 31, "spd": 31, "spe": 31}, "item": "Leftovers", "teraType": "Ground", "role": "Bulky Attacker", "bvs": {"hp": 103, "atk": 105, "def": 72, "spa": 105, "spd": 75, "spe": 65}, "stats": {"hp": 321, "atk": 232, "def": 175, "spa": 232, "spd": 180, "spe": 163}, "types": ["Normal", "Psychic"]}, "Cyclizar": {"name": "Cyclizar", "species": "Cyclizar", "speciesId": "cyclizar", "gender": "F", "shiny": false, "level": 83, "moves": ["rapidspin", "dracometeor", "knockoff", "shedtail"], "ability": "Regenerator", "evs": {"hp": 85, "atk": 85, "def": 85, "spa": 85, "spd": 85, "spe": 85}, "ivs": {"hp": 31, "atk": 31, "def": 31, "spa": 31, "spd": 31, "spe": 31}, "item": "Heavy-Duty Boots", "teraType": "Ghost", "role": "Fast Support", "bvs": {"hp": 70, "atk": 95, "def": 65, "spa": 85, "spd": 65, "spe": 121}, "stats": {"hp": 252, "atk": 205, "def": 156, "spa": 189, "spd": 156, "spe": 249}, "types": ["Dragon", "Normal"]}, "Florges": {"name": "Florges", "species": "Florges-Yellow", "speciesId": "florges", "gender": "F", "shiny": false, "level": 85, "moves": ["wish", "protect", "calmmind", "moonblast"], "ability": "Flower Veil", "evs": {"hp": 85, "atk": 0, "def": 85, "spa": 85, "spd": 85, "spe": 85}, "ivs": {"hp": 31, "atk": 0, "def": 31, "spa": 31, "spd": 31, "spe": 31}, "item": "Leftovers", "teraType": "Steel", "role": "Bulky Setup", "bvs": {"hp": 78, "atk": 65, "def": 68, "spa": 112, "spd": 154, "spe": 75}, "stats": {"hp": 271, "atk": 115, "def": 164, "spa": 239, "spd": 311, "spe": 176}, "types": ["Fairy"]}, "Polteageist": {"name": "Polteageist", "species": "Polteageist-Antique", "speciesId": "polteageist", "gender": "N", "shiny": false, "level": 78, "moves": ["shellsmash", "strengthsap", "storedpower", "shadowball"], "ability": "Cursed Body", "evs": {"hp": 85, "atk": 0, "def": 85, "spa": 85, "spd": 85, "spe": 85}, "ivs": {"hp": 31, "atk": 0, "def": 31, "spa": 31, "spd": 31, "spe": 31}, "item": "White Herb", "teraType": "Psychic", "role": "Setup Sweeper", "bvs": {"hp": 60, "atk": 65, "def": 65, "spa": 134, "spd": 114, "spe": 70}, "stats": {"hp": 222, "atk": 106, "def": 146, "spa": 254, "spd": 223, "spe": 154}, "types": ["Ghost"]}, "Pachirisu": {"name": "Pachirisu", "species": "Pachirisu", "speciesId": "pachirisu", "gender": "M", "shiny": false, "level": 96, "moves": ["uturn", "encore", "superfang", "discharge"], "ability": "Volt Absorb", "evs": {"hp": 85, "atk": 85, "def": 85, "spa": 85, "spd": 85, "spe": 85}, "ivs": {"hp": 31, "atk": 31, "def": 31, "spa": 31, "spd": 31, "spe": 31}, "item": "Heavy-Duty Boots", "teraType": "Flying", "role": "Fast Support", "bvs": {"hp": 60, "atk": 45, "def": 70, "spa": 45, "spd": 90, "spe": 95}, "stats": {"hp": 271, "atk": 141, "def": 189, "spa": 141, "spd": 227, "spe": 237}, "types": ["Electric"]}, "Minun": {"name": "Minun", "species": "Minun", "speciesId": "minun", "gender": "F", "shiny": false, "level": 95, "moves": ["alluringvoice", "thunderbolt", "nastyplot", "grassknot"], "ability": "Volt Absorb", "evs": {"hp": 85, "atk": 0, "def": 85, "spa": 85, "spd": 85, "spe": 85}, "ivs": {"hp": 31, "atk": 0, "def": 31, "spa": 31, "spd": 31, "spe": 31}, "item": "Life Orb", "teraType": "Electric", "role": "Setup Sweeper", "bvs": {"hp": 60, "atk": 40, "def": 50, "spa": 75, "spd": 85, "spe": 95}, "stats": {"hp": 268, "atk": 81, "def": 149, "spa": 196, "spd": 215, "spe": 234}, "types": ["Electric"]}}, {"Palossand": {"name": "Palossand", "species": "Palossand", "speciesId": "palossand", "gender": "M", "shiny": false, "level": 89, "moves": ["shadowball", "shoreup", "sludgebomb", "earthpower"], "ability": "Water Compaction", "evs": {"hp": 85, "atk": 0, "def": 85, "spa": 85, "spd": 85, "spe": 85}, "ivs": {"hp": 31, "atk": 0, "def": 31, "spa": 31, "spd": 31, "spe": 31}, "item": "Leftovers", "teraType": "Poison", "role": "Bulky Support", "bvs": {"hp": 85, "atk": 75, "def": 110, "spa": 100, "spd": 75, "spe": 35}, "stats": {"hp": 296, "atk": 138, "def": 247, "spa": 229, "spd": 184, "spe": 113}, "types": ["Ghost", "Ground"]}, "Persian": {"name": "Persian", "species": "Persian-Alola", "speciesId": "persianalola", "gender": "M", "shiny": false, "level": 86, "moves": ["partingshot", "thunderwave", "foulplay", "taunt"], "ability": "Fur Coat", "evs": {"hp": 85, "atk": 0, "def": 85, "spa": 85, "spd": 85, "spe": 85}, "ivs": {"hp": 31, "atk": 0, "def": 31, "spa": 31, "spd": 31, "spe": 31}, "item": "Heavy-Duty Boots", "teraType": "Poison", "role": "Fast Support", "bvs": {"hp": 65, "atk": 60, "def": 60, "spa": 75, "spd": 65, "spe": 115}, "stats": {"hp": 252, "atk": 108, "def": 152, "spa": 178, "spd": 161, "spe": 247}, "types": ["Dark"]}, "Leavanny": {"name": "Leavanny", "species": "Leavanny", "speciesId": "leavanny", "gender": "M", "shiny": false, "level": 86, "moves": ["knockoff", "stickyweb", "leafblade", "lunge"], "ability": "Swarm", "evs": {"hp": 85, "atk": 85, "def": 85, "spa": 85, "spd": 85, "spe": 85}, "ivs": {"hp": 31, "atk": 31, "def": 31, "spa": 31, "spd": 31, "spe": 31}, "item": "Heavy-Duty Boots", "teraType": "Ghost", "role": "Fast Support", "bvs": {"hp": 75, "atk": 103, "def": 80, "spa": 70, "spd": 80, "spe": 92}, "stats": {"hp": 269, "atk": 226, "def": 187, "spa": 170, "spd": 187, "spe": 207}, "types": ["Bug", "Grass"]}, "Iron Bundle": {"name": "Iron Bundle", "species": "Iron Bundle", "speciesId": "ironbundle", "gender": "N", "shiny": false, "level": 78, "moves": ["encore", "freezedry", "icebeam", "hydropump"], "ability": "Quark Drive", "evs": {"hp": 85, "atk": 0, "def": 85, "spa": 85, "spd": 85, "spe": 85}, "ivs": {"hp": 31, "atk": 0, "def": 31, "spa": 31, "spd": 31, "spe": 31}, "item": "Heavy-Duty Boots", "teraType": "Ice", "role": "Fast Attacker", "bvs": {"hp": 56, "atk": 80, "def": 114, "spa": 124, "spd": 60, "spe": 136}, "stats": {"hp": 215, "atk": 129, "def": 223, "spa": 239, "spd": 139, "spe": 257}, "types": ["Ice", "Water"]}, "Tauros": {"name": "Tauros", "species": "Tauros-Paldea-Blaze", "speciesId": "taurospaldeablaze", "gender": "M", "shiny": false, "level": 81, "moves": ["stoneedge", "wildcharge", "flareblitz", "closecombat"], "ability": "Intimidate", "evs": {"hp": 85, "atk": 85, "def": 85, "spa": 85, "spd": 85, "spe": 85}, "ivs": {"hp": 31, "atk": 31, "def": 31, "spa": 31, "spd": 31, "spe": 31}, "item": "Choice Band", "teraType": "Fighting", "role": "Wallbreaker", "bvs": {"hp": 75, "atk": 110, "def": 105, "spa": 30, "spd": 70, "spe": 100}, "stats": {"hp": 254, "atk": 225, "def": 217, "spa": 95, "spd": 160, "spe": 209}, "types": ["Fighting", "Fire"]}, "Delibird": {"name": "Delibird", "species": "Delibird", "speciesId": "delibird", "gender": "F", "shiny": false, "level": 100, "moves": ["iceshard", "spikes", "bravebird", "icespinner"], "ability": "Hustle", "evs": {"hp": 85, "atk": 85, "def": 85, "spa": 85, "spd": 85, "spe": 85}, "ivs": {"hp": 31, "atk": 31, "def": 31, "spa": 31, "spd": 31, "spe": 31}, "item": "Heavy-Duty Boots", "teraType": "Ice", "role": "Fast Attacker", "bvs": {"hp": 45, "atk": 55, "def": 45, "spa": 65, "spd": 45, "spe": 75}, "stats": {"hp": 252, "atk": 167, "def": 147, "spa": 187, "spd": 147, "spe": 207}, "types": ["Ice", "Flying"]}}]}