{"id": "gen9randombattle-2641090282", "format": "[Gen 9] Random Battle", "players": ["sanfrancanfran", "Lil z and co"], "log": "|j|\u203dsanfrancanfran\n|j|\u2606Lil z and co\n|t:|1782739015\n|gametype|singles\n|player|p1|sanfrancanfran|169|2055\n|player|p2|Lil z and co|169|1961\n|gen|9\n|tier|[Gen 9] Random Battle\n|rated|\n|rule|Species Clause: Limit one of each Pok\u00e9mon\n|rule|HP Percentage Mod: HP is shown in percentages\n|rule|Sleep Clause Mod: Limit one foe put to sleep\n|rule|Illusion Level Mod: Illusion disguises the Pok\u00e9mon's true level\n|\n|t:|1782739015\n|teamsize|p1|6\n|teamsize|p2|6\n|start\n|switch|p1a: Victreebel|Victreebel, L90, M|290/290\n|switch|p2a: Golem|Golem, L87, F|281/281\n|turn|1\n|inactive|Battle timer is ON: inactive players will automatically lose when time's up. (requested by Lil z and co)\n|\n|t:|1782739042\n|switch|p2a: Gyarados|Gyarados, L79, F|280/280\n|-ability|p2a: Gyarados|Intimidate|boost\n|-unboost|p1a: Victreebel|atk|1\n|move|p1a: Victreebel|Sludge Wave|p2a: Gyarados\n|-damage|p2a: Gyarados|128/280\n|-damage|p1a: Victreebel|261/290|[from] item: Life Orb\n|\n|upkeep\n|turn|2\n|l|\u203dsanfrancanfran\n|inactive|sanfrancanfran disconnected and has a minute to reconnect!\n|player|p1|\n|j|\u203dsanfrancanfran\n|inactive|sanfrancanfran reconnected and has 130 seconds left.\n|player|p1|sanfrancanfran|169|\n|n|\u203dsanfrancanfran|sanfrancanfran\n|\n|t:|1782739067\n|move|p1a: Victreebel|Sludge Wave|p2a: Gyarados\n|-damage|p2a: Gyarados|0 fnt\n|faint|p2a: Gyarados\n|-damage|p1a: Victreebel|232/290|[from] item: Life Orb\n|\n|upkeep\n|\n|t:|1782739072\n|switch|p2a: Registeel|Registeel, L81|262/262\n|turn|3\n|\n|t:|1782739081\n|switch|p1a: Phione|Phione, L91|293/293\n|move|p2a: Registeel|Iron Defense|p2a: Registeel\n|-boost|p2a: Registeel|def|2\n|\n|upkeep\n|turn|4\n|\n|t:|1782739086\n|move|p1a: Phione|Scald|p2a: Registeel\n|-damage|p2a: Registeel|204/262\n|move|p2a: Registeel|Iron Defense|p2a: Registeel\n|-boost|p2a: Registeel|def|2\n|\n|upkeep\n|turn|5\n|\n|t:|1782739090\n|move|p1a: Phione|Scald|p2a: Registeel\n|-damage|p2a: Registeel|149/262\n|move|p2a: Registeel|Iron Defense|p2a: Registeel\n|-boost|p2a: Registeel|def|2\n|\n|upkeep\n|turn|6\n|\n|t:|1782739095\n|move|p1a: Phione|Scald|p2a: Registeel\n|-damage|p2a: Registeel|89/262\n|move|p2a: Registeel|Rest|p2a: Registeel\n|-status|p2a: Registeel|slp|[from] move: Rest\n|-heal|p2a: Registeel|262/262 slp|[silent]\n|-enditem|p2a: Registeel|Chesto Berry|[eat]\n|-curestatus|p2a: Registeel|slp|[msg]\n|\n|upkeep\n|turn|7\n|\n|t:|1782739101\n|move|p1a: Phione|Scald|p2a: Registeel\n|-damage|p2a: Registeel|202/262\n|move|p2a: Registeel|Body Press|p1a: Phione\n|-damage|p1a: Phione|17/293\n|\n|-heal|p1a: Phione|35/293|[from] item: Leftovers\n|upkeep\n|turn|8\n|\n|t:|1782739107\n|move|p1a: Phione|Scald|p2a: Registeel\n|-damage|p2a: Registeel|138/262\n|move|p2a: Registeel|Body Press|p1a: Phione\n|-damage|p1a: Phione|0 fnt\n|faint|p1a: Phione\n|\n|upkeep\n|\n|t:|1782739118\n|switch|p1a: Victreebel|Victreebel, L90, M|232/290\n|turn|9\n|\n|t:|1782739148\n|move|p1a: Victreebel|Sunny Day|p1a: Victreebel\n|-weather|SunnyDay\n|move|p2a: Registeel|Body Press|p1a: Victreebel\n|-resisted|p1a: Victreebel\n|-damage|p1a: Victreebel|53/290\n|\n|-weather|SunnyDay|[upkeep]\n|upkeep\n|turn|10\n|inactive|Lil z and co has 120 seconds left.\n|\n|t:|1782739164\n|move|p1a: Victreebel|Weather Ball|p2a: Registeel\n|-supereffective|p2a: Registeel\n|-damage|p2a: Registeel|0 fnt\n|faint|p2a: Registeel\n|-damage|p1a: Victreebel|24/290|[from] item: Life Orb\n|\n|-weather|SunnyDay|[upkeep]\n|upkeep\n|inactive|Lil z and co has 120 seconds left.\n|\n|t:|1782739169\n|switch|p2a: Golem|Golem, L87, F|281/281\n|turn|11\n|\n|t:|1782739174\n|move|p1a: Victreebel|Weather Ball|p2a: Golem\n|-resisted|p2a: Golem\n|-damage|p2a: Golem|187/281\n|-damage|p1a: Victreebel|0 fnt|[from] item: Life Orb\n|faint|p1a: Victreebel\n|move|p2a: Golem|Rock Polish|p2a: Golem\n|-boost|p2a: Golem|spe|2\n|\n|-weather|SunnyDay|[upkeep]\n|upkeep\n|\n|t:|1782739192\n|switch|p1a: Polteageist|Polteageist, L78|222/222\n|turn|12\n|inactive|Lil z and co has 120 seconds left.\n|inactive|Lil z and co has 90 seconds left.\n|\n|t:|1782739247\n|move|p2a: Golem|Stone Edge|p1a: Polteageist\n|-damage|p1a: Polteageist|32/222\n|move|p1a: Polteageist|Shell Smash|p1a: Polteageist\n|-unboost|p1a: Polteageist|def|1\n|-unboost|p1a: Polteageist|spd|1\n|-boost|p1a: Polteageist|atk|2\n|-boost|p1a: Polteageist|spa|2\n|-boost|p1a: Polteageist|spe|2\n|-enditem|p1a: Polteageist|White Herb\n|-clearnegativeboost|p1a: Polteageist|[silent]\n|\n|-weather|SunnyDay|[upkeep]\n|upkeep\n|turn|13\n|\n|t:|1782739257\n|move|p1a: Polteageist|Strength Sap|p2a: Golem\n|-unboost|p2a: Golem|atk|1\n|-heal|p1a: Polteageist|222/222\n|move|p2a: Golem|Earthquake|p1a: Polteageist\n|-damage|p1a: Polteageist|101/222\n|\n|-weather|none\n|upkeep\n|turn|14\n|\n|t:|1782739267\n|move|p1a: Polteageist|Shadow Ball|p2a: Golem\n|-damage|p2a: Golem|0 fnt\n|faint|p2a: Golem\n|\n|upkeep\n|\n|t:|1782739274\n|switch|p2a: Palafin|Palafin, L77, M|281/281\n|turn|15\n|\n|t:|1782739278\n|detailschange|p2a: Palafin|Palafin-Hero, L77, M\n|switch|p2a: Espeon|Espeon, L84, M|246/246\n|move|p1a: Polteageist|Strength Sap|p2a: Espeon\n|move|p2a: Espeon|Strength Sap|p1a: Polteageist|[from] ability: Magic Bounce\n|-unboost|p1a: Polteageist|atk|1\n|\n|upkeep\n|turn|16\n|\n|t:|1782739294\n|switch|p2a: Palafin|Palafin-Hero, L77, M|281/281\n|-activate|p2a: Palafin|ability: Zero to Hero\n|move|p1a: Polteageist|Shadow Ball|p2a: Palafin\n|-crit|p2a: Palafin\n|-damage|p2a: Palafin|0 fnt\n|faint|p2a: Palafin\n|\n|upkeep\n|\n|t:|1782739308\n|switch|p2a: Minior|Minior-Blue, L79|224/224\n|-formechange|p2a: Minior|Minior-Meteor||[from] ability: Shields Down\n|turn|17\n|\n|t:|1782739320\n|move|p1a: Polteageist|Strength Sap|p2a: Minior\n|-unboost|p2a: Minior|atk|1\n|-heal|p1a: Polteageist|222/222\n|-enditem|p2a: Minior|White Herb\n|-clearnegativeboost|p2a: Minior|[silent]\n|move|p2a: Minior|Shell Smash|p2a: Minior\n|-unboost|p2a: Minior|def|1\n|-unboost|p2a: Minior|spd|1\n|-boost|p2a: Minior|atk|2\n|-boost|p2a: Minior|spa|2\n|-boost|p2a: Minior|spe|2\n|\n|upkeep\n|turn|18\n|inactive|Lil z and co has 90 seconds left.\n|\n|t:|1782739352\n|move|p1a: Polteageist|Shadow Ball|p2a: Minior\n|-damage|p2a: Minior|0 fnt\n|faint|p2a: Minior\n|\n|upkeep\n|inactive|Lil z and co has 90 seconds left.\n|l|\u2606Lil z and co\n|inactive|Lil z and co disconnected and has a minute to reconnect!\n|player|p2|\n|inactive|Lil z and co has 30 seconds to reconnect!\n|inactive|Lil z and co has 20 seconds to reconnect!\n|inactive|Lil z and co has 15 seconds to reconnect!\n|inactive|Lil z and co has 10 seconds to reconnect!\n|inactive|Lil z and co has 5 seconds to reconnect!\n|-message|Lil z and co lost due to inactivity.\n|\n|win|sanfrancanfran\n", "inputlog": ">version f8ac14003a5f27e1bdc8d8c59608a773c1cb96e5\n>start {\"formatid\":\"gen9randombattle\",\"seed\":\"sodium,92d033965e6224f9c04ab35ac8053ca9\",\"rated\":\"Rated battle\"}\n>player p1 {\"name\":\"sanfrancanfran\",\"avatar\":\"169\",\"rating\":2055,\"seed\":\"sodium,ebdeda0787b4961f370094f40fb2dd69\"}\n>player p2 {\"name\":\"Lil z and co\",\"avatar\":\"169\",\"rating\":1961,\"seed\":\"sodium,f7bbd72ea1773191a4aafbcb188f8664\"}\n>p1 move sludgewave\n>p2 switch 2\n>p1 move sludgewave\n>p2 move earthquake\n>p2 switch 6\n>p1 switch 5\n>p2 move irondefense\n>p1 move scald\n>p2 move irondefense\n>p1 move scald\n>p2 move irondefense\n>p1 move scald\n>p2 move rest\n>p1 move scald\n>p2 move bodypress\n>p1 move scald\n>p2 move bodypress\n>p1 switch 5\n>p1 move sunnyday\n>p2 move bodypress\n>p1 move weatherball\n>p2 move bodypress\n>p2 switch 2\n>p1 move weatherball\n>p2 move rockpolish\n>p1 switch 2\n>p1 move shellsmash\n>p2 move stoneedge\n>p1 move strengthsap\n>p2 move earthquake\n>p1 move shadowball\n>p2 move stoneedge\n>p2 switch 4\n>p1 move strengthsap\n>p2 switch 5\n>p1 move shadowball\n>p2 switch 5\n>p2 switch 3\n>p1 move strengthsap\n>p2 move shellsmash\n>p1 move shadowball\n>p2 move acrobatics\n>forcelose p2", "uploadtime": 1782739018, "views": 5, "formatid": "gen9randombattle", "rating": null, "private": 0, "password": null, "player_dets": [{"name": "sanfrancanfran", "avatar": "169", "rating": 2055, "seed": "sodium,ebdeda0787b4961f370094f40fb2dd69"}, {"name": "Lil z and co", "avatar": "169", "rating": 1961, "seed": "sodium,f7bbd72ea1773191a4aafbcb188f8664"}], "teams_full": [{"Victreebel": {"name": "Victreebel", "species": "Victreebel", "speciesId": "victreebel", "gender": "M", "shiny": false, "level": 90, "moves": ["sunnyday", "powerwhip", "weatherball", "sludgewave"], "ability": "Chlorophyll", "evs": {"hp": 85, "atk": 85, "def": 85, "spa": 85, "spd": 85, "spe": 85}, "ivs": {"hp": 31, "atk": 31, "def": 31, "spa": 31, "spd": 31, "spe": 31}, "item": "Life Orb", "teraType": "Fire", "role": "Fast Attacker", "bvs": {"hp": 80, "atk": 105, "def": 65, "spa": 100, "spd": 70, "spe": 70}, "stats": {"hp": 290, "atk": 240, "def": 168, "spa": 231, "spd": 177, "spe": 177}, "types": ["Grass", "Poison"]}, "Polteageist": {"name": "Polteageist", "species": "Polteageist", "speciesId": "polteageist", "gender": "N", "shiny": false, "level": 78, "moves": ["strengthsap", "storedpower", "shellsmash", "shadowball"], "ability": "Cursed Body", "evs": {"hp": 85, "atk": 0, "def": 85, "spa": 85, "spd": 85, "spe": 85}, "ivs": {"hp": 31, "atk": 0, "def": 31, "spa": 31, "spd": 31, "spe": 31}, "item": "White Herb", "teraType": "Dark", "role": "Setup Sweeper", "bvs": {"hp": 60, "atk": 65, "def": 65, "spa": 134, "spd": 114, "spe": 70}, "stats": {"hp": 222, "atk": 106, "def": 146, "spa": 254, "spd": 223, "spe": 154}, "types": ["Ghost"]}, "Dedenne": {"name": "Dedenne", "species": "Dedenne", "speciesId": "dedenne", "gender": "M", "shiny": true, "level": 88, "moves": ["uturn", "nuzzle", "dazzlinggleam", "thunderbolt"], "ability": "Cheek Pouch", "evs": {"hp": 85, "atk": 85, "def": 85, "spa": 85, "spd": 85, "spe": 85}, "ivs": {"hp": 31, "atk": 31, "def": 31, "spa": 31, "spd": 31, "spe": 31}, "item": "Sitrus Berry", "teraType": "Flying", "role": "Fast Support", "bvs": {"hp": 67, "atk": 58, "def": 57, "spa": 81, "spd": 67, "spe": 101}, "stats": {"hp": 261, "atk": 152, "def": 151, "spa": 193, "spd": 168, "spe": 228}, "types": ["Electric", "Fairy"]}, "Urshifu": {"name": "Urshifu", "species": "Urshifu-Rapid-Strike", "speciesId": "urshifurapidstrike", "gender": "F", "shiny": false, "level": 75, "moves": ["swordsdance", "aquajet", "closecombat", "surgingstrikes"], "ability": "Unseen Fist", "evs": {"hp": 85, "atk": 85, "def": 85, "spa": 85, "spd": 85, "spe": 85}, "ivs": {"hp": 31, "atk": 31, "def": 31, "spa": 31, "spd": 31, "spe": 31}, "item": "Life Orb", "teraType": "Water", "role": "Fast Attacker", "bvs": {"hp": 100, "atk": 130, "def": 100, "spa": 63, "spd": 60, "spe": 97}, "stats": {"hp": 274, "atk": 239, "def": 194, "spa": 138, "spd": 134, "spe": 189}, "types": ["Fighting", "Water"]}, "Phione": {"name": "Phione", "species": "Phione", "speciesId": "phione", "gender": "N", "shiny": false, "level": 91, "moves": ["scald", "sleeptalk", "rest", "takeheart"], "ability": "Hydration", "evs": {"hp": 85, "atk": 0, "def": 85, "spa": 85, "spd": 85, "spe": 85}, "ivs": {"hp": 31, "atk": 0, "def": 31, "spa": 31, "spd": 31, "spe": 31}, "item": "Leftovers", "teraType": "Steel", "role": "Bulky Setup", "bvs": {"hp": 80, "atk": 80, "def": 80, "spa": 80, "spd": 80, "spe": 80}, "stats": {"hp": 293, "atk": 150, "def": 197, "spa": 197, "spd": 197, "spe": 197}, "types": ["Water"]}, "Rotom": {"name": "Rotom", "species": "Rotom-Frost", "speciesId": "rotomfrost", "gender": "N", "shiny": false, "level": 87, "moves": ["voltswitch", "willowisp", "blizzard", "thunderbolt"], "ability": "Levitate", "evs": {"hp": 85, "atk": 0, "def": 85, "spa": 85, "spd": 85, "spe": 85}, "ivs": {"hp": 31, "atk": 0, "def": 31, "spa": 31, "spd": 31, "spe": 31}, "item": "Heavy-Duty Boots", "teraType": "Electric", "role": "Fast Attacker", "bvs": {"hp": 50, "atk": 65, "def": 107, "spa": 105, "spd": 107, "spe": 86}, "stats": {"hp": 229, "atk": 118, "def": 236, "spa": 232, "spd": 236, "spe": 199}, "types": ["Electric", "Ice"]}}, {"Golem": {"name": "Golem", "species": "Golem", "speciesId": "golem", "gender": "F", "shiny": false, "level": 87, "moves": ["stoneedge", "earthquake", "rockpolish", "explosion"], "ability": "Sturdy", "evs": {"hp": 85, "atk": 85, "def": 85, "spa": 85, "spd": 85, "spe": 85}, "ivs": {"hp": 31, "atk": 31, "def": 31, "spa": 31, "spd": 31, "spe": 31}, "item": "Weakness Policy", "teraType": "Grass", "role": "Bulky Attacker", "bvs": {"hp": 80, "atk": 120, "def": 130, "spa": 55, "spd": 65, "spe": 45}, "stats": {"hp": 281, "atk": 259, "def": 276, "spa": 145, "spd": 163, "spe": 128}, "types": ["Rock", "Ground"]}, "Gyarados": {"name": "Gyarados", "species": "Gyarados", "speciesId": "gyarados", "gender": "F", "shiny": false, "level": 79, "moves": ["waterfall", "terablast", "dragondance", "earthquake"], "ability": "Intimidate", "evs": {"hp": 85, "atk": 85, "def": 85, "spa": 85, "spd": 85, "spe": 85}, "ivs": {"hp": 31, "atk": 31, "def": 31, "spa": 31, "spd": 31, "spe": 31}, "item": "Heavy-Duty Boots", "teraType": "Flying", "role": "Tera Blast user", "bvs": {"hp": 95, "atk": 125, "def": 79, "spa": 60, "spd": 100, "spe": 81}, "stats": {"hp": 280, "atk": 243, "def": 170, "spa": 140, "spd": 204, "spe": 174}, "types": ["Water", "Flying"]}, "Minior": {"name": "Minior", "species": "Minior-Blue", "speciesId": "minior", "gender": "N", "shiny": false, "level": 79, "moves": ["acrobatics", "earthquake", "shellsmash", "powergem"], "ability": "Shields Down", "evs": {"hp": 85, "atk": 85, "def": 85, "spa": 85, "spd": 85, "spe": 85}, "ivs": {"hp": 31, "atk": 31, "def": 31, "spa": 31, "spd": 31, "spe": 31}, "item": "White Herb", "teraType": "Water", "role": "Setup Sweeper", "bvs": {"hp": 60, "atk": 100, "def": 60, "spa": 100, "spd": 60, "spe": 120}, "stats": {"hp": 224, "atk": 204, "def": 140, "spa": 204, "spd": 140, "spe": 235}, "types": ["Rock", "Flying"]}, "Palafin": {"name": "Palafin", "species": "Palafin", "speciesId": "palafin", "gender": "M", "shiny": false, "level": 77, "moves": ["icepunch", "drainpunch", "bulkup", "jetpunch"], "ability": "Zero to Hero", "evs": {"hp": 85, "atk": 85, "def": 85, "spa": 85, "spd": 85, "spe": 85}, "ivs": {"hp": 31, "atk": 31, "def": 31, "spa": 31, "spd": 31, "spe": 31}, "item": "Leftovers", "teraType": "Dragon", "role": "Bulky Setup", "bvs": {"hp": 100, "atk": 70, "def": 72, "spa": 53, "spd": 62, "spe": 100}, "stats": {"hp": 281, "atk": 152, "def": 155, "spa": 126, "spd": 140, "spe": 199}, "types": ["Water"]}, "Espeon": {"name": "Espeon", "species": "Espeon", "speciesId": "espeon", "gender": "M", "shiny": false, "level": 84, "moves": ["shadowball", "alluringvoice", "trick", "psychic"], "ability": "Magic Bounce", "evs": {"hp": 85, "atk": 0, "def": 85, "spa": 85, "spd": 85, "spe": 85}, "ivs": {"hp": 31, "atk": 0, "def": 31, "spa": 31, "spd": 31, "spe": 31}, "item": "Choice Specs", "teraType": "Psychic", "role": "Fast Attacker", "bvs": {"hp": 65, "atk": 65, "def": 60, "spa": 130, "spd": 95, "spe": 110}, "stats": {"hp": 246, "atk": 114, "def": 149, "spa": 267, "spd": 208, "spe": 233}, "types": ["Psychic"]}, "Registeel": {"name": "Registeel", "species": "Registeel", "speciesId": "registeel", "gender": "N", "shiny": false, "level": 81, "moves": ["ironhead", "rest", "irondefense", "bodypress"], "ability": "Clear Body", "evs": {"hp": 85, "atk": 85, "def": 85, "spa": 85, "spd": 85, "spe": 85}, "ivs": {"hp": 31, "atk": 31, "def": 31, "spa": 31, "spd": 31, "spe": 31}, "item": "Chesto Berry", "teraType": "Fighting", "role": "Bulky Setup", "bvs": {"hp": 80, "atk": 75, "def": 150, "spa": 75, "spd": 150, "spe": 50}, "stats": {"hp": 262, "atk": 168, "def": 290, "spa": 168, "spd": 290, "spe": 128}, "types": ["Steel"]}}]}