{"id": "gen9randombattle-2641431872", "format": "[Gen 9] Random Battle", "players": ["rtbenja", "toplaneisop"], "log": "|j|\u2606rtbenja\n|j|\u2606toplaneisop\n|t:|1782783854\n|gametype|singles\n|player|p1|rtbenja|grimsley|1989\n|player|p2|toplaneisop|266|2000\n|gen|9\n|tier|[Gen 9] Random Battle\n|rated|\n|rule|Species Clause: Limit one of each Pok\u00e9mon\n|rule|HP Percentage Mod: HP is shown in percentages\n|rule|Sleep Clause Mod: Limit one foe put to sleep\n|rule|Illusion Level Mod: Illusion disguises the Pok\u00e9mon's true level\n|\n|t:|1782783854\n|teamsize|p1|6\n|teamsize|p2|6\n|start\n|switch|p1a: Milotic|Milotic, L83, F|293/293\n|switch|p2a: Mudsdale|Mudsdale, L83, F|302/302\n|turn|1\n|inactive|Battle timer is ON: inactive players will automatically lose when time's up. (requested by rtbenja)\n|\n|t:|1782783861\n|switch|p2a: Lilligant|Lilligant, L86, F|261/261\n|move|p1a: Milotic|Scald|p2a: Lilligant\n|-resisted|p2a: Lilligant\n|-damage|p2a: Lilligant|217/261\n|\n|upkeep\n|turn|2\n|\n|t:|1782783866\n|move|p2a: Lilligant|Sleep Powder|p1a: Milotic\n|-status|p1a: Milotic|slp|[from] move: Sleep Powder\n|cant|p1a: Milotic|slp\n|\n|upkeep\n|turn|3\n|\n|t:|1782783870\n|switch|p1a: Vespiquen|Vespiquen, L99, F|299/299\n|-ability|p1a: Vespiquen|Pressure\n|move|p2a: Lilligant|Quiver Dance|p2a: Lilligant\n|-boost|p2a: Lilligant|spa|1\n|-boost|p2a: Lilligant|spd|1\n|-boost|p2a: Lilligant|spe|1\n|\n|upkeep\n|turn|4\n|\n|t:|1782783874\n|switch|p2a: Forretress|Forretress, L84, F|263/263\n|move|p1a: Vespiquen|Hurricane|p2a: Forretress\n|-damage|p2a: Forretress|79/263\n|\n|-heal|p2a: Forretress|95/263|[from] item: Leftovers\n|upkeep\n|turn|5\n|\n|t:|1782783880\n|move|p1a: Vespiquen|Hurricane|p2a: Forretress|[miss]\n|-miss|p1a: Vespiquen|p2a: Forretress\n|move|p2a: Forretress|Toxic Spikes|p1a: Vespiquen\n|-sidestart|p1: rtbenja|move: Toxic Spikes\n|\n|-heal|p2a: Forretress|111/263|[from] item: Leftovers\n|upkeep\n|turn|6\n|\n|t:|1782783884\n|switch|p2a: Uxie|Uxie, L83|260/260\n|move|p1a: Vespiquen|Hurricane|p2a: Uxie|[miss]\n|-miss|p1a: Vespiquen|p2a: Uxie\n|\n|upkeep\n|turn|7\n|\n|t:|1782783893\n|move|p2a: Uxie|Thunder Wave|p1a: Vespiquen\n|-status|p1a: Vespiquen|par\n|move|p1a: Vespiquen|Toxic|p2a: Uxie\n|-status|p2a: Uxie|tox\n|\n|-damage|p2a: Uxie|244/260 tox|[from] psn\n|upkeep\n|turn|8\n|\n|t:|1782783899\n|move|p2a: Uxie|Encore|p1a: Vespiquen\n|-start|p1a: Vespiquen|Encore\n|move|p1a: Vespiquen|Toxic|p2a: Uxie\n|-fail|p2a: Uxie|tox\n|\n|-heal|p2a: Uxie|260/260 tox|[from] item: Leftovers\n|-damage|p2a: Uxie|228/260 tox|[from] psn\n|upkeep\n|turn|9\n|\n|t:|1782783905\n|switch|p1a: Milotic|Milotic, L83, F|293/293 slp\n|move|p2a: Uxie|Knock Off|p1a: Milotic\n|-damage|p1a: Milotic|235/293 slp\n|-enditem|p1a: Milotic|Leftovers|[from] move: Knock Off|[of] p2a: Uxie\n|\n|-heal|p2a: Uxie|244/260 tox|[from] item: Leftovers\n|-damage|p2a: Uxie|196/260 tox|[from] psn\n|upkeep\n|turn|10\n|\n|t:|1782783913\n|switch|p2a: Ogerpon|Ogerpon-Wellspring, L76, F|247/247\n|switch|p1a: Vespiquen|Vespiquen, L99, F|299/299 par\n|-ability|p1a: Vespiquen|Pressure\n|\n|upkeep\n|turn|11\n|\n|t:|1782783919\n|switch|p2a: Uxie|Uxie, L83|196/260 tox\n|move|p1a: Vespiquen|Hurricane|p2a: Uxie\n|-crit|p2a: Uxie\n|-damage|p2a: Uxie|46/260 tox\n|\n|-heal|p2a: Uxie|62/260 tox|[from] item: Leftovers\n|-damage|p2a: Uxie|46/260 tox|[from] psn\n|upkeep\n|turn|12\n|\n|t:|1782783926\n|move|p2a: Uxie|Psychic Noise|p1a: Vespiquen\n|-damage|p1a: Vespiquen|245/299 par\n|-start|p1a: Vespiquen|move: Heal Block\n|move|p1a: Vespiquen|Hurricane|p2a: Uxie\n|-damage|p2a: Uxie|0 fnt\n|faint|p2a: Uxie\n|\n|upkeep\n|\n|t:|1782783930\n|switch|p2a: Golurk|Golurk, L87|297/297\n|turn|13\n|\n|t:|1782783944\n|switch|p1a: Milotic|Milotic, L83, F|235/293 slp\n|move|p2a: Golurk|Stone Edge|p1a: Milotic\n|-damage|p1a: Milotic|80/293 slp\n|\n|upkeep\n|turn|14\n|\n|t:|1782783958\n|cant|p1a: Milotic|slp\n|move|p2a: Golurk|Stone Edge|p1a: Milotic\n|-crit|p1a: Milotic\n|-damage|p1a: Milotic|0 fnt\n|faint|p1a: Milotic\n|\n|upkeep\n|\n|t:|1782783965\n|switch|p1a: Basculin|Basculin-Blue-Striped, L86, F|261/261\n|-status|p1a: Basculin|psn\n|turn|15\n|\n|t:|1782783971\n|switch|p2a: Ogerpon|Ogerpon-Wellspring, L76, F|247/247\n|move|p1a: Basculin|Double-Edge|p2a: Ogerpon\n|-damage|p2a: Ogerpon|106/247\n|-damage|p1a: Basculin|214/261 psn|[from] Recoil\n|\n|-damage|p1a: Basculin|182/261 psn|[from] psn\n|upkeep\n|turn|16\n|\n|t:|1782783980\n|switch|p1a: Shaymin|Shaymin-Sky, L73|266/266\n|move|p2a: Ogerpon|Swords Dance|p2a: Ogerpon\n|-boost|p2a: Ogerpon|atk|2\n|\n|upkeep\n|turn|17\n|\n|t:|1782783990\n|-terastallize|p2a: Ogerpon|Water\n|detailschange|p2a: Ogerpon|Ogerpon-Wellspring-Tera, L76, F, tera:Water\n|-ability|p2a: Ogerpon|Embody Aspect (Wellspring)|boost\n|-boost|p2a: Ogerpon|spd|1\n|move|p1a: Shaymin|Air Slash|p2a: Ogerpon\n|-damage|p2a: Ogerpon|54/247\n|cant|p2a: Ogerpon|flinch\n|\n|upkeep\n|turn|18\n|-message|toplaneisop forfeited.\n|\n|win|rtbenja\n|raw|rtbenja's rating: 1989 &rarr; <strong>2010</strong><br />(+21 for winning)\n|raw|toplaneisop's rating: 2000 &rarr; <strong>1979</strong><br />(-21 for losing)\n", "inputlog": ">version f8ac14003a5f27e1bdc8d8c59608a773c1cb96e5\n>start {\"formatid\":\"gen9randombattle\",\"seed\":\"sodium,f988a62d53b292ca8b536cc9aa5bd121\",\"rated\":\"Rated battle\"}\n>player p1 {\"name\":\"rtbenja\",\"avatar\":\"grimsley\",\"rating\":1989,\"seed\":\"sodium,2e88a6773d5afe1ddb29b0ef50fdd6d4\"}\n>player p2 {\"name\":\"toplaneisop\",\"avatar\":\"266\",\"rating\":2000,\"seed\":\"sodium,c7f6784a2275997fcefddc259813a40c\"}\n>p1 move scald\n>p2 switch 3\n>p1 move dragontail\n>p2 move sleeppowder\n>p1 switch 2\n>p2 move quiverdance\n>p1 move hurricane\n>p2 switch 6\n>p1 move hurricane\n>p2 move toxicspikes\n>p1 move hurricane\n>p2 switch 5\n>p1 move toxic\n>p2 move thunderwave\n>p1 move hurricane\n>p2 move encore\n>p1 switch 2\n>p2 move knockoff\n>p1 switch 2\n>p2 switch 2\n>p1 move hurricane\n>p2 switch 2\n>p1 move hurricane\n>p2 move psychicnoise\n>p2 switch 4\n>p1 switch 2\n>p2 move stoneedge\n>p1 move scald\n>p2 move stoneedge\n>p1 switch 3\n>p1 move doubleedge\n>p2 switch 2\n>p1 switch 5\n>p2 move swordsdance\n>p1 move airslash\n>p2 move ivycudgel terastallize\n>forcelose p2", "uploadtime": 1782783855, "views": 4, "formatid": "gen9randombattle", "rating": 1979, "private": 0, "password": null, "player_dets": [{"name": "rtbenja", "avatar": "grimsley", "rating": 1989, "seed": "sodium,2e88a6773d5afe1ddb29b0ef50fdd6d4"}, {"name": "toplaneisop", "avatar": "266", "rating": 2000, "seed": "sodium,c7f6784a2275997fcefddc259813a40c"}], "teams_full": [{"Milotic": {"name": "Milotic", "species": "Milotic", "speciesId": "milotic", "gender": "F", "shiny": false, "level": 83, "moves": ["scald", "dragontail", "recover", "icebeam"], "ability": "Competitive", "evs": {"hp": 85, "atk": 85, "def": 85, "spa": 85, "spd": 85, "spe": 85}, "ivs": {"hp": 31, "atk": 31, "def": 31, "spa": 31, "spd": 31, "spe": 31}, "item": "Leftovers", "teraType": "Dragon", "role": "Bulky Attacker", "bvs": {"hp": 95, "atk": 60, "def": 79, "spa": 100, "spd": 125, "spe": 81}, "stats": {"hp": 293, "atk": 147, "def": 179, "spa": 214, "spd": 255, "spe": 182}, "types": ["Water"]}, "Vespiquen": {"name": "Vespiquen", "species": "Vespiquen", "speciesId": "vespiquen", "gender": "F", "shiny": false, "level": 99, "moves": ["spikes", "toxic", "roost", "hurricane"], "ability": "Pressure", "evs": {"hp": 85, "atk": 0, "def": 85, "spa": 85, "spd": 85, "spe": 85}, "ivs": {"hp": 31, "atk": 0, "def": 31, "spa": 31, "spd": 31, "spe": 31}, "item": "Heavy-Duty Boots", "teraType": "Steel", "role": "Bulky Support", "bvs": {"hp": 70, "atk": 80, "def": 102, "spa": 80, "spd": 102, "spe": 40}, "stats": {"hp": 299, "atk": 163, "def": 258, "spa": 214, "spd": 258, "spe": 135}, "types": ["Bug", "Flying"]}, "Basculin": {"name": "Basculin", "species": "Basculin-Blue-Striped", "speciesId": "basculin", "gender": "F", "shiny": false, "level": 86, "moves": ["wavecrash", "aquajet", "flipturn", "doubleedge"], "ability": "Adaptability", "evs": {"hp": 85, "atk": 85, "def": 85, "spa": 85, "spd": 85, "spe": 85}, "ivs": {"hp": 31, "atk": 31, "def": 31, "spa": 31, "spd": 31, "spe": 31}, "item": "Choice Band", "teraType": "Water", "role": "Wallbreaker", "bvs": {"hp": 70, "atk": 92, "def": 65, "spa": 80, "spd": 55, "spe": 98}, "stats": {"hp": 261, "atk": 207, "def": 161, "spa": 187, "spd": 144, "spe": 218}, "types": ["Water"]}, "Girafarig": {"name": "Girafarig", "species": "Girafarig", "speciesId": "girafarig", "gender": "M", "shiny": false, "level": 89, "moves": ["hypervoice", "psyshock", "nastyplot", "thunderbolt"], "ability": "Sap Sipper", "evs": {"hp": 85, "atk": 0, "def": 85, "spa": 85, "spd": 85, "spe": 85}, "ivs": {"hp": 31, "atk": 0, "def": 31, "spa": 31, "spd": 31, "spe": 31}, "item": "Eviolite", "teraType": "Electric", "role": "Fast Bulky Setup", "bvs": {"hp": 70, "atk": 80, "def": 65, "spa": 90, "spd": 65, "spe": 85}, "stats": {"hp": 269, "atk": 147, "def": 166, "spa": 211, "spd": 166, "spe": 202}, "types": ["Normal", "Psychic"]}, "Shaymin": {"name": "Shaymin", "species": "Shaymin-Sky", "speciesId": "shayminsky", "gender": "N", "shiny": false, "level": 73, "moves": ["seedflare", "earthpower", "synthesis", "airslash"], "ability": "Serene Grace", "evs": {"hp": 85, "atk": 0, "def": 85, "spa": 85, "spd": 85, "spe": 85}, "ivs": {"hp": 31, "atk": 0, "def": 31, "spa": 31, "spd": 31, "spe": 31}, "item": "Heavy-Duty Boots", "teraType": "Steel", "role": "Bulky Attacker", "bvs": {"hp": 100, "atk": 103, "def": 75, "spa": 120, "spd": 75, "spe": 127}, "stats": {"hp": 266, "atk": 155, "def": 152, "spa": 218, "spd": 152, "spe": 228}, "types": ["Grass", "Flying"]}, "Mesprit": {"name": "Mesprit", "species": "Mesprit", "speciesId": "mesprit", "gender": "N", "shiny": false, "level": 85, "moves": ["thunderwave", "knockoff", "stealthrock", "psychicnoise"], "ability": "Levitate", "evs": {"hp": 85, "atk": 85, "def": 85, "spa": 85, "spd": 85, "spe": 85}, "ivs": {"hp": 31, "atk": 31, "def": 31, "spa": 31, "spd": 31, "spe": 31}, "item": "Leftovers", "teraType": "Dark", "role": "Bulky Support", "bvs": {"hp": 80, "atk": 105, "def": 105, "spa": 105, "spd": 105, "spe": 80}, "stats": {"hp": 275, "atk": 227, "def": 227, "spa": 227, "spd": 227, "spe": 185}, "types": ["Psychic"]}}, {"Mudsdale": {"name": "Mudsdale", "species": "Mudsdale", "speciesId": "mudsdale", "gender": "F", "shiny": false, "level": 83, "moves": ["stealthrock", "earthquake", "heavyslam", "roar"], "ability": "Stamina", "evs": {"hp": 85, "atk": 85, "def": 85, "spa": 85, "spd": 85, "spe": 85}, "ivs": {"hp": 31, "atk": 31, "def": 31, "spa": 31, "spd": 31, "spe": 31}, "item": "Leftovers", "teraType": "Steel", "role": "Bulky Attacker", "bvs": {"hp": 100, "atk": 125, "def": 100, "spa": 55, "spd": 85, "spe": 35}, "stats": {"hp": 302, "atk": 255, "def": 214, "spa": 139, "spd": 189, "spe": 106}, "types": ["Ground"]}, "Ogerpon": {"name": "Ogerpon", "species": "Ogerpon-Wellspring", "speciesId": "ogerponwellspring", "gender": "F", "shiny": false, "level": 76, "moves": ["swordsdance", "hornleech", "ivycudgel", "playrough"], "ability": "Water Absorb", "evs": {"hp": 85, "atk": 85, "def": 85, "spa": 85, "spd": 85, "spe": 85}, "ivs": {"hp": 31, "atk": 31, "def": 31, "spa": 31, "spd": 31, "spe": 31}, "item": "Wellspring Mask", "teraType": "Water", "role": "Setup Sweeper", "bvs": {"hp": 80, "atk": 120, "def": 84, "spa": 60, "spd": 96, "spe": 110}, "stats": {"hp": 247, "atk": 226, "def": 172, "spa": 135, "spd": 190, "spe": 211}, "types": ["Grass", "Water"]}, "Lilligant": {"name": "Lilligant", "species": "Lilligant", "speciesId": "lilligant", "gender": "F", "shiny": false, "level": 86, "moves": ["gigadrain", "terablast", "quiverdance", "sleeppowder"], "ability": "Chlorophyll", "evs": {"hp": 85, "atk": 0, "def": 85, "spa": 85, "spd": 85, "spe": 85}, "ivs": {"hp": 31, "atk": 0, "def": 31, "spa": 31, "spd": 31, "spe": 31}, "item": "Life Orb", "teraType": "Fire", "role": "Tera Blast user", "bvs": {"hp": 70, "atk": 60, "def": 75, "spa": 110, "spd": 75, "spe": 90}, "stats": {"hp": 261, "atk": 108, "def": 178, "spa": 238, "spd": 178, "spe": 204}, "types": ["Grass"]}, "Golurk": {"name": "Golurk", "species": "Golurk", "speciesId": "golurk", "gender": "N", "shiny": false, "level": 87, "moves": ["earthquake", "stoneedge", "dynamicpunch", "poltergeist"], "ability": "No Guard", "evs": {"hp": 85, "atk": 85, "def": 85, "spa": 85, "spd": 85, "spe": 85}, "ivs": {"hp": 31, "atk": 31, "def": 31, "spa": 31, "spd": 31, "spe": 31}, "item": "Choice Band", "teraType": "Fighting", "role": "Wallbreaker", "bvs": {"hp": 89, "atk": 124, "def": 80, "spa": 55, "spd": 80, "spe": 55}, "stats": {"hp": 297, "atk": 266, "def": 189, "spa": 145, "spd": 189, "spe": 145}, "types": ["Ground", "Ghost"]}, "Uxie": {"name": "Uxie", "species": "Uxie", "speciesId": "uxie", "gender": "N", "shiny": false, "level": 83, "moves": ["encore", "psychicnoise", "thunderwave", "knockoff"], "ability": "Levitate", "evs": {"hp": 85, "atk": 85, "def": 85, "spa": 85, "spd": 85, "spe": 85}, "ivs": {"hp": 31, "atk": 31, "def": 31, "spa": 31, "spd": 31, "spe": 31}, "item": "Leftovers", "teraType": "Steel", "role": "Bulky Support", "bvs": {"hp": 75, "atk": 75, "def": 130, "spa": 75, "spd": 130, "spe": 95}, "stats": {"hp": 260, "atk": 172, "def": 263, "spa": 172, "spd": 263, "spe": 205}, "types": ["Psychic"]}, "Forretress": {"name": "Forretress", "species": "Forretress", "speciesId": "forretress", "gender": "F", "shiny": false, "level": 84, "moves": ["voltswitch", "rapidspin", "toxicspikes", "ironhead"], "ability": "Sturdy", "evs": {"hp": 85, "atk": 85, "def": 85, "spa": 85, "spd": 85, "spe": 85}, "ivs": {"hp": 31, "atk": 31, "def": 31, "spa": 31, "spd": 31, "spe": 31}, "item": "Leftovers", "teraType": "Water", "role": "Bulky Support", "bvs": {"hp": 75, "atk": 90, "def": 140, "spa": 60, "spd": 60, "spe": 40}, "stats": {"hp": 263, "atk": 199, "def": 283, "spa": 149, "spd": 149, "spe": 115}, "types": ["Bug", "Steel"]}}]}