{"id": "gen9randombattle-2641544700", "format": "[Gen 9] Random Battle", "players": ["lord ambatukaam", "ohohiwantmore"], "log": "|j|\u2606lord ambatukaam\n|j|\u2606ohohiwantmore\n|t:|1782804804\n|gametype|singles\n|player|p1|lord ambatukaam|li|2160\n|player|p2|ohohiwantmore|169|2266\n|gen|9\n|tier|[Gen 9] Random Battle\n|rated|\n|rule|Species Clause: Limit one of each Pok\u00e9mon\n|rule|HP Percentage Mod: HP is shown in percentages\n|rule|Sleep Clause Mod: Limit one foe put to sleep\n|rule|Illusion Level Mod: Illusion disguises the Pok\u00e9mon's true level\n|\n|t:|1782804804\n|teamsize|p1|6\n|teamsize|p2|6\n|start\n|switch|p1a: Salazzle|Salazzle, L83, F|249/249\n|switch|p2a: Cobalion|Cobalion, L80|277/277\n|turn|1\n|inactive|Battle timer is ON: inactive players will automatically lose when time's up. (requested by ohohiwantmore)\n|inactive|lord ambatukaam also wants the timer to be on.\n|\n|t:|1782804813\n|move|p1a: Salazzle|Substitute|p1a: Salazzle\n|-start|p1a: Salazzle|Substitute\n|-damage|p1a: Salazzle|187/249\n|move|p2a: Cobalion|Stone Edge|p1a: Salazzle\n|-supereffective|p1a: Salazzle\n|-end|p1a: Salazzle|Substitute\n|-damage|p2a: Cobalion|250/277|[from] item: Life Orb\n|\n|-heal|p1a: Salazzle|202/249|[from] item: Leftovers\n|upkeep\n|turn|2\n|\n|t:|1782804827\n|move|p1a: Salazzle|Substitute|p1a: Salazzle\n|-start|p1a: Salazzle|Substitute\n|-damage|p1a: Salazzle|140/249\n|move|p2a: Cobalion|Stone Edge|p1a: Salazzle\n|-supereffective|p1a: Salazzle\n|-end|p1a: Salazzle|Substitute\n|-damage|p2a: Cobalion|223/277|[from] item: Life Orb\n|\n|-heal|p1a: Salazzle|155/249|[from] item: Leftovers\n|upkeep\n|turn|3\n|\n|t:|1782804832\n|move|p1a: Salazzle|Protect|p1a: Salazzle\n|-singleturn|p1a: Salazzle|Protect\n|move|p2a: Cobalion|Iron Head|p1a: Salazzle\n|-activate|p1a: Salazzle|move: Protect\n|\n|-heal|p1a: Salazzle|170/249|[from] item: Leftovers\n|upkeep\n|turn|4\n|\n|t:|1782804840\n|move|p1a: Salazzle|Flamethrower|p2a: Cobalion\n|-supereffective|p2a: Cobalion\n|-damage|p2a: Cobalion|0 fnt\n|faint|p2a: Cobalion\n|\n|-heal|p1a: Salazzle|185/249|[from] item: Leftovers\n|upkeep\n|\n|t:|1782804845\n|switch|p2a: Azelf|Azelf, L82|257/257\n|turn|5\n|\n|t:|1782804869\n|switch|p1a: Cyclizar|Cyclizar, L83, F|252/252\n|move|p2a: Azelf|Psychic|p1a: Cyclizar\n|-damage|p1a: Cyclizar|120/252\n|\n|upkeep\n|turn|6\n|\n|t:|1782804891\n|switch|p1a: Cryogonal|Cryogonal, L89|287/287\n|switch|p2a: Iron Hands|Iron Hands, L79|373/373\n|\n|upkeep\n|turn|7\n|\n|t:|1782804899\n|switch|p1a: Munkidori|Munkidori, L79, M|269/269\n|move|p2a: Iron Hands|Drain Punch|p1a: Munkidori\n|-resisted|p1a: Munkidori\n|-damage|p1a: Munkidori|240/269\n|\n|upkeep\n|turn|8\n|\n|t:|1782804904\n|-end|p2a: Iron Hands|Quark Drive|[silent]\n|switch|p2a: Corviknight|Corviknight, L80, F|288/288\n|move|p1a: Munkidori|Sludge Wave|p2a: Corviknight\n|-immune|p2a: Corviknight\n|\n|upkeep\n|turn|9\n|\n|t:|1782804912\n|move|p1a: Munkidori|Nasty Plot|p1a: Munkidori\n|-boost|p1a: Munkidori|spa|2\n|move|p2a: Corviknight|Brave Bird|p1a: Munkidori\n|-damage|p1a: Munkidori|101/269\n|-damage|p2a: Corviknight|242/288|[from] Recoil\n|\n|-heal|p2a: Corviknight|260/288|[from] item: Leftovers\n|upkeep\n|turn|10\n|\n|t:|1782804918\n|move|p1a: Munkidori|Focus Blast|p2a: Corviknight\n|-damage|p2a: Corviknight|0 fnt\n|faint|p2a: Corviknight\n|-damage|p1a: Munkidori|75/269|[from] item: Life Orb\n|\n|upkeep\n|\n|t:|1782804925\n|switch|p2a: Barraskewda|Barraskewda, L81, M|231/231\n|turn|11\n|\n|t:|1782804929\n|move|p2a: Barraskewda|Flip Turn|p1a: Munkidori\n|-damage|p1a: Munkidori|0 fnt\n|faint|p1a: Munkidori\n|\n|t:|1782804936\n|switch|p2a: Iron Hands|Iron Hands, L79|373/373|[from] Flip Turn\n|\n|upkeep\n|\n|t:|1782804951\n|switch|p1a: Leafeon|Leafeon, L88, F|258/258\n|turn|12\n|\n|t:|1782804956\n|move|p1a: Leafeon|Swords Dance|p1a: Leafeon\n|-boost|p1a: Leafeon|atk|2\n|move|p2a: Iron Hands|Ice Punch|p1a: Leafeon\n|-supereffective|p1a: Leafeon\n|-damage|p1a: Leafeon|164/258\n|\n|upkeep\n|turn|13\n|\n|t:|1782804972\n|-end|p2a: Iron Hands|Quark Drive|[silent]\n|switch|p2a: Flapple|Flapple, L88, M|266/266\n|move|p1a: Leafeon|Leaf Blade|p2a: Flapple\n|-resisted|p2a: Flapple\n|-crit|p2a: Flapple\n|-damage|p2a: Flapple|159/266\n|-damage|p1a: Leafeon|139/258|[from] item: Life Orb\n|\n|upkeep\n|turn|14\n|\n|t:|1782804977\n|move|p1a: Leafeon|Knock Off|p2a: Flapple\n|-damage|p2a: Flapple|0 fnt\n|-enditem|p2a: Flapple|Lum Berry|[from] move: Knock Off|[of] p1a: Leafeon\n|faint|p2a: Flapple\n|-damage|p1a: Leafeon|114/258|[from] item: Life Orb\n|\n|upkeep\n|\n|t:|1782804979\n|switch|p2a: Azelf|Azelf, L82|257/257\n|turn|15\n|\n|t:|1782804986\n|switch|p1a: Cryogonal|Cryogonal, L89|287/287\n|move|p2a: Azelf|Psychic|p1a: Cryogonal\n|-damage|p1a: Cryogonal|218/287\n|-unboost|p1a: Cryogonal|spd|1\n|\n|upkeep\n|turn|16\n|\n|t:|1782804993\n|switch|p1a: Cyclizar|Cyclizar, L83, F|204/252\n|move|p2a: Azelf|Fire Blast|p1a: Cyclizar\n|-resisted|p1a: Cyclizar\n|-damage|p1a: Cyclizar|144/252\n|\n|upkeep\n|turn|17\n|\n|t:|1782805002\n|move|p1a: Cyclizar|Shed Tail|p1a: Cyclizar\n|-start|p1a: Cyclizar|Substitute|[from] move: Shed Tail\n|-damage|p1a: Cyclizar|18/252\n|\n|t:|1782805006\n|switch|p1a: Dodrio|Dodrio, L85, M|241/241|[from] Shed Tail\n|move|p2a: Azelf|Psychic|p1a: Dodrio\n|-end|p1a: Dodrio|Substitute\n|\n|upkeep\n|turn|18\n|\n|t:|1782805024\n|-terastallize|p1a: Dodrio|Normal\n|move|p2a: Azelf|Explosion|p1a: Dodrio\n|-damage|p1a: Dodrio|0 fnt\n|faint|p2a: Azelf\n|faint|p1a: Dodrio\n|\n|upkeep\n|\n|t:|1782805036\n|switch|p2a: Barraskewda|Barraskewda, L81, M|231/231\n|switch|p1a: Leafeon|Leafeon, L88, F|114/258\n|turn|19\n|\n|t:|1782805042\n|move|p2a: Barraskewda|Flip Turn|p1a: Leafeon\n|-resisted|p1a: Leafeon\n|-damage|p1a: Leafeon|77/258\n|\n|t:|1782805046\n|switch|p2a: Iron Hands|Iron Hands, L79|373/373|[from] Flip Turn\n|move|p1a: Leafeon|Knock Off|p2a: Iron Hands\n|-resisted|p2a: Iron Hands\n|-damage|p2a: Iron Hands|325/373\n|-enditem|p2a: Iron Hands|Leftovers|[from] move: Knock Off|[of] p1a: Leafeon\n|-damage|p1a: Leafeon|52/258|[from] item: Life Orb\n|\n|upkeep\n|turn|20\n|\n|t:|1782805053\n|move|p1a: Leafeon|Double-Edge|p2a: Iron Hands\n|-crit|p2a: Iron Hands\n|-damage|p2a: Iron Hands|129/373\n|-damage|p1a: Leafeon|0 fnt|[from] Recoil\n|faint|p1a: Leafeon\n|move|p2a: Iron Hands|Swords Dance|p2a: Iron Hands\n|-boost|p2a: Iron Hands|atk|2\n|\n|upkeep\n|\n|t:|1782805059\n|switch|p1a: Cyclizar|Cyclizar, L83, F|102/252\n|turn|21\n|\n|t:|1782805065\n|-terastallize|p2a: Iron Hands|Steel\n|move|p1a: Cyclizar|Draco Meteor|p2a: Iron Hands\n|-resisted|p2a: Iron Hands\n|-damage|p2a: Iron Hands|55/373\n|-unboost|p1a: Cyclizar|spa|2\n|move|p2a: Iron Hands|Drain Punch|p1a: Cyclizar\n|-supereffective|p1a: Cyclizar\n|-damage|p1a: Cyclizar|0 fnt\n|-heal|p2a: Iron Hands|106/373|[from] drain|[of] p1a: Cyclizar\n|faint|p1a: Cyclizar\n|\n|upkeep\n|\n|t:|1782805069\n|switch|p1a: Salazzle|Salazzle, L83, F|185/249\n|turn|22\n|\n|t:|1782805072\n|move|p1a: Salazzle|Flamethrower|p2a: Iron Hands\n|-supereffective|p2a: Iron Hands\n|-damage|p2a: Iron Hands|0 fnt\n|faint|p2a: Iron Hands\n|-end|p2a: Iron Hands|Quark Drive|[silent]\n|\n|-heal|p1a: Salazzle|200/249|[from] item: Leftovers\n|upkeep\n|\n|t:|1782805073\n|switch|p2a: Barraskewda|Barraskewda, L81, M|231/231\n|turn|23\n|\n|t:|1782805076\n|move|p1a: Salazzle|Protect|p1a: Salazzle\n|-singleturn|p1a: Salazzle|Protect\n|move|p2a: Barraskewda|Waterfall|p1a: Salazzle\n|-activate|p1a: Salazzle|move: Protect\n|\n|-heal|p1a: Salazzle|215/249|[from] item: Leftovers\n|upkeep\n|turn|24\n|\n|t:|1782805083\n|move|p2a: Barraskewda|Waterfall|p1a: Salazzle\n|-supereffective|p1a: Salazzle\n|-damage|p1a: Salazzle|0 fnt\n|faint|p1a: Salazzle\n|\n|upkeep\n|\n|t:|1782805085\n|switch|p1a: Cryogonal|Cryogonal, L89|218/287\n|turn|25\n|\n|t:|1782805087\n|move|p2a: Barraskewda|Waterfall|p1a: Cryogonal\n|-damage|p1a: Cryogonal|32/287\n|move|p1a: Cryogonal|Freeze-Dry|p2a: Barraskewda\n|-supereffective|p2a: Barraskewda\n|-damage|p2a: Barraskewda|0 fnt\n|faint|p2a: Barraskewda\n|\n|win|lord ambatukaam\n", "inputlog": ">version f8ac14003a5f27e1bdc8d8c59608a773c1cb96e5\n>start {\"formatid\":\"gen9randombattle\",\"seed\":\"sodium,3a7cfe3999d1ca19332b0b8940ec317c\",\"rated\":\"Rated battle\"}\n>player p1 {\"name\":\"lord ambatukaam\",\"avatar\":\"li\",\"rating\":2160,\"seed\":\"sodium,7365f0d2c41534926dcea7f0ee729d22\"}\n>player p2 {\"name\":\"ohohiwantmore\",\"avatar\":\"169\",\"rating\":2266,\"seed\":\"sodium,204a84f3e44864e2ae0c4571f04b5607\"}\n>p1 move substitute\n>p2 move stoneedge\n>p1 move substitute\n>p2 move stoneedge\n>p1 move protect\n>p2 move ironhead\n>p1 move flamethrower\n>p2 move stoneedge\n>p2 switch 3\n>p1 switch 6\n>p2 move psychic\n>p1 switch 4\n>p2 switch 6\n>p1 switch 2\n>p2 move drainpunch\n>p1 move sludgewave\n>p2 switch 4\n>p1 move nastyplot\n>p2 move bravebird\n>p1 move focusblast\n>p2 move bravebird\n>p2 switch 5\n>p1 move psyshock\n>p2 move flipturn\n>p2 switch 4\n>p1 switch 5\n>p1 move swordsdance\n>p2 move icepunch\n>p1 move leafblade\n>p2 switch 2\n>p1 move knockoff\n>p2 move outrage\n>p2 switch 6\n>p1 switch 2\n>p2 move psychic\n>p1 switch 4\n>p2 move fireblast\n>p1 move shedtail\n>p2 move psychic\n>p1 switch 3\n>p1 move doubleedge terastallize\n>p2 move explosion\n>p1 switch 2\n>p2 switch 4\n>p1 move knockoff\n>p2 move flipturn\n>p2 switch 2\n>p1 move doubleedge\n>p2 move swordsdance\n>p1 switch 3\n>p1 move dracometeor\n>p2 move drainpunch terastallize\n>p1 switch 6\n>p1 move flamethrower\n>p2 move thunderpunch\n>p2 switch 2\n>p1 move protect\n>p2 move waterfall\n>p1 move flamethrower\n>p2 move waterfall\n>p1 switch 4\n>p1 move freezedry\n>p2 move waterfall", "uploadtime": 1782804807, "views": 6, "formatid": "gen9randombattle", "rating": null, "private": 0, "password": null, "player_dets": [{"name": "lord ambatukaam", "avatar": "li", "rating": 2160, "seed": "sodium,7365f0d2c41534926dcea7f0ee729d22"}, {"name": "ohohiwantmore", "avatar": "169", "rating": 2266, "seed": "sodium,204a84f3e44864e2ae0c4571f04b5607"}], "teams_full": [{"Salazzle": {"name": "Salazzle", "species": "Salazzle", "speciesId": "salazzle", "gender": "F", "shiny": false, "level": 83, "moves": ["protect", "flamethrower", "toxic", "substitute"], "ability": "Corrosion", "evs": {"hp": 85, "atk": 0, "def": 85, "spa": 85, "spd": 85, "spe": 85}, "ivs": {"hp": 31, "atk": 0, "def": 31, "spa": 31, "spd": 31, "spe": 31}, "item": "Leftovers", "teraType": "Grass", "role": "Fast Support", "bvs": {"hp": 68, "atk": 64, "def": 60, "spa": 111, "spd": 60, "spe": 117}, "stats": {"hp": 249, "atk": 111, "def": 147, "spa": 232, "spd": 147, "spe": 242}, "types": ["Poison", "Fire"]}, "Munkidori": {"name": "Munkidori", "species": "Munkidori", "speciesId": "munkidori", "gender": "M", "shiny": false, "level": 79, "moves": ["focusblast", "psyshock", "nastyplot", "sludgewave"], "ability": "Toxic Chain", "evs": {"hp": 85, "atk": 0, "def": 85, "spa": 85, "spd": 85, "spe": 85}, "ivs": {"hp": 31, "atk": 0, "def": 31, "spa": 31, "spd": 31, "spe": 31}, "item": "Life Orb", "teraType": "Fighting", "role": "Fast Attacker", "bvs": {"hp": 88, "atk": 75, "def": 66, "spa": 130, "spd": 90, "spe": 106}, "stats": {"hp": 269, "atk": 123, "def": 150, "spa": 251, "spd": 188, "spe": 213}, "types": ["Poison", "Psychic"]}, "Dodrio": {"name": "Dodrio", "species": "Dodrio", "speciesId": "dodrio", "gender": "M", "shiny": false, "level": 85, "moves": ["doubleedge", "quickattack", "drillrun", "bravebird"], "ability": "Early Bird", "evs": {"hp": 85, "atk": 85, "def": 85, "spa": 85, "spd": 85, "spe": 85}, "ivs": {"hp": 31, "atk": 31, "def": 31, "spa": 31, "spd": 31, "spe": 31}, "item": "Choice Band", "teraType": "Normal", "role": "Fast Attacker", "bvs": {"hp": 60, "atk": 110, "def": 70, "spa": 60, "spd": 60, "spe": 110}, "stats": {"hp": 241, "atk": 236, "def": 168, "spa": 151, "spd": 151, "spe": 236}, "types": ["Normal", "Flying"]}, "Cryogonal": {"name": "Cryogonal", "species": "Cryogonal", "speciesId": "cryogonal", "gender": "N", "shiny": false, "level": 89, "moves": ["rapidspin", "freezedry", "recover", "haze"], "ability": "Levitate", "evs": {"hp": 85, "atk": 85, "def": 85, "spa": 85, "spd": 85, "spe": 85}, "ivs": {"hp": 31, "atk": 31, "def": 31, "spa": 31, "spd": 31, "spe": 31}, "item": "Heavy-Duty Boots", "teraType": "Steel", "role": "Bulky Support", "bvs": {"hp": 80, "atk": 50, "def": 50, "spa": 95, "spd": 135, "spe": 105}, "stats": {"hp": 287, "atk": 140, "def": 140, "spa": 220, "spd": 291, "spe": 238}, "types": ["Ice"]}, "Leafeon": {"name": "Leafeon", "species": "Leafeon", "speciesId": "leafeon", "gender": "F", "shiny": false, "level": 88, "moves": ["doubleedge", "leafblade", "knockoff", "swordsdance"], "ability": "Chlorophyll", "evs": {"hp": 85, "atk": 85, "def": 85, "spa": 85, "spd": 85, "spe": 85}, "ivs": {"hp": 31, "atk": 31, "def": 31, "spa": 31, "spd": 31, "spe": 31}, "item": "Life Orb", "teraType": "Normal", "role": "Setup Sweeper", "bvs": {"hp": 65, "atk": 110, "def": 130, "spa": 60, "spd": 65, "spe": 95}, "stats": {"hp": 258, "atk": 244, "def": 279, "spa": 156, "spd": 165, "spe": 217}, "types": ["Grass"]}, "Cyclizar": {"name": "Cyclizar", "species": "Cyclizar", "speciesId": "cyclizar", "gender": "F", "shiny": false, "level": 83, "moves": ["knockoff", "dracometeor", "shedtail", "taunt"], "ability": "Regenerator", "evs": {"hp": 85, "atk": 85, "def": 85, "spa": 85, "spd": 85, "spe": 85}, "ivs": {"hp": 31, "atk": 31, "def": 31, "spa": 31, "spd": 31, "spe": 31}, "item": "Heavy-Duty Boots", "teraType": "Dragon", "role": "Fast Support", "bvs": {"hp": 70, "atk": 95, "def": 65, "spa": 85, "spd": 65, "spe": 121}, "stats": {"hp": 252, "atk": 205, "def": 156, "spa": 189, "spd": 156, "spe": 249}, "types": ["Dragon", "Normal"]}}, {"Cobalion": {"name": "Cobalion", "species": "Cobalion", "speciesId": "cobalion", "gender": "N", "shiny": false, "level": 80, "moves": ["closecombat", "ironhead", "stoneedge", "swordsdance"], "ability": "Justified", "evs": {"hp": 85, "atk": 85, "def": 85, "spa": 85, "spd": 85, "spe": 85}, "ivs": {"hp": 31, "atk": 31, "def": 31, "spa": 31, "spd": 31, "spe": 31}, "item": "Life Orb", "teraType": "Fighting", "role": "Fast Bulky Setup", "bvs": {"hp": 91, "atk": 90, "def": 129, "spa": 90, "spd": 72, "spe": 108}, "stats": {"hp": 277, "atk": 190, "def": 253, "spa": 190, "spd": 161, "spe": 219}, "types": ["Steel", "Fighting"]}, "Flapple": {"name": "Flapple", "species": "Flapple", "speciesId": "flapple", "gender": "M", "shiny": false, "level": 88, "moves": ["outrage", "dragondance", "terablast", "gravapple"], "ability": "Hustle", "evs": {"hp": 85, "atk": 85, "def": 85, "spa": 85, "spd": 85, "spe": 85}, "ivs": {"hp": 31, "atk": 31, "def": 31, "spa": 31, "spd": 31, "spe": 31}, "item": "Lum Berry", "teraType": "Fire", "role": "Tera Blast user", "bvs": {"hp": 70, "atk": 110, "def": 80, "spa": 95, "spd": 60, "spe": 70}, "stats": {"hp": 266, "atk": 244, "def": 191, "spa": 217, "spd": 156, "spe": 173}, "types": ["Grass", "Dragon"]}, "Azelf": {"name": "Azelf", "species": "Azelf", "speciesId": "azelf", "gender": "N", "shiny": false, "level": 82, "moves": ["explosion", "fireblast", "psychic", "uturn"], "ability": "Levitate", "evs": {"hp": 85, "atk": 85, "def": 85, "spa": 85, "spd": 85, "spe": 85}, "ivs": {"hp": 31, "atk": 31, "def": 31, "spa": 31, "spd": 31, "spe": 31}, "item": "Assault Vest", "teraType": "Fire", "role": "Fast Support", "bvs": {"hp": 75, "atk": 125, "def": 70, "spa": 125, "spd": 70, "spe": 115}, "stats": {"hp": 257, "atk": 252, "def": 162, "spa": 252, "spd": 162, "spe": 236}, "types": ["Psychic"]}, "Corviknight": {"name": "Corviknight", "species": "Corviknight", "speciesId": "corviknight", "gender": "F", "shiny": false, "level": 80, "moves": ["defog", "bravebird", "roost", "bodypress"], "ability": "Mirror Armor", "evs": {"hp": 85, "atk": 85, "def": 85, "spa": 85, "spd": 85, "spe": 85}, "ivs": {"hp": 31, "atk": 31, "def": 31, "spa": 31, "spd": 31, "spe": 31}, "item": "Leftovers", "teraType": "Dragon", "role": "Bulky Support", "bvs": {"hp": 98, "atk": 87, "def": 105, "spa": 53, "spd": 85, "spe": 67}, "stats": {"hp": 288, "atk": 185, "def": 214, "spa": 131, "spd": 182, "spe": 153}, "types": ["Flying", "Steel"]}, "Barraskewda": {"name": "Barraskewda", "species": "Barraskewda", "speciesId": "barraskewda", "gender": "M", "shiny": false, "level": 81, "moves": ["flipturn", "closecombat", "throatchop", "waterfall"], "ability": "Swift Swim", "evs": {"hp": 85, "atk": 85, "def": 85, "spa": 85, "spd": 85, "spe": 85}, "ivs": {"hp": 31, "atk": 31, "def": 31, "spa": 31, "spd": 31, "spe": 31}, "item": "Choice Band", "teraType": "Fighting", "role": "Wallbreaker", "bvs": {"hp": 61, "atk": 123, "def": 60, "spa": 60, "spd": 50, "spe": 136}, "stats": {"hp": 231, "atk": 246, "def": 144, "spa": 144, "spd": 128, "spe": 267}, "types": ["Water"]}, "Iron Hands": {"name": "Iron Hands", "species": "Iron Hands", "speciesId": "ironhands", "gender": "N", "shiny": false, "level": 79, "moves": ["drainpunch", "swordsdance", "icepunch", "thunderpunch"], "ability": "Quark Drive", "evs": {"hp": 85, "atk": 85, "def": 85, "spa": 85, "spd": 85, "spe": 85}, "ivs": {"hp": 31, "atk": 31, "def": 31, "spa": 31, "spd": 31, "spe": 31}, "item": "Leftovers", "teraType": "Steel", "role": "Bulky Attacker", "bvs": {"hp": 154, "atk": 140, "def": 108, "spa": 50, "spd": 68, "spe": 50}, "stats": {"hp": 373, "atk": 267, "def": 216, "spa": 125, "spd": 153, "spe": 125}, "types": ["Fighting", "Electric"]}}]}