{"id": "gen9randombattle-2641453813", "format": "[Gen 9] Random Battle", "players": ["ohohiwantmore", "chiefbeef1234"], "log": "|badge|p1|bronze|gen9randombattle|100-9\n|html|<div class=\"broadcast-red\"><strong>This battle is required to be public due to one or more player having a season medal.</strong><br />During the public phase, you can discuss the state of the ladder <a href=\"/seasondiscussion\">in a special chatroom.</a></div>\n|uhtml|medal-msg|<div class=\"broadcast-blue\">Curious what those medals under the avatar are? PS now has Ladder Seasons! For more information, check out the <a href=\"https://www.smogon.com/forums/threads/3740067/\">thread on Smogon.</a></div>\n|raw|<div class=\"broadcast-blue\"><strong>This battle is required to be public due to a player having a name starting with 'medal'.</div>\n|j|\u2606ohohiwantmore\n|j|\u2606chiefbeef1234\n|t:|1782787166\n|gametype|singles\n|player|p1|ohohiwantmore|266|2344\n|player|p2|chiefbeef1234|shadowtriad|2242\n|gen|9\n|tier|[Gen 9] Random Battle\n|rated|\n|rule|Species Clause: Limit one of each Pok\u00e9mon\n|rule|HP Percentage Mod: HP is shown in percentages\n|rule|Sleep Clause Mod: Limit one foe put to sleep\n|rule|Illusion Level Mod: Illusion disguises the Pok\u00e9mon's true level\n|\n|t:|1782787166\n|teamsize|p1|6\n|teamsize|p2|6\n|start\n|switch|p1a: Chi-Yu|Chi-Yu, L77|211/211\n|switch|p2a: Sandaconda|Sandaconda, L84, M|258/258\n|-ability|p1a: Chi-Yu|Beads of Ruin\n|turn|1\n|inactive|Battle timer is ON: inactive players will automatically lose when time's up. (requested by chiefbeef1234)\n|inactive|ohohiwantmore also wants the timer to be on.\n|\n|t:|1782787184\n|switch|p2a: Scream Tail|Scream Tail, L84|330/330\n|move|p1a: Chi-Yu|Overheat|p2a: Scream Tail\n|-damage|p2a: Scream Tail|99/330\n|-unboost|p1a: Chi-Yu|spa|2\n|\n|-heal|p2a: Scream Tail|119/330|[from] item: Leftovers\n|upkeep\n|turn|2\n|\n|t:|1782787195\n|switch|p1a: Slowbro|Slowbro-Galar, L87, F|307/307\n|move|p2a: Scream Tail|Wish|p2a: Scream Tail\n|\n|-heal|p2a: Scream Tail|139/330|[from] item: Leftovers\n|upkeep\n|turn|3\n|\n|t:|1782787203\n|move|p2a: Scream Tail|Protect|p2a: Scream Tail\n|-singleturn|p2a: Scream Tail|Protect\n|move|p1a: Slowbro|Shell Side Arm|p2a: Scream Tail|[anim] Shell Side Arm Physical\n|-activate|p2a: Scream Tail|move: Protect\n|\n|-heal|p2a: Scream Tail|304/330|[from] move: Wish|[wisher] Scream Tail\n|-heal|p2a: Scream Tail|324/330|[from] item: Leftovers\n|upkeep\n|turn|4\n|\n|t:|1782787208\n|-end|p2a: Scream Tail|Protosynthesis|[silent]\n|switch|p2a: Gumshoos|Gumshoos, L95, F|321/321\n|move|p1a: Slowbro|Psychic|p2a: Gumshoos\n|-damage|p2a: Gumshoos|152/321\n|-damage|p1a: Slowbro|277/307|[from] item: Life Orb\n|\n|upkeep\n|turn|5\n|\n|t:|1782787217\n|move|p2a: Gumshoos|Double-Edge|p1a: Slowbro\n|-damage|p1a: Slowbro|0 fnt\n|faint|p1a: Slowbro\n|-damage|p2a: Gumshoos|61/321|[from] Recoil\n|\n|upkeep\n|j| zong200\n|l| zong200\n|\n|t:|1782787225\n|switch|p1a: Flutter Mane|Flutter Mane, L74|203/203\n|turn|6\n|\n|t:|1782787230\n|switch|p2a: Clefable|Clefable, L83, M|293/293\n|move|p1a: Flutter Mane|Calm Mind|p1a: Flutter Mane\n|-boost|p1a: Flutter Mane|spa|1\n|-boost|p1a: Flutter Mane|spd|1\n|\n|upkeep\n|turn|7\n|\n|t:|1782787235\n|move|p1a: Flutter Mane|Shadow Ball|p2a: Clefable\n|-damage|p2a: Clefable|175/293\n|-damage|p1a: Flutter Mane|183/203|[from] item: Life Orb\n|move|p2a: Clefable|Thunder Wave|p1a: Flutter Mane\n|-status|p1a: Flutter Mane|par\n|\n|-heal|p2a: Clefable|193/293|[from] item: Leftovers\n|upkeep\n|turn|8\n|\n|t:|1782787242\n|move|p2a: Clefable|Moonlight|p2a: Clefable\n|-heal|p2a: Clefable|293/293\n|move|p1a: Flutter Mane|Moonblast|p2a: Clefable\n|-damage|p2a: Clefable|172/293\n|-damage|p1a: Flutter Mane|163/203 par|[from] item: Life Orb\n|\n|-heal|p2a: Clefable|190/293|[from] item: Leftovers\n|upkeep\n|turn|9\n|\n|t:|1782787251\n|move|p2a: Clefable|Stealth Rock|p1a: Flutter Mane\n|-sidestart|p1: ohohiwantmore|move: Stealth Rock\n|move|p1a: Flutter Mane|Shadow Ball|p2a: Clefable\n|-damage|p2a: Clefable|80/293\n|-damage|p1a: Flutter Mane|143/203 par|[from] item: Life Orb\n|\n|-heal|p2a: Clefable|98/293|[from] item: Leftovers\n|upkeep\n|turn|10\n|\n|t:|1782787257\n|move|p2a: Clefable|Moonlight|p2a: Clefable\n|-heal|p2a: Clefable|244/293\n|move|p1a: Flutter Mane|Shadow Ball|p2a: Clefable\n|-crit|p2a: Clefable\n|-damage|p2a: Clefable|61/293\n|-damage|p1a: Flutter Mane|123/203 par|[from] item: Life Orb\n|\n|-heal|p2a: Clefable|79/293|[from] item: Leftovers\n|upkeep\n|turn|11\n|\n|t:|1782787261\n|move|p2a: Clefable|Moonlight|p2a: Clefable\n|-heal|p2a: Clefable|225/293\n|move|p1a: Flutter Mane|Shadow Ball|p2a: Clefable\n|-damage|p2a: Clefable|111/293\n|-damage|p1a: Flutter Mane|103/203 par|[from] item: Life Orb\n|\n|-heal|p2a: Clefable|129/293|[from] item: Leftovers\n|upkeep\n|turn|12\n|\n|t:|1782787263\n|move|p2a: Clefable|Moonlight|p2a: Clefable\n|-heal|p2a: Clefable|275/293\n|move|p1a: Flutter Mane|Shadow Ball|p2a: Clefable\n|-damage|p2a: Clefable|161/293\n|-damage|p1a: Flutter Mane|83/203 par|[from] item: Life Orb\n|\n|-heal|p2a: Clefable|179/293|[from] item: Leftovers\n|upkeep\n|turn|13\n|\n|t:|1782787266\n|move|p2a: Clefable|Moonlight|p2a: Clefable\n|-heal|p2a: Clefable|293/293\n|cant|p1a: Flutter Mane|par\n|\n|upkeep\n|turn|14\n|\n|t:|1782787269\n|move|p2a: Clefable|Moonblast|p1a: Flutter Mane\n|-damage|p1a: Flutter Mane|1/203 par\n|cant|p1a: Flutter Mane|par\n|\n|upkeep\n|turn|15\n|\n|t:|1782787273\n|move|p2a: Clefable|Moonblast|p1a: Flutter Mane\n|-damage|p1a: Flutter Mane|0 fnt\n|faint|p1a: Flutter Mane\n|-end|p1a: Flutter Mane|Protosynthesis|[silent]\n|\n|upkeep\n|\n|t:|1782787279\n|switch|p1a: Chi-Yu|Chi-Yu, L77|211/211\n|-damage|p1a: Chi-Yu|159/211|[from] Stealth Rock\n|-ability|p1a: Chi-Yu|Beads of Ruin\n|turn|16\n|\n|t:|1782787282\n|switch|p2a: Gumshoos|Gumshoos, L95, F|61/321\n|move|p1a: Chi-Yu|Overheat|p2a: Gumshoos\n|-damage|p2a: Gumshoos|0 fnt\n|-unboost|p1a: Chi-Yu|spa|2\n|faint|p2a: Gumshoos\n|\n|upkeep\n|\n|t:|1782787286\n|switch|p2a: Scream Tail|Scream Tail, L84|324/330\n|turn|17\n|\n|t:|1782787292\n|switch|p1a: Thundurus|Thundurus, L80, M|258/258\n|move|p2a: Scream Tail|Thunder Wave|p1a: Thundurus\n|-immune|p1a: Thundurus\n|\n|-heal|p2a: Scream Tail|330/330|[from] item: Leftovers\n|upkeep\n|turn|18\n|\n|t:|1782787303\n|-end|p2a: Scream Tail|Protosynthesis|[silent]\n|switch|p2a: Sandaconda|Sandaconda, L84, M|258/258\n|move|p1a: Thundurus|Thunderbolt|p2a: Sandaconda\n|-immune|p2a: Sandaconda\n|\n|upkeep\n|turn|19\n|\n|t:|1782787306\n|move|p1a: Thundurus|Nasty Plot|p1a: Thundurus\n|-boost|p1a: Thundurus|spa|2\n|move|p2a: Sandaconda|Scale Shot|p1a: Thundurus\n|-damage|p1a: Thundurus|232/258\n|-damage|p1a: Thundurus|207/258\n|-damage|p1a: Thundurus|182/258\n|-damage|p1a: Thundurus|157/258\n|-hitcount|p1a: Thundurus|4\n|-unboost|p2a: Sandaconda|def|1\n|-boost|p2a: Sandaconda|spe|1\n|\n|upkeep\n|turn|20\n|\n|t:|1782787312\n|move|p2a: Sandaconda|Rock Blast|p1a: Thundurus\n|-supereffective|p1a: Thundurus\n|-damage|p1a: Thundurus|109/258\n|-supereffective|p1a: Thundurus\n|-damage|p1a: Thundurus|61/258\n|-supereffective|p1a: Thundurus\n|-damage|p1a: Thundurus|13/258\n|-supereffective|p1a: Thundurus\n|-damage|p1a: Thundurus|0 fnt\n|faint|p1a: Thundurus\n|-hitcount|p1: Thundurus|4\n|\n|upkeep\n|-message|ohohiwantmore forfeited.\n|\n|win|chiefbeef1234\n", "inputlog": ">version f8ac14003a5f27e1bdc8d8c59608a773c1cb96e5\n>start {\"formatid\":\"gen9randombattle\",\"seed\":\"sodium,c31fc7e71b8058a90e51d3f598157b2a\",\"rated\":\"Rated battle\"}\n>player p1 {\"name\":\"ohohiwantmore\",\"avatar\":\"266\",\"rating\":2344,\"seed\":\"sodium,f1e4c056e593b2fab5841fa1928953a1\"}\n>player p2 {\"name\":\"chiefbeef1234\",\"avatar\":\"shadowtriad\",\"rating\":2242,\"seed\":\"sodium,63d70f5acaef40960461e2b68f6a551d\"}\n>p1 move overheat\n>p2 switch 3\n>p1 switch 2\n>p2 move wish\n>p1 move shellsidearm\n>p2 move protect\n>p1 move psychic\n>p2 switch 6\n>p1 move psychic\n>p2 move doubleedge\n>p1 switch 4\n>p1 move calmmind\n>p2 switch 2\n>p1 move shadowball\n>p2 move thunderwave\n>p1 move moonblast\n>p2 move moonlight\n>p1 move shadowball\n>p2 move stealthrock\n>p1 move shadowball\n>p2 move moonlight\n>p1 move shadowball\n>p2 move moonlight\n>p1 move shadowball\n>p2 move moonlight\n>p1 move shadowball\n>p2 move moonlight\n>p1 move shadowball\n>p2 move moonblast\n>p1 move shadowball\n>p2 move moonblast\n>p1 switch 2\n>p1 move overheat\n>p2 switch 2\n>p2 switch 6\n>p1 switch 3\n>p2 move thunderwave\n>p1 move thunderbolt\n>p2 switch 3\n>p1 move nastyplot\n>p2 move scaleshot\n>p1 move focusblast\n>p2 move rockblast\n>forcelose p1", "uploadtime": 1782787168, "views": 9, "formatid": "gen9randombattle", "rating": null, "private": 0, "password": null, "player_dets": [{"name": "ohohiwantmore", "avatar": "266", "rating": 2344, "seed": "sodium,f1e4c056e593b2fab5841fa1928953a1"}, {"name": "chiefbeef1234", "avatar": "shadowtriad", "rating": 2242, "seed": "sodium,63d70f5acaef40960461e2b68f6a551d"}], "teams_full": [{"Chi-Yu": {"name": "Chi-Yu", "species": "Chi-Yu", "speciesId": "chiyu", "gender": "N", "shiny": false, "level": 77, "moves": ["overheat", "psychic", "flamethrower", "darkpulse"], "ability": "Beads of Ruin", "evs": {"hp": 85, "atk": 0, "def": 85, "spa": 85, "spd": 85, "spe": 85}, "ivs": {"hp": 31, "atk": 0, "def": 31, "spa": 31, "spd": 31, "spe": 31}, "item": "Choice Specs", "teraType": "Dark", "role": "Fast Attacker", "bvs": {"hp": 55, "atk": 80, "def": 80, "spa": 135, "spd": 120, "spe": 100}, "stats": {"hp": 211, "atk": 128, "def": 168, "spa": 252, "spd": 229, "spe": 199}, "types": ["Dark", "Fire"]}, "Slowbro": {"name": "Slowbro", "species": "Slowbro-Galar", "speciesId": "slowbrogalar", "gender": "F", "shiny": false, "level": 87, "moves": ["psychic", "shellsidearm", "trickroom", "fireblast"], "ability": "Regenerator", "evs": {"hp": 85, "atk": 85, "def": 85, "spa": 85, "spd": 85, "spe": 0}, "ivs": {"hp": 31, "atk": 31, "def": 31, "spa": 31, "spd": 31, "spe": 0}, "item": "Life Orb", "teraType": "Poison", "role": "Wallbreaker", "bvs": {"hp": 95, "atk": 100, "def": 95, "spa": 100, "spd": 70, "spe": 30}, "stats": {"hp": 307, "atk": 224, "def": 215, "spa": 224, "spd": 172, "spe": 57}, "types": ["Poison", "Psychic"]}, "Thundurus": {"name": "Thundurus", "species": "Thundurus", "speciesId": "thundurus", "gender": "M", "shiny": false, "level": 80, "moves": ["nastyplot", "focusblast", "thunderbolt", "terablast"], "ability": "Defiant", "evs": {"hp": 85, "atk": 85, "def": 85, "spa": 85, "spd": 85, "spe": 85}, "ivs": {"hp": 31, "atk": 31, "def": 31, "spa": 31, "spd": 31, "spe": 31}, "item": "Heavy-Duty Boots", "teraType": "Flying", "role": "Tera Blast user", "bvs": {"hp": 79, "atk": 115, "def": 70, "spa": 125, "spd": 80, "spe": 111}, "stats": {"hp": 258, "atk": 230, "def": 158, "spa": 246, "spd": 174, "spe": 224}, "types": ["Electric", "Flying"]}, "Flutter Mane": {"name": "Flutter Mane", "species": "Flutter Mane", "speciesId": "fluttermane", "gender": "N", "shiny": false, "level": 74, "moves": ["moonblast", "shadowball", "thunderbolt", "calmmind"], "ability": "Protosynthesis", "evs": {"hp": 85, "atk": 0, "def": 85, "spa": 85, "spd": 85, "spe": 85}, "ivs": {"hp": 31, "atk": 0, "def": 31, "spa": 31, "spd": 31, "spe": 31}, "item": "Life Orb", "teraType": "Electric", "role": "Setup Sweeper", "bvs": {"hp": 55, "atk": 55, "def": 55, "spa": 135, "spd": 135, "spe": 135}, "stats": {"hp": 203, "atk": 86, "def": 124, "spa": 243, "spd": 243, "spe": 243}, "types": ["Ghost", "Fairy"]}, "Regidrago": {"name": "Regidrago", "species": "Regidrago", "speciesId": "regidrago", "gender": "N", "shiny": false, "level": 77, "moves": ["outrage", "dragonenergy", "earthquake", "dracometeor"], "ability": "Dragon's Maw", "evs": {"hp": 85, "atk": 85, "def": 85, "spa": 85, "spd": 85, "spe": 85}, "ivs": {"hp": 31, "atk": 31, "def": 31, "spa": 31, "spd": 31, "spe": 31}, "item": "Choice Scarf", "teraType": "Dragon", "role": "Fast Attacker", "bvs": {"hp": 200, "atk": 100, "def": 50, "spa": 100, "spd": 50, "spe": 80}, "stats": {"hp": 435, "atk": 199, "def": 122, "spa": 199, "spd": 122, "spe": 168}, "types": ["Dragon"]}, "Noctowl": {"name": "Noctowl", "species": "Noctowl", "speciesId": "noctowl", "gender": "F", "shiny": false, "level": 95, "moves": ["hypervoice", "roost", "nastyplot", "hurricane"], "ability": "Tinted Lens", "evs": {"hp": 85, "atk": 0, "def": 85, "spa": 85, "spd": 85, "spe": 85}, "ivs": {"hp": 31, "atk": 0, "def": 31, "spa": 31, "spd": 31, "spe": 31}, "item": "Heavy-Duty Boots", "teraType": "Ground", "role": "Bulky Attacker", "bvs": {"hp": 100, "atk": 50, "def": 50, "spa": 86, "spd": 96, "spe": 70}, "stats": {"hp": 344, "atk": 100, "def": 149, "spa": 217, "spd": 236, "spe": 187}, "types": ["Normal", "Flying"]}}, {"Sandaconda": {"name": "Sandaconda", "species": "Sandaconda", "speciesId": "sandaconda", "gender": "M", "shiny": false, "level": 84, "moves": ["coil", "earthquake", "scaleshot", "rockblast"], "ability": "Shed Skin", "evs": {"hp": 85, "atk": 85, "def": 85, "spa": 85, "spd": 85, "spe": 85}, "ivs": {"hp": 31, "atk": 31, "def": 31, "spa": 31, "spd": 31, "spe": 31}, "item": "Loaded Dice", "teraType": "Dragon", "role": "Fast Bulky Setup", "bvs": {"hp": 72, "atk": 107, "def": 125, "spa": 65, "spd": 70, "spe": 71}, "stats": {"hp": 258, "atk": 228, "def": 258, "spa": 157, "spd": 166, "spe": 167}, "types": ["Ground"]}, "Clefable": {"name": "Clefable", "species": "Clefable", "speciesId": "clefable", "gender": "M", "shiny": false, "level": 83, "moves": ["moonblast", "thunderwave", "moonlight", "stealthrock"], "ability": "Unaware", "evs": {"hp": 85, "atk": 0, "def": 85, "spa": 85, "spd": 85, "spe": 85}, "ivs": {"hp": 31, "atk": 0, "def": 31, "spa": 31, "spd": 31, "spe": 31}, "item": "Leftovers", "teraType": "Steel", "role": "Bulky Support", "bvs": {"hp": 95, "atk": 70, "def": 73, "spa": 95, "spd": 90, "spe": 60}, "stats": {"hp": 293, "atk": 121, "def": 169, "spa": 205, "spd": 197, "spe": 147}, "types": ["Fairy"]}, "Scream Tail": {"name": "Scream Tail", "species": "Scream Tail", "speciesId": "screamtail", "gender": "N", "shiny": false, "level": 84, "moves": ["protect", "thunderwave", "wish", "dazzlinggleam"], "ability": "Protosynthesis", "evs": {"hp": 85, "atk": 0, "def": 85, "spa": 85, "spd": 85, "spe": 85}, "ivs": {"hp": 31, "atk": 0, "def": 31, "spa": 31, "spd": 31, "spe": 31}, "item": "Leftovers", "teraType": "Poison", "role": "Bulky Attacker", "bvs": {"hp": 115, "atk": 65, "def": 99, "spa": 65, "spd": 115, "spe": 111}, "stats": {"hp": 330, "atk": 114, "def": 215, "spa": 157, "spd": 241, "spe": 235}, "types": ["Fairy", "Psychic"]}, "Calyrex": {"name": "Calyrex", "species": "Calyrex-Shadow", "speciesId": "calyrexshadow", "gender": "N", "shiny": false, "level": 64, "moves": ["psyshock", "nastyplot", "astralbarrage", "pollenpuff"], "ability": "As One (Spectrier)", "evs": {"hp": 85, "atk": 0, "def": 85, "spa": 85, "spd": 85, "spe": 85}, "ivs": {"hp": 31, "atk": 0, "def": 31, "spa": 31, "spd": 31, "spe": 31}, "item": "Life Orb", "teraType": "Dark", "role": "Fast Attacker", "bvs": {"hp": 100, "atk": 85, "def": 80, "spa": 165, "spd": 100, "spe": 150}, "stats": {"hp": 235, "atk": 113, "def": 140, "spa": 249, "spd": 166, "spe": 230}, "types": ["Psychic", "Ghost"]}, "Vigoroth": {"name": "Vigoroth", "species": "Vigoroth", "speciesId": "vigoroth", "gender": "M", "shiny": false, "level": 85, "moves": ["bulkup", "slackoff", "bodyslam", "earthquake"], "ability": "Vital Spirit", "evs": {"hp": 85, "atk": 85, "def": 85, "spa": 85, "spd": 85, "spe": 85}, "ivs": {"hp": 31, "atk": 31, "def": 31, "spa": 31, "spd": 31, "spe": 31}, "item": "Eviolite", "teraType": "Ground", "role": "Bulky Attacker", "bvs": {"hp": 80, "atk": 80, "def": 80, "spa": 55, "spd": 55, "spe": 90}, "stats": {"hp": 275, "atk": 185, "def": 185, "spa": 142, "spd": 142, "spe": 202}, "types": ["Normal"]}, "Gumshoos": {"name": "Gumshoos", "species": "Gumshoos", "speciesId": "gumshoos", "gender": "F", "shiny": false, "level": 95, "moves": ["doubleedge", "knockoff", "earthquake", "uturn"], "ability": "Adaptability", "evs": {"hp": 85, "atk": 85, "def": 85, "spa": 85, "spd": 85, "spe": 85}, "ivs": {"hp": 31, "atk": 31, "def": 31, "spa": 31, "spd": 31, "spe": 31}, "item": "Choice Band", "teraType": "Ground", "role": "Fast Attacker", "bvs": {"hp": 88, "atk": 110, "def": 60, "spa": 55, "spd": 60, "spe": 45}, "stats": {"hp": 321, "atk": 263, "def": 168, "spa": 158, "spd": 168, "spe": 139}, "types": ["Normal"]}}]}