{"id": "gen9randombattle-2641144545", "format": "[Gen 9] Random Battle", "players": ["hong hoornstaart", "MichaelderBeste2"], "log": "|badge|p1|bronze|gen9randombattle|100-9\n|html|<div class=\"broadcast-red\"><strong>This battle is required to be public due to one or more player having a season medal.</strong><br />During the public phase, you can discuss the state of the ladder <a href=\"/seasondiscussion\">in a special chatroom.</a></div>\n|uhtml|medal-msg|<div class=\"broadcast-blue\">Curious what those medals under the avatar are? PS now has Ladder Seasons! For more information, check out the <a href=\"https://www.smogon.com/forums/threads/3740067/\">thread on Smogon.</a></div>\n|badge|p2|silver|gen9randombattle|30-9\n|uhtml|medal-msg|<div class=\"broadcast-blue\">Curious what those medals under the avatar are? PS now has Ladder Seasons! For more information, check out the <a href=\"https://www.smogon.com/forums/threads/3740067/\">thread on Smogon.</a></div>\n|j|\u2606hong hoornstaart\n|j|\u2606MichaelderBeste2\n|t:|1782746015\n|gametype|singles\n|player|p1|hong hoornstaart|101|2290\n|player|p2|MichaelderBeste2|#wcop2026germany|2408\n|gen|9\n|tier|[Gen 9] Random Battle\n|rated|\n|rule|Species Clause: Limit one of each Pok\u00e9mon\n|rule|HP Percentage Mod: HP is shown in percentages\n|rule|Sleep Clause Mod: Limit one foe put to sleep\n|rule|Illusion Level Mod: Illusion disguises the Pok\u00e9mon's true level\n|\n|t:|1782746015\n|teamsize|p1|6\n|teamsize|p2|6\n|start\n|switch|p1a: Ho-Oh|Ho-Oh, L71|268/268\n|switch|p2a: Kyurem|Kyurem-White, L73|303/303\n|-ability|p2a: Kyurem|Turboblaze\n|turn|1\n|\n|t:|1782746048\n|switch|p2a: Garganacl|Garganacl, L80, M|291/291\n|move|p1a: Ho-Oh|Sacred Fire|p2a: Garganacl\n|-resisted|p2a: Garganacl\n|-damage|p2a: Garganacl|250/291\n|\n|-heal|p2a: Garganacl|268/291|[from] item: Leftovers\n|upkeep\n|turn|2\n|\n|t:|1782746059\n|switch|p1a: Farigiraf|Farigiraf, L90, F|362/362\n|move|p2a: Garganacl|Salt Cure|p1a: Farigiraf\n|-damage|p1a: Farigiraf|320/362\n|-start|p1a: Farigiraf|Salt Cure\n|\n|-heal|p1a: Farigiraf|342/362|[from] item: Leftovers\n|-heal|p2a: Garganacl|286/291|[from] item: Leftovers\n|-damage|p1a: Farigiraf|297/362|[from] Salt Cure\n|upkeep\n|turn|3\n|\n|t:|1782746082\n|switch|p2a: Glastrier|Glastrier, L86|312/312\n|move|p1a: Farigiraf|Psychic Noise|p2a: Glastrier\n|-damage|p2a: Glastrier|230/312\n|-start|p2a: Glastrier|move: Heal Block\n|\n|-heal|p1a: Farigiraf|319/362|[from] item: Leftovers\n|-damage|p1a: Farigiraf|274/362|[from] Salt Cure\n|upkeep\n|turn|4\n|\n|t:|1782746089\n|switch|p1a: Dusknoir|Dusknoir, L89, M|225/225\n|-item|p2a: Glastrier|Heavy-Duty Boots|[from] ability: Frisk|[of] p1a: Dusknoir\n|move|p2a: Glastrier|Icicle Crash|p1a: Dusknoir\n|-damage|p1a: Dusknoir|138/225\n|\n|-heal|p1a: Dusknoir|152/225|[from] item: Leftovers\n|-end|p2a: Glastrier|move: Heal Block\n|upkeep\n|turn|5\n|\n|t:|1782746105\n|switch|p2a: Seviper|Seviper, L93, F|287/287\n|move|p1a: Dusknoir|Earthquake|p2a: Seviper\n|-supereffective|p2a: Seviper\n|-damage|p2a: Seviper|89/287\n|\n|-heal|p1a: Dusknoir|166/225|[from] item: Leftovers\n|upkeep\n|turn|6\n|\n|t:|1782746118\n|move|p2a: Seviper|Knock Off|p1a: Dusknoir\n|-supereffective|p1a: Dusknoir\n|-damage|p1a: Dusknoir|23/225\n|-enditem|p1a: Dusknoir|Leftovers|[from] move: Knock Off|[of] p2a: Seviper\n|-damage|p2a: Seviper|61/287|[from] item: Life Orb\n|move|p1a: Dusknoir|Earthquake|p2a: Seviper\n|-supereffective|p2a: Seviper\n|-damage|p2a: Seviper|0 fnt\n|faint|p2a: Seviper\n|\n|upkeep\n|\n|t:|1782746130\n|switch|p2a: Kyurem|Kyurem-White, L73|303/303\n|-ability|p2a: Kyurem|Turboblaze\n|turn|7\n|\n|t:|1782746135\n|switch|p1a: Ho-Oh|Ho-Oh, L71|268/268\n|move|p2a: Kyurem|Ice Beam|p1a: Ho-Oh\n|-damage|p1a: Ho-Oh|139/268\n|\n|upkeep\n|turn|8\n|\n|t:|1782746147\n|switch|p1a: Coalossal|Coalossal, L89, F|341/341\n|move|p2a: Kyurem|Ice Beam|p1a: Coalossal\n|-resisted|p1a: Coalossal\n|-damage|p1a: Coalossal|261/341\n|\n|upkeep\n|turn|9\n|\n|t:|1782746150\n|switch|p2a: Donphan|Donphan, L84, F|288/288\n|switch|p1a: Dusknoir|Dusknoir, L89, M|23/225\n|-item|p2a: Donphan|Leftovers|[from] ability: Frisk|[of] p1a: Dusknoir\n|\n|upkeep\n|turn|10\n|\n|t:|1782746161\n|switch|p1a: Ho-Oh|Ho-Oh, L71|228/268\n|move|p2a: Donphan|Earthquake|p1a: Ho-Oh\n|-immune|p1a: Ho-Oh\n|\n|upkeep\n|turn|11\n|\n|t:|1782746167\n|switch|p1a: Dusknoir|Dusknoir, L89, M|23/225\n|-item|p2a: Donphan|Leftovers|[from] ability: Frisk|[of] p1a: Dusknoir\n|move|p2a: Donphan|Stealth Rock|p1a: Dusknoir\n|-sidestart|p1: hong hoornstaart|move: Stealth Rock\n|\n|upkeep\n|turn|12\n|\n|t:|1782746172\n|switch|p1a: Ho-Oh|Ho-Oh, L71|268/268\n|move|p2a: Donphan|Earthquake|p1a: Ho-Oh\n|-immune|p1a: Ho-Oh\n|\n|upkeep\n|turn|13\n|\n|t:|1782746174\n|switch|p2a: Garganacl|Garganacl, L80, M|286/291\n|move|p1a: Ho-Oh|Sacred Fire|p2a: Garganacl\n|-resisted|p2a: Garganacl\n|-damage|p2a: Garganacl|247/291\n|\n|-heal|p2a: Garganacl|265/291|[from] item: Leftovers\n|upkeep\n|turn|14\n|\n|t:|1782746180\n|switch|p1a: Farigiraf|Farigiraf, L90, F|274/362\n|-damage|p1a: Farigiraf|229/362|[from] Stealth Rock\n|move|p2a: Garganacl|Salt Cure|p1a: Farigiraf\n|-damage|p1a: Farigiraf|183/362\n|-start|p1a: Farigiraf|Salt Cure\n|\n|-heal|p1a: Farigiraf|205/362|[from] item: Leftovers\n|-heal|p2a: Garganacl|283/291|[from] item: Leftovers\n|-damage|p1a: Farigiraf|160/362|[from] Salt Cure\n|upkeep\n|turn|15\n|\n|t:|1782746186\n|move|p1a: Farigiraf|Wish|p1a: Farigiraf\n|move|p2a: Garganacl|Body Press|p1a: Farigiraf\n|-damage|p1a: Farigiraf|92/362\n|\n|-heal|p1a: Farigiraf|114/362|[from] item: Leftovers\n|-heal|p2a: Garganacl|291/291|[from] item: Leftovers\n|-damage|p1a: Farigiraf|69/362|[from] Salt Cure\n|upkeep\n|turn|16\n|\n|t:|1782746193\n|switch|p2a: Kyurem|Kyurem-White, L73|303/303\n|-ability|p2a: Kyurem|Turboblaze\n|move|p1a: Farigiraf|Psychic Noise|p2a: Kyurem\n|-damage|p2a: Kyurem|203/303\n|-start|p2a: Kyurem|move: Heal Block\n|\n|-heal|p1a: Farigiraf|250/362|[from] move: Wish|[wisher] Farigiraf\n|-heal|p1a: Farigiraf|272/362|[from] item: Leftovers\n|-damage|p1a: Farigiraf|227/362|[from] Salt Cure\n|upkeep\n|turn|17\n|\n|t:|1782746202\n|switch|p1a: Ho-Oh|Ho-Oh, L71|268/268\n|move|p2a: Kyurem|Draco Meteor|p1a: Ho-Oh|[miss]\n|-miss|p2a: Kyurem|p1a: Ho-Oh\n|\n|-end|p2a: Kyurem|move: Heal Block\n|upkeep\n|turn|18\n|\n|t:|1782746216\n|move|p2a: Kyurem|Draco Meteor|p1a: Ho-Oh\n|-damage|p1a: Ho-Oh|63/268\n|-unboost|p2a: Kyurem|spa|2\n|move|p1a: Ho-Oh|Earthquake|p2a: Kyurem\n|-damage|p2a: Kyurem|134/303\n|\n|upkeep\n|turn|19\n|\n|t:|1782746229\n|switch|p2a: Garganacl|Garganacl, L80, M|291/291\n|switch|p1a: Coalossal|Coalossal, L89, F|261/341\n|\n|upkeep\n|turn|20\n|\n|t:|1782746235\n|move|p1a: Coalossal|Rapid Spin|p2a: Garganacl\n|-resisted|p2a: Garganacl\n|-damage|p2a: Garganacl|277/291\n|-boost|p1a: Coalossal|spe|1\n|-sideend|p1: hong hoornstaart|Stealth Rock|[from] move: Rapid Spin|[of] p1a: Coalossal\n|move|p2a: Garganacl|Body Press|p1a: Coalossal\n|-supereffective|p1a: Coalossal\n|-damage|p1a: Coalossal|163/341\n|\n|-heal|p2a: Garganacl|291/291|[from] item: Leftovers\n|upkeep\n|turn|21\n|\n|t:|1782746243\n|switch|p1a: Farigiraf|Farigiraf, L90, F|227/362\n|move|p2a: Garganacl|Salt Cure|p1a: Farigiraf\n|-crit|p1a: Farigiraf\n|-damage|p1a: Farigiraf|157/362\n|-start|p1a: Farigiraf|Salt Cure\n|\n|-heal|p1a: Farigiraf|179/362|[from] item: Leftovers\n|-damage|p1a: Farigiraf|134/362|[from] Salt Cure\n|upkeep\n|turn|22\n|\n|t:|1782746253\n|move|p1a: Farigiraf|Wish|p1a: Farigiraf\n|move|p2a: Garganacl|Iron Defense|p2a: Garganacl\n|-boost|p2a: Garganacl|def|2\n|\n|-heal|p1a: Farigiraf|156/362|[from] item: Leftovers\n|-damage|p1a: Farigiraf|111/362|[from] Salt Cure\n|upkeep\n|turn|23\n|\n|t:|1782746263\n|move|p1a: Farigiraf|Psychic Noise|p2a: Garganacl\n|-damage|p2a: Garganacl|186/291\n|-start|p2a: Garganacl|move: Heal Block\n|move|p2a: Garganacl|Iron Defense|p2a: Garganacl\n|-boost|p2a: Garganacl|def|2\n|\n|-heal|p1a: Farigiraf|292/362|[from] move: Wish|[wisher] Farigiraf\n|-heal|p1a: Farigiraf|314/362|[from] item: Leftovers\n|-damage|p1a: Farigiraf|269/362|[from] Salt Cure\n|upkeep\n|turn|24\n|\n|t:|1782746268\n|move|p1a: Farigiraf|Psychic Noise|p2a: Garganacl\n|-damage|p2a: Garganacl|90/291\n|move|p2a: Garganacl|Body Press|p1a: Farigiraf\n|-damage|p1a: Farigiraf|55/362\n|\n|-heal|p1a: Farigiraf|77/362|[from] item: Leftovers\n|-damage|p1a: Farigiraf|32/362|[from] Salt Cure\n|-end|p2a: Garganacl|move: Heal Block\n|upkeep\n|turn|25\n|\n|t:|1782746276\n|switch|p2a: Palkia|Palkia-Origin, L72|249/249\n|-ability|p2a: Palkia|Pressure\n|move|p1a: Farigiraf|Psychic Noise|p2a: Palkia\n|-crit|p2a: Palkia\n|-damage|p2a: Palkia|119/249\n|-start|p2a: Palkia|move: Heal Block\n|\n|-heal|p1a: Farigiraf|54/362|[from] item: Leftovers\n|-damage|p1a: Farigiraf|9/362|[from] Salt Cure\n|upkeep\n|turn|26\n|\n|t:|1782746290\n|switch|p1a: Dusknoir|Dusknoir, L89, M|23/225\n|-item|p2a: Palkia|Lustrous Globe|[from] ability: Frisk|[of] p1a: Dusknoir\n|move|p2a: Palkia|Hydro Pump|p1a: Dusknoir\n|-damage|p1a: Dusknoir|0 fnt\n|faint|p1a: Dusknoir\n|\n|-end|p2a: Palkia|move: Heal Block\n|upkeep\n|\n|t:|1782746303\n|switch|p1a: Meowstic|Meowstic, L89, M|277/277\n|turn|27\n|\n|t:|1782746309\n|move|p1a: Meowstic|Alluring Voice|p2a: Palkia\n|-supereffective|p2a: Palkia\n|-damage|p2a: Palkia|21/249\n|move|p2a: Palkia|Thunder Wave|p1a: Meowstic\n|-status|p1a: Meowstic|par\n|\n|upkeep\n|turn|28\n|\n|t:|1782746314\n|switch|p2a: Donphan|Donphan, L84, F|288/288\n|move|p1a: Meowstic|Psychic Noise|p2a: Donphan\n|-damage|p2a: Donphan|188/288\n|-start|p2a: Donphan|move: Heal Block\n|\n|upkeep\n|turn|29\n|\n|t:|1782746324\n|switch|p1a: Persian|Persian-Alola, L86, M|252/252\n|move|p2a: Donphan|Stealth Rock|p1a: Persian\n|-sidestart|p1: hong hoornstaart|move: Stealth Rock\n|\n|-end|p2a: Donphan|move: Heal Block\n|upkeep\n|turn|30\n|\n|t:|1782746329\n|move|p1a: Persian|Nasty Plot|p1a: Persian\n|-boost|p1a: Persian|spa|2\n|move|p2a: Donphan|Earthquake|p1a: Persian\n|-damage|p1a: Persian|168/252\n|\n|-heal|p2a: Donphan|206/288|[from] item: Leftovers\n|upkeep\n|turn|31\n|\n|t:|1782746338\n|move|p1a: Persian|Dark Pulse|p2a: Donphan\n|-damage|p2a: Donphan|0 fnt\n|faint|p2a: Donphan\n|-damage|p1a: Persian|143/252|[from] item: Life Orb\n|\n|upkeep\n|\n|t:|1782746342\n|switch|p2a: Glastrier|Glastrier, L86|230/312\n|turn|32\n|\n|t:|1782746376\n|move|p1a: Persian|Burning Jealousy|p2a: Glastrier\n|-supereffective|p2a: Glastrier\n|-damage|p2a: Glastrier|35/312\n|-damage|p1a: Persian|118/252|[from] item: Life Orb\n|move|p2a: Glastrier|Icicle Crash|p1a: Persian\n|-damage|p1a: Persian|39/252\n|\n|upkeep\n|turn|33\n|\n|t:|1782746391\n|move|p1a: Persian|Dark Pulse|p2a: Glastrier\n|-damage|p2a: Glastrier|0 fnt\n|faint|p2a: Glastrier\n|-damage|p1a: Persian|14/252|[from] item: Life Orb\n|\n|upkeep\n|\n|t:|1782746415\n|switch|p2a: Palkia|Palkia-Origin, L72|21/249\n|-ability|p2a: Palkia|Pressure\n|turn|34\n|\n|t:|1782746420\n|move|p1a: Persian|Dark Pulse|p2a: Palkia\n|-damage|p2a: Palkia|0 fnt\n|faint|p2a: Palkia\n|-damage|p1a: Persian|0 fnt|[from] item: Life Orb\n|faint|p1a: Persian\n|\n|upkeep\n|\n|t:|1782746431\n|switch|p1a: Meowstic|Meowstic, L89, M|277/277 par\n|switch|p2a: Kyurem|Kyurem-White, L73|134/303\n|-ability|p2a: Kyurem|Turboblaze\n|-damage|p1a: Meowstic|243/277 par|[from] Stealth Rock\n|turn|35\n|\n|t:|1782746440\n|move|p1a: Meowstic|Light Screen|p1a: Meowstic\n|-sidestart|p1: hong hoornstaart|move: Light Screen\n|move|p2a: Kyurem|Ice Beam|p1a: Meowstic\n|-damage|p1a: Meowstic|157/277 par\n|\n|upkeep\n|turn|36\n|\n|t:|1782746447\n|switch|p1a: Coalossal|Coalossal, L89, F|163/341\n|move|p2a: Kyurem|Ice Beam|p1a: Coalossal\n|-resisted|p1a: Coalossal\n|-damage|p1a: Coalossal|120/341\n|\n|upkeep\n|turn|37\n|\n|t:|1782746454\n|switch|p2a: Garganacl|Garganacl, L80, M|90/291\n|move|p1a: Coalossal|Rapid Spin|p2a: Garganacl\n|-resisted|p2a: Garganacl\n|-damage|p2a: Garganacl|75/291\n|-boost|p1a: Coalossal|spe|1\n|-sideend|p1: hong hoornstaart|Stealth Rock|[from] move: Rapid Spin|[of] p1a: Coalossal\n|\n|-heal|p2a: Garganacl|93/291|[from] item: Leftovers\n|upkeep\n|turn|38\n|\n|t:|1782746471\n|switch|p1a: Farigiraf|Farigiraf, L90, F|9/362\n|move|p2a: Garganacl|Recover|p2a: Garganacl\n|-heal|p2a: Garganacl|239/291\n|\n|-heal|p1a: Farigiraf|31/362|[from] item: Leftovers\n|-heal|p2a: Garganacl|257/291|[from] item: Leftovers\n|upkeep\n|turn|39\n|\n|t:|1782746473\n|move|p1a: Farigiraf|Psychic Noise|p2a: Garganacl\n|-damage|p2a: Garganacl|148/291\n|-start|p2a: Garganacl|move: Heal Block\n|move|p2a: Garganacl|Salt Cure|p1a: Farigiraf\n|-damage|p1a: Farigiraf|0 fnt\n|faint|p1a: Farigiraf\n|\n|upkeep\n|\n|t:|1782746477\n|switch|p1a: Meowstic|Meowstic, L89, M|157/277 par\n|turn|40\n|\n|t:|1782746485\n|switch|p2a: Kyurem|Kyurem-White, L73|134/303\n|-ability|p2a: Kyurem|Turboblaze\n|-terastallize|p1a: Meowstic|Fairy\n|move|p1a: Meowstic|Alluring Voice|p2a: Kyurem\n|-supereffective|p2a: Kyurem\n|-damage|p2a: Kyurem|0 fnt\n|faint|p2a: Kyurem\n|\n|upkeep\n|j| brianfut\n|\n|t:|1782746491\n|switch|p2a: Garganacl|Garganacl, L80, M|148/291\n|turn|41\n|\n|t:|1782746495\n|move|p1a: Meowstic|Psychic Noise|p2a: Garganacl\n|-damage|p2a: Garganacl|67/291\n|-start|p2a: Garganacl|move: Heal Block\n|move|p2a: Garganacl|Salt Cure|p1a: Meowstic\n|-damage|p1a: Meowstic|112/277 par\n|-start|p1a: Meowstic|Salt Cure\n|\n|-damage|p1a: Meowstic|78/277 par|[from] Salt Cure\n|upkeep\n|turn|42\n|\n|t:|1782746501\n|move|p1a: Meowstic|Psychic Noise|p2a: Garganacl\n|-damage|p2a: Garganacl|0 fnt\n|faint|p2a: Garganacl\n|\n|win|hong hoornstaart\n|raw|hong hoornstaart's rating: 2290 &rarr; <strong>2317</strong><br />(+27 for winning)\n|raw|MichaelderBeste2's rating: 2408 &rarr; <strong>2381</strong><br />(-27 for losing)\n", "inputlog": ">version f8ac14003a5f27e1bdc8d8c59608a773c1cb96e5\n>start {\"formatid\":\"gen9randombattle\",\"seed\":\"sodium,b3d9052914aaddb4dd4a913ff086c703\",\"rated\":\"Rated battle\"}\n>player p1 {\"name\":\"hong hoornstaart\",\"avatar\":\"101\",\"rating\":2290,\"seed\":\"sodium,ecca7b8b04b8fb0be63b0f49779d56b8\"}\n>player p2 {\"name\":\"MichaelderBeste2\",\"avatar\":\"#wcop2026germany\",\"rating\":2408,\"seed\":\"sodium,0a6f64d6abd519adc152eb25ea0c05f4\"}\n>p1 move sacredfire\n>p2 switch 4\n>p1 switch 5\n>p2 move saltcure\n>p1 move psychicnoise\n>p2 switch 2\n>p1 switch 4\n>p2 move iciclecrash\n>p1 move earthquake\n>p2 switch 5\n>p1 move earthquake\n>p2 move knockoff\n>p2 switch 4\n>p1 switch 5\n>p2 move icebeam\n>p1 switch 2\n>p2 move icebeam\n>p1 switch 5\n>p2 switch 3\n>p1 switch 2\n>p2 move earthquake\n>p1 switch 2\n>p2 move stealthrock\n>p1 switch 2\n>p2 move earthquake\n>p1 move sacredfire\n>p2 switch 2\n>p1 switch 4\n>p2 move saltcure\n>p1 move wish\n>p2 move bodypress\n>p1 move psychicnoise\n>p2 switch 3\n>p1 switch 4\n>p2 move dracometeor\n>p1 move earthquake\n>p2 move dracometeor\n>p1 switch 5\n>p2 switch 3\n>p1 move rapidspin\n>p2 move bodypress\n>p1 switch 4\n>p2 move saltcure\n>p1 move wish\n>p2 move irondefense\n>p1 move psychicnoise\n>p2 move irondefense\n>p1 move psychicnoise\n>p2 move bodypress\n>p1 move psychicnoise\n>p2 switch 6\n>p1 switch 2\n>p2 move hydropump\n>p1 switch 3\n>p1 move alluringvoice\n>p2 move thunderwave\n>p1 move psychicnoise\n>p2 switch 2\n>p1 switch 6\n>p2 move stealthrock\n>p1 move nastyplot\n>p2 move earthquake\n>p1 move darkpulse\n>p2 move earthquake\n>p2 switch 5\n>p1 move burningjealousy\n>p2 move iciclecrash\n>p1 move darkpulse\n>p2 move iciclecrash\n>p2 switch 2\n>p1 move darkpulse\n>p2 move hydropump\n>p1 switch 6\n>p2 switch 3\n>p1 move lightscreen\n>p2 move icebeam\n>p1 switch 4\n>p2 move icebeam\n>p1 move rapidspin\n>p2 switch 6\n>p1 switch 2\n>p2 move recover\n>p1 move psychicnoise\n>p2 move saltcure\n>p1 switch 4\n>p1 move alluringvoice terastallize\n>p2 switch 6\n>p2 switch 6\n>p1 move psychicnoise\n>p2 move saltcure\n>p1 move psychicnoise\n>p2 move irondefense", "uploadtime": 1782746501, "views": 18, "formatid": "gen9randombattle", "rating": 2317, "private": 0, "password": null, "player_dets": [{"name": "hong hoornstaart", "avatar": "101", "rating": 2290, "seed": "sodium,ecca7b8b04b8fb0be63b0f49779d56b8"}, {"name": "MichaelderBeste2", "avatar": "#wcop2026germany", "rating": 2408, "seed": "sodium,0a6f64d6abd519adc152eb25ea0c05f4"}], "teams_full": [{"Ho-Oh": {"name": "Ho-Oh", "species": "Ho-Oh", "speciesId": "hooh", "gender": "N", "shiny": false, "level": 71, "moves": ["bravebird", "sacredfire", "recover", "earthquake"], "ability": "Regenerator", "evs": {"hp": 85, "atk": 85, "def": 85, "spa": 85, "spd": 85, "spe": 85}, "ivs": {"hp": 31, "atk": 31, "def": 31, "spa": 31, "spd": 31, "spe": 31}, "item": "Heavy-Duty Boots", "teraType": "Ground", "role": "Bulky Attacker", "bvs": {"hp": 106, "atk": 130, "def": 90, "spa": 110, "spd": 154, "spe": 90}, "stats": {"hp": 268, "atk": 226, "def": 169, "spa": 198, "spd": 260, "spe": 169}, "types": ["Fire", "Flying"]}, "Coalossal": {"name": "Coalossal", "species": "Coalossal", "speciesId": "coalossal", "gender": "F", "shiny": false, "level": 89, "moves": ["willowisp", "stoneedge", "overheat", "rapidspin"], "ability": "Flame Body", "evs": {"hp": 85, "atk": 85, "def": 85, "spa": 85, "spd": 85, "spe": 85}, "ivs": {"hp": 31, "atk": 31, "def": 31, "spa": 31, "spd": 31, "spe": 31}, "item": "Heavy-Duty Boots", "teraType": "Grass", "role": "Bulky Support", "bvs": {"hp": 110, "atk": 80, "def": 120, "spa": 80, "spd": 90, "spe": 30}, "stats": {"hp": 341, "atk": 193, "def": 264, "spa": 193, "spd": 211, "spe": 104}, "types": ["Rock", "Fire"]}, "Meowstic": {"name": "Meowstic", "species": "Meowstic", "speciesId": "meowstic", "gender": "M", "shiny": false, "level": 89, "moves": ["alluringvoice", "reflect", "lightscreen", "psychicnoise"], "ability": "Prankster", "evs": {"hp": 85, "atk": 0, "def": 85, "spa": 85, "spd": 85, "spe": 85}, "ivs": {"hp": 31, "atk": 0, "def": 31, "spa": 31, "spd": 31, "spe": 31}, "item": "Light Clay", "teraType": "Fairy", "role": "Bulky Support", "bvs": {"hp": 74, "atk": 48, "def": 76, "spa": 83, "spd": 81, "spe": 104}, "stats": {"hp": 277, "atk": 90, "def": 186, "spa": 199, "spd": 195, "spe": 236}, "types": ["Psychic"]}, "Dusknoir": {"name": "Dusknoir", "species": "Dusknoir", "speciesId": "dusknoir", "gender": "M", "shiny": false, "level": 89, "moves": ["shadowsneak", "earthquake", "poltergeist", "willowisp"], "ability": "Frisk", "evs": {"hp": 85, "atk": 85, "def": 85, "spa": 85, "spd": 85, "spe": 85}, "ivs": {"hp": 31, "atk": 31, "def": 31, "spa": 31, "spd": 31, "spe": 31}, "item": "Leftovers", "teraType": "Dark", "role": "Bulky Support", "bvs": {"hp": 45, "atk": 100, "def": 135, "spa": 65, "spd": 135, "spe": 45}, "stats": {"hp": 225, "atk": 229, "def": 291, "spa": 166, "spd": 291, "spe": 131}, "types": ["Ghost"]}, "Farigiraf": {"name": "Farigiraf", "species": "Farigiraf", "speciesId": "farigiraf", "gender": "F", "shiny": false, "level": 90, "moves": ["psychicnoise", "protect", "bodyslam", "wish"], "ability": "Sap Sipper", "evs": {"hp": 85, "atk": 85, "def": 85, "spa": 85, "spd": 85, "spe": 85}, "ivs": {"hp": 31, "atk": 31, "def": 31, "spa": 31, "spd": 31, "spe": 31}, "item": "Leftovers", "teraType": "Ground", "role": "Bulky Support", "bvs": {"hp": 120, "atk": 90, "def": 70, "spa": 110, "spd": 70, "spe": 60}, "stats": {"hp": 362, "atk": 213, "def": 177, "spa": 249, "spd": 177, "spe": 159}, "types": ["Normal", "Psychic"]}, "Persian": {"name": "Persian", "species": "Persian-Alola", "speciesId": "persianalola", "gender": "M", "shiny": false, "level": 86, "moves": ["burningjealousy", "darkpulse", "nastyplot", "thunderbolt"], "ability": "Fur Coat", "evs": {"hp": 85, "atk": 0, "def": 85, "spa": 85, "spd": 85, "spe": 85}, "ivs": {"hp": 31, "atk": 0, "def": 31, "spa": 31, "spd": 31, "spe": 31}, "item": "Life Orb", "teraType": "Electric", "role": "Fast Bulky Setup", "bvs": {"hp": 65, "atk": 60, "def": 60, "spa": 75, "spd": 65, "spe": 115}, "stats": {"hp": 252, "atk": 108, "def": 152, "spa": 178, "spd": 161, "spe": 247}, "types": ["Dark"]}}, {"Kyurem": {"name": "Kyurem", "species": "Kyurem-White", "speciesId": "kyuremwhite", "gender": "N", "shiny": false, "level": 73, "moves": ["freezedry", "icebeam", "fusionflare", "dracometeor"], "ability": "Turboblaze", "evs": {"hp": 85, "atk": 0, "def": 85, "spa": 85, "spd": 85, "spe": 85}, "ivs": {"hp": 31, "atk": 0, "def": 31, "spa": 31, "spd": 31, "spe": 31}, "item": "Choice Specs", "teraType": "Ice", "role": "Bulky Attacker", "bvs": {"hp": 125, "atk": 120, "def": 90, "spa": 170, "spd": 100, "spe": 95}, "stats": {"hp": 303, "atk": 180, "def": 174, "spa": 291, "spd": 188, "spe": 181}, "types": ["Dragon", "Ice"]}, "Glastrier": {"name": "Glastrier", "species": "Glastrier", "speciesId": "glastrier", "gender": "N", "shiny": false, "level": 86, "moves": ["closecombat", "highhorsepower", "iciclecrash", "swordsdance"], "ability": "Chilling Neigh", "evs": {"hp": 85, "atk": 85, "def": 85, "spa": 85, "spd": 85, "spe": 85}, "ivs": {"hp": 31, "atk": 31, "def": 31, "spa": 31, "spd": 31, "spe": 31}, "item": "Heavy-Duty Boots", "teraType": "Fighting", "role": "Bulky Attacker", "bvs": {"hp": 100, "atk": 145, "def": 130, "spa": 65, "spd": 110, "spe": 30}, "stats": {"hp": 312, "atk": 299, "def": 273, "spa": 161, "spd": 238, "spe": 101}, "types": ["Ice"]}, "Donphan": {"name": "Donphan", "species": "Donphan", "speciesId": "donphan", "gender": "F", "shiny": false, "level": 84, "moves": ["earthquake", "stealthrock", "rapidspin", "icespinner"], "ability": "Sturdy", "evs": {"hp": 85, "atk": 85, "def": 85, "spa": 85, "spd": 85, "spe": 85}, "ivs": {"hp": 31, "atk": 31, "def": 31, "spa": 31, "spd": 31, "spe": 31}, "item": "Leftovers", "teraType": "Water", "role": "Bulky Support", "bvs": {"hp": 90, "atk": 120, "def": 120, "spa": 60, "spd": 60, "spe": 50}, "stats": {"hp": 288, "atk": 250, "def": 250, "spa": 149, "spd": 149, "spe": 132}, "types": ["Ground"]}, "Garganacl": {"name": "Garganacl", "species": "Garganacl", "speciesId": "garganacl", "gender": "M", "shiny": false, "level": 80, "moves": ["irondefense", "saltcure", "bodypress", "recover"], "ability": "Purifying Salt", "evs": {"hp": 85, "atk": 85, "def": 85, "spa": 85, "spd": 85, "spe": 85}, "ivs": {"hp": 31, "atk": 31, "def": 31, "spa": 31, "spd": 31, "spe": 31}, "item": "Leftovers", "teraType": "Ghost", "role": "Bulky Setup", "bvs": {"hp": 100, "atk": 100, "def": 130, "spa": 45, "spd": 90, "spe": 35}, "stats": {"hp": 291, "atk": 206, "def": 254, "spa": 118, "spd": 190, "spe": 102}, "types": ["Rock"]}, "Seviper": {"name": "Seviper", "species": "Seviper", "speciesId": "seviper", "gender": "F", "shiny": false, "level": 93, "moves": ["gunkshot", "knockoff", "glare", "gigadrain"], "ability": "Infiltrator", "evs": {"hp": 85, "atk": 85, "def": 85, "spa": 85, "spd": 85, "spe": 85}, "ivs": {"hp": 31, "atk": 31, "def": 31, "spa": 31, "spd": 31, "spe": 31}, "item": "Life Orb", "teraType": "Poison", "role": "Fast Attacker", "bvs": {"hp": 73, "atk": 100, "def": 60, "spa": 100, "spd": 60, "spe": 65}, "stats": {"hp": 287, "atk": 239, "def": 164, "spa": 239, "spd": 164, "spe": 174}, "types": ["Poison"]}, "Palkia": {"name": "Palkia", "species": "Palkia-Origin", "speciesId": "palkiaorigin", "gender": "N", "shiny": false, "level": 72, "moves": ["dracometeor", "hydropump", "thunderwave", "fireblast"], "ability": "Pressure", "evs": {"hp": 85, "atk": 0, "def": 85, "spa": 85, "spd": 85, "spe": 85}, "ivs": {"hp": 31, "atk": 0, "def": 31, "spa": 31, "spd": 31, "spe": 31}, "item": "Lustrous Globe", "teraType": "Water", "role": "Bulky Attacker", "bvs": {"hp": 90, "atk": 100, "def": 100, "spa": 150, "spd": 120, "spe": 120}, "stats": {"hp": 249, "atk": 149, "def": 186, "spa": 258, "spd": 215, "spe": 215}, "types": ["Water", "Dragon"]}}]}