{"id": "gen9randombattle-2641585784", "format": "[Gen 9] Random Battle", "players": ["Gerku", "Spals"], "log": "|j|\u2606Gerku\n|j|\u2606Spals\n|t:|1782813451\n|gametype|singles\n|player|p1|Gerku|169|2120\n|player|p2|Spals|fisherman-gen4|2070\n|gen|9\n|tier|[Gen 9] Random Battle\n|rated|\n|rule|Species Clause: Limit one of each Pok\u00e9mon\n|rule|HP Percentage Mod: HP is shown in percentages\n|rule|Sleep Clause Mod: Limit one foe put to sleep\n|rule|Illusion Level Mod: Illusion disguises the Pok\u00e9mon's true level\n|\n|t:|1782813451\n|teamsize|p1|6\n|teamsize|p2|6\n|start\n|switch|p1a: Scizor|Scizor, L79, M|240/240\n|switch|p2a: Tinkaton|Tinkaton, L82, F|274/274\n|-ability|p2a: Tinkaton|Mold Breaker\n|turn|1\n|inactive|Battle timer is ON: inactive players will automatically lose when time's up. (requested by Spals)\n|inactive|Spals has 120 seconds left.\n|\n|t:|1782813496\n|move|p2a: Tinkaton|Knock Off|p1a: Scizor\n|-damage|p1a: Scizor|189/240\n|-enditem|p1a: Scizor|Life Orb|[from] move: Knock Off|[of] p2a: Tinkaton\n|move|p1a: Scizor|Swords Dance|p1a: Scizor\n|-boost|p1a: Scizor|atk|2\n|\n|upkeep\n|turn|2\n|inactive|Spals has 120 seconds left.\n|\n|t:|1782813533\n|move|p1a: Scizor|Bullet Punch|p2a: Tinkaton\n|-damage|p2a: Tinkaton|114/274\n|move|p2a: Tinkaton|Gigaton Hammer|p1a: Scizor\n|-resisted|p1a: Scizor\n|-damage|p1a: Scizor|126/240\n|\n|-heal|p2a: Tinkaton|131/274|[from] item: Leftovers\n|upkeep\n|turn|3\n|\n|t:|1782813540\n|switch|p2a: Gogoat|Gogoat, L88, M|360/360\n|move|p1a: Scizor|Bullet Punch|p2a: Gogoat\n|-damage|p2a: Gogoat|191/360\n|\n|-heal|p2a: Gogoat|213/360|[from] item: Leftovers\n|upkeep\n|turn|4\n|\n|t:|1782813548\n|move|p2a: Gogoat|Earthquake|p1a: Scizor\n|-damage|p1a: Scizor|45/240\n|move|p1a: Scizor|Bug Bite|p2a: Gogoat\n|-supereffective|p2a: Gogoat\n|-damage|p2a: Gogoat|0 fnt\n|faint|p2a: Gogoat\n|\n|upkeep\n|\n|t:|1782813555\n|switch|p2a: Greninja|Greninja, L80, M|246/246\n|turn|5\n|\n|t:|1782813566\n|switch|p1a: Magearna|Magearna-Original, L77|250/250\n|move|p2a: Greninja|Dark Pulse|p1a: Magearna\n|-resisted|p1a: Magearna\n|-damage|p1a: Magearna|202/250\n|-damage|p2a: Greninja|222/246|[from] item: Life Orb\n|\n|-heal|p1a: Magearna|217/250|[from] item: Leftovers\n|upkeep\n|turn|6\n|\n|t:|1782813585\n|switch|p2a: Tinkaton|Tinkaton, L82, F|131/274\n|-ability|p2a: Tinkaton|Mold Breaker\n|move|p1a: Magearna|Shift Gear|p1a: Magearna\n|-boost|p1a: Magearna|spe|2\n|-boost|p1a: Magearna|atk|1\n|\n|-heal|p1a: Magearna|232/250|[from] item: Leftovers\n|-heal|p2a: Tinkaton|148/274|[from] item: Leftovers\n|upkeep\n|turn|7\n|\n|t:|1782813594\n|move|p1a: Magearna|Flash Cannon|p2a: Tinkaton\n|-crit|p2a: Tinkaton\n|-damage|p2a: Tinkaton|33/274\n|move|p2a: Tinkaton|Gigaton Hammer|p1a: Magearna\n|-damage|p1a: Magearna|112/250\n|\n|-heal|p1a: Magearna|127/250|[from] item: Leftovers\n|-heal|p2a: Tinkaton|50/274|[from] item: Leftovers\n|upkeep\n|turn|8\n|\n|t:|1782813602\n|move|p1a: Magearna|Flash Cannon|p2a: Tinkaton\n|-damage|p2a: Tinkaton|0 fnt\n|faint|p2a: Tinkaton\n|-ability|p1a: Magearna|Soul-Heart|boost\n|-boost|p1a: Magearna|spa|1\n|\n|-heal|p1a: Magearna|142/250|[from] item: Leftovers\n|upkeep\n|\n|t:|1782813606\n|switch|p2a: Blissey|Blissey, L85, F|572/572\n|turn|9\n|\n|t:|1782813616\n|switch|p1a: Rhyperior|Rhyperior, L82, M|323/323\n|move|p2a: Blissey|Stealth Rock|p1a: Rhyperior\n|-sidestart|p1: Gerku|move: Stealth Rock\n|\n|upkeep\n|turn|10\n|\n|t:|1782813623\n|switch|p2a: Virizion|Virizion, L82|283/283\n|move|p1a: Rhyperior|Earthquake|p2a: Virizion\n|-resisted|p2a: Virizion\n|-damage|p2a: Virizion|154/283\n|\n|upkeep\n|turn|11\n|\n|t:|1782813638\n|switch|p1a: Cyclizar|Cyclizar, L83, M|252/252\n|move|p2a: Virizion|Swords Dance|p2a: Virizion\n|-boost|p2a: Virizion|atk|2\n|\n|upkeep\n|turn|12\n|\n|t:|1782813650\n|move|p1a: Cyclizar|Shed Tail|p1a: Cyclizar\n|-start|p1a: Cyclizar|Substitute|[from] move: Shed Tail\n|-damage|p1a: Cyclizar|126/252\n|\n|t:|1782813653\n|switch|p1a: Espeon|Espeon, L84, M|246/246|[from] Shed Tail\n|-damage|p1a: Espeon|216/246|[from] Stealth Rock\n|move|p2a: Virizion|Close Combat|p1a: Espeon\n|-resisted|p1a: Espeon\n|-end|p1a: Espeon|Substitute\n|-unboost|p2a: Virizion|def|1\n|-unboost|p2a: Virizion|spd|1\n|-damage|p2a: Virizion|126/283|[from] item: Life Orb\n|\n|upkeep\n|turn|13\n|\n|t:|1782813666\n|switch|p2a: Blissey|Blissey, L85, F|572/572\n|move|p1a: Espeon|Psychic|p2a: Blissey\n|-damage|p2a: Blissey|455/572\n|-damage|p1a: Espeon|192/246|[from] item: Life Orb\n|\n|-heal|p2a: Blissey|490/572|[from] item: Leftovers\n|upkeep\n|turn|14\n|\n|t:|1782813673\n|switch|p1a: Rhyperior|Rhyperior, L82, M|323/323\n|-damage|p1a: Rhyperior|303/323|[from] Stealth Rock\n|switch|p2a: Virizion|Virizion, L82|126/283\n|\n|upkeep\n|turn|15\n|\n|t:|1782813685\n|-terastallize|p1a: Rhyperior|Bug\n|move|p2a: Virizion|Leaf Blade|p1a: Rhyperior\n|-resisted|p1a: Rhyperior\n|-damage|p1a: Rhyperior|264/323\n|-damage|p2a: Virizion|98/283|[from] item: Life Orb\n|move|p1a: Rhyperior|Ice Punch|p2a: Virizion\n|-supereffective|p2a: Virizion\n|-damage|p2a: Virizion|0 fnt\n|faint|p2a: Virizion\n|\n|upkeep\n|\n|t:|1782813692\n|switch|p2a: Greninja|Greninja, L80, M|222/246\n|turn|16\n|\n|t:|1782813706\n|switch|p1a: Cyclizar|Cyclizar, L83, M|210/252\n|move|p2a: Greninja|Hydro Pump|p1a: Cyclizar\n|-resisted|p1a: Cyclizar\n|-damage|p1a: Cyclizar|124/252\n|-damage|p2a: Greninja|198/246|[from] item: Life Orb\n|\n|upkeep\n|turn|17\n|\n|t:|1782813714\n|move|p1a: Cyclizar|Draco Meteor|p2a: Greninja\n|-damage|p2a: Greninja|57/246\n|-unboost|p1a: Cyclizar|spa|2\n|move|p2a: Greninja|Hydro Pump|p1a: Cyclizar|[miss]\n|-miss|p2a: Greninja|p1a: Cyclizar\n|\n|upkeep\n|turn|18\n|\n|t:|1782813721\n|switch|p2a: Blissey|Blissey, L85, F|490/572\n|move|p1a: Cyclizar|Rapid Spin|p2a: Blissey\n|-damage|p2a: Blissey|348/572\n|-boost|p1a: Cyclizar|spe|1\n|-sideend|p1: Gerku|Stealth Rock|[from] move: Rapid Spin|[of] p1a: Cyclizar\n|\n|-heal|p2a: Blissey|383/572|[from] item: Leftovers\n|upkeep\n|turn|19\n|\n|t:|1782813730\n|switch|p1a: Rhyperior|Rhyperior, L82, M, tera:Bug|264/323\n|move|p2a: Blissey|Seismic Toss|p1a: Rhyperior\n|-damage|p1a: Rhyperior|179/323\n|\n|-heal|p2a: Blissey|418/572|[from] item: Leftovers\n|upkeep\n|turn|20\n|\n|t:|1782813737\n|move|p2a: Blissey|Stealth Rock|p1a: Rhyperior\n|-sidestart|p1: Gerku|move: Stealth Rock\n|move|p1a: Rhyperior|Earthquake|p2a: Blissey\n|-damage|p2a: Blissey|0 fnt\n|faint|p2a: Blissey\n|\n|upkeep\n|\n|t:|1782813741\n|switch|p2a: Greninja|Greninja, L80, M|57/246\n|turn|21\n|\n|t:|1782813747\n|switch|p1a: Cyclizar|Cyclizar, L83, M|208/252\n|-terastallize|p2a: Greninja|Water\n|move|p2a: Greninja|Hydro Pump|p1a: Cyclizar\n|-resisted|p1a: Cyclizar\n|-damage|p1a: Cyclizar|82/252\n|-damage|p2a: Greninja|33/246|[from] item: Life Orb\n|\n|upkeep\n|turn|22\n|\n|t:|1782813755\n|move|p1a: Cyclizar|Rapid Spin|p2a: Greninja\n|-crit|p2a: Greninja\n|-damage|p2a: Greninja|0 fnt\n|-boost|p1a: Cyclizar|spe|1\n|-sideend|p1: Gerku|Stealth Rock|[from] move: Rapid Spin|[of] p1a: Cyclizar\n|faint|p2a: Greninja\n|\n|upkeep\n|\n|t:|1782813757\n|switch|p2a: Scrafty|Scrafty, L83, M|244/244\n|-ability|p2a: Scrafty|Intimidate|boost\n|-unboost|p1a: Cyclizar|atk|1\n|turn|23\n|\n|t:|1782813763\n|move|p1a: Cyclizar|Taunt|p2a: Scrafty\n|-start|p2a: Scrafty|move: Taunt\n|cant|p2a: Scrafty|move: Taunt|Dragon Dance\n|\n|upkeep\n|turn|24\n|-message|Spals forfeited.\n|\n|win|Gerku\n|raw|Gerku's rating: 2120 &rarr; <strong>2137</strong><br />(+17 for winning)\n|raw|Spals's rating: 2070 &rarr; <strong>2053</strong><br />(-17 for losing)\n", "inputlog": ">version f8ac14003a5f27e1bdc8d8c59608a773c1cb96e5\n>start {\"formatid\":\"gen9randombattle\",\"seed\":\"sodium,371fcdc036d23909ec0f86561c2f98c8\",\"rated\":\"Rated battle\"}\n>player p1 {\"name\":\"Gerku\",\"avatar\":\"169\",\"rating\":2120,\"seed\":\"sodium,2099df5843693e8200e72f5230e8594c\"}\n>player p2 {\"name\":\"Spals\",\"avatar\":\"fisherman-gen4\",\"rating\":2070,\"seed\":\"sodium,4bd4cce33a4de983b841e026bbd42813\"}\n>p1 move swordsdance\n>p2 move knockoff\n>p1 move bulletpunch\n>p2 move gigatonhammer\n>p1 move bulletpunch\n>p2 switch 5\n>p1 move bugbite\n>p2 move earthquake\n>p2 switch 6\n>p1 switch 6\n>p2 move darkpulse\n>p1 move shiftgear\n>p2 switch 5\n>p1 move flashcannon\n>p2 move gigatonhammer\n>p1 move flashcannon\n>p2 move knockoff\n>p2 switch 2\n>p1 switch 4\n>p2 move stealthrock\n>p1 move earthquake\n>p2 switch 3\n>p1 switch 3\n>p2 move swordsdance\n>p1 move shedtail\n>p2 move closecombat\n>p1 switch 2\n>p1 move psychic\n>p2 switch 3\n>p1 switch 3\n>p2 switch 3\n>p1 move icepunch terastallize\n>p2 move leafblade\n>p2 switch 5\n>p1 switch 2\n>p2 move hydropump\n>p1 move dracometeor\n>p2 move hydropump\n>p1 move rapidspin\n>p2 switch 3\n>p1 switch 2\n>p2 move seismictoss\n>p1 move earthquake\n>p2 move stealthrock\n>p2 switch 3\n>p1 switch 2\n>p2 move hydropump terastallize\n>p1 move rapidspin\n>p2 move hydropump\n>p2 switch 4\n>p1 move taunt\n>p2 move dragondance\n>forcelose p2", "uploadtime": 1782813453, "views": 8, "formatid": "gen9randombattle", "rating": 2053, "private": 0, "password": null, "player_dets": [{"name": "Gerku", "avatar": "169", "rating": 2120, "seed": "sodium,2099df5843693e8200e72f5230e8594c"}, {"name": "Spals", "avatar": "fisherman-gen4", "rating": 2070, "seed": "sodium,4bd4cce33a4de983b841e026bbd42813"}], "teams_full": [{"Scizor": {"name": "Scizor", "species": "Scizor", "speciesId": "scizor", "gender": "M", "shiny": false, "level": 79, "moves": ["bugbite", "swordsdance", "bulletpunch", "closecombat"], "ability": "Technician", "evs": {"hp": 85, "atk": 85, "def": 85, "spa": 85, "spd": 85, "spe": 85}, "ivs": {"hp": 31, "atk": 31, "def": 31, "spa": 31, "spd": 31, "spe": 31}, "item": "Life Orb", "teraType": "Steel", "role": "Setup Sweeper", "bvs": {"hp": 70, "atk": 130, "def": 100, "spa": 55, "spd": 80, "spe": 65}, "stats": {"hp": 240, "atk": 251, "def": 204, "spa": 132, "spd": 172, "spe": 148}, "types": ["Bug", "Steel"]}, "Espeon": {"name": "Espeon", "species": "Espeon", "speciesId": "espeon", "gender": "M", "shiny": false, "level": 84, "moves": ["alluringvoice", "morningsun", "calmmind", "psychic"], "ability": "Magic Bounce", "evs": {"hp": 85, "atk": 0, "def": 85, "spa": 85, "spd": 85, "spe": 85}, "ivs": {"hp": 31, "atk": 0, "def": 31, "spa": 31, "spd": 31, "spe": 31}, "item": "Life Orb", "teraType": "Psychic", "role": "Fast Attacker", "bvs": {"hp": 65, "atk": 65, "def": 60, "spa": 130, "spd": 95, "spe": 110}, "stats": {"hp": 246, "atk": 114, "def": 149, "spa": 267, "spd": 208, "spe": 233}, "types": ["Psychic"]}, "Cyclizar": {"name": "Cyclizar", "species": "Cyclizar", "speciesId": "cyclizar", "gender": "M", "shiny": false, "level": 83, "moves": ["shedtail", "taunt", "dracometeor", "rapidspin"], "ability": "Regenerator", "evs": {"hp": 85, "atk": 85, "def": 85, "spa": 85, "spd": 85, "spe": 85}, "ivs": {"hp": 31, "atk": 31, "def": 31, "spa": 31, "spd": 31, "spe": 31}, "item": "Heavy-Duty Boots", "teraType": "Steel", "role": "Fast Support", "bvs": {"hp": 70, "atk": 95, "def": 65, "spa": 85, "spd": 65, "spe": 121}, "stats": {"hp": 252, "atk": 205, "def": 156, "spa": 189, "spd": 156, "spe": 249}, "types": ["Dragon", "Normal"]}, "Rhyperior": {"name": "Rhyperior", "species": "Rhyperior", "speciesId": "rhyperior", "gender": "M", "shiny": false, "level": 82, "moves": ["stoneedge", "megahorn", "earthquake", "icepunch"], "ability": "Solid Rock", "evs": {"hp": 85, "atk": 85, "def": 85, "spa": 85, "spd": 85, "spe": 85}, "ivs": {"hp": 31, "atk": 31, "def": 31, "spa": 31, "spd": 31, "spe": 31}, "item": "Choice Band", "teraType": "Bug", "role": "Bulky Attacker", "bvs": {"hp": 115, "atk": 140, "def": 130, "spa": 55, "spd": 55, "spe": 40}, "stats": {"hp": 323, "atk": 277, "def": 260, "spa": 137, "spd": 137, "spe": 113}, "types": ["Ground", "Rock"]}, "Pikachu": {"name": "Pikachu", "species": "Pikachu-Unova", "speciesId": "pikachu", "gender": "M", "shiny": false, "level": 93, "moves": ["playrough", "voltswitch", "surf", "volttackle"], "ability": "Lightning Rod", "evs": {"hp": 85, "atk": 85, "def": 85, "spa": 85, "spd": 85, "spe": 85}, "ivs": {"hp": 31, "atk": 31, "def": 31, "spa": 31, "spd": 31, "spe": 31}, "item": "Light Ball", "teraType": "Water", "role": "Fast Attacker", "bvs": {"hp": 35, "atk": 55, "def": 40, "spa": 50, "spd": 50, "spe": 90}, "stats": {"hp": 216, "atk": 155, "def": 127, "spa": 146, "spd": 146, "spe": 220}, "types": ["Electric"]}, "Magearna": {"name": "Magearna", "species": "Magearna-Original", "speciesId": "magearna", "gender": "N", "shiny": false, "level": 77, "moves": ["fleurcannon", "calmmind", "shiftgear", "flashcannon"], "ability": "Soul-Heart", "evs": {"hp": 85, "atk": 0, "def": 85, "spa": 85, "spd": 85, "spe": 85}, "ivs": {"hp": 31, "atk": 0, "def": 31, "spa": 31, "spd": 31, "spe": 31}, "item": "Leftovers", "teraType": "Fairy", "role": "Bulky Setup", "bvs": {"hp": 80, "atk": 95, "def": 115, "spa": 130, "spd": 115, "spe": 65}, "stats": {"hp": 250, "atk": 151, "def": 222, "spa": 245, "spd": 222, "spe": 145}, "types": ["Steel", "Fairy"]}}, {"Tinkaton": {"name": "Tinkaton", "species": "Tinkaton", "speciesId": "tinkaton", "gender": "F", "shiny": false, "level": 82, "moves": ["playrough", "gigatonhammer", "swordsdance", "knockoff"], "ability": "Mold Breaker", "evs": {"hp": 85, "atk": 85, "def": 85, "spa": 85, "spd": 85, "spe": 85}, "ivs": {"hp": 31, "atk": 31, "def": 31, "spa": 31, "spd": 31, "spe": 31}, "item": "Leftovers", "teraType": "Steel", "role": "Bulky Setup", "bvs": {"hp": 85, "atk": 75, "def": 77, "spa": 70, "spd": 105, "spe": 94}, "stats": {"hp": 274, "atk": 170, "def": 173, "spa": 162, "spd": 219, "spe": 201}, "types": ["Fairy", "Steel"]}, "Blissey": {"name": "Blissey", "species": "Blissey", "speciesId": "blissey", "gender": "F", "shiny": false, "level": 85, "moves": ["stealthrock", "seismictoss", "softboiled", "thunderwave"], "ability": "Natural Cure", "evs": {"hp": 85, "atk": 0, "def": 85, "spa": 85, "spd": 85, "spe": 85}, "ivs": {"hp": 31, "atk": 0, "def": 31, "spa": 31, "spd": 31, "spe": 31}, "item": "Leftovers", "teraType": "Fairy", "role": "Bulky Support", "bvs": {"hp": 255, "atk": 10, "def": 10, "spa": 75, "spd": 135, "spe": 55}, "stats": {"hp": 572, "atk": 22, "def": 66, "spa": 176, "spd": 278, "spe": 142}, "types": ["Normal"]}, "Virizion": {"name": "Virizion", "species": "Virizion", "speciesId": "virizion", "gender": "N", "shiny": false, "level": 82, "moves": ["swordsdance", "stoneedge", "closecombat", "leafblade"], "ability": "Justified", "evs": {"hp": 85, "atk": 85, "def": 85, "spa": 85, "spd": 85, "spe": 85}, "ivs": {"hp": 31, "atk": 31, "def": 31, "spa": 31, "spd": 31, "spe": 31}, "item": "Life Orb", "teraType": "Rock", "role": "Setup Sweeper", "bvs": {"hp": 91, "atk": 90, "def": 72, "spa": 90, "spd": 129, "spe": 108}, "stats": {"hp": 283, "atk": 195, "def": 165, "spa": 195, "spd": 259, "spe": 224}, "types": ["Grass", "Fighting"]}, "Scrafty": {"name": "Scrafty", "species": "Scrafty", "speciesId": "scrafty", "gender": "M", "shiny": false, "level": 83, "moves": ["dragondance", "poisonjab", "knockoff", "drainpunch"], "ability": "Intimidate", "evs": {"hp": 85, "atk": 85, "def": 85, "spa": 85, "spd": 85, "spe": 85}, "ivs": {"hp": 31, "atk": 31, "def": 31, "spa": 31, "spd": 31, "spe": 31}, "item": "Leftovers", "teraType": "Poison", "role": "Bulky Attacker", "bvs": {"hp": 65, "atk": 90, "def": 115, "spa": 45, "spd": 115, "spe": 58}, "stats": {"hp": 244, "atk": 197, "def": 239, "spa": 122, "spd": 239, "spe": 144}, "types": ["Dark", "Fighting"]}, "Gogoat": {"name": "Gogoat", "species": "Gogoat", "speciesId": "gogoat", "gender": "M", "shiny": false, "level": 88, "moves": ["hornleech", "milkdrink", "bulkup", "earthquake"], "ability": "Sap Sipper", "evs": {"hp": 85, "atk": 85, "def": 85, "spa": 85, "spd": 85, "spe": 85}, "ivs": {"hp": 31, "atk": 31, "def": 31, "spa": 31, "spd": 31, "spe": 31}, "item": "Leftovers", "teraType": "Ground", "role": "Bulky Setup", "bvs": {"hp": 123, "atk": 100, "def": 62, "spa": 97, "spd": 81, "spe": 68}, "stats": {"hp": 360, "atk": 226, "def": 159, "spa": 221, "spd": 193, "spe": 170}, "types": ["Grass"]}, "Greninja": {"name": "Greninja", "species": "Greninja-Bond", "speciesId": "greninjabond", "gender": "M", "shiny": false, "level": 80, "moves": ["hydropump", "icebeam", "darkpulse", "gunkshot"], "ability": "Battle Bond", "evs": {"hp": 85, "atk": 85, "def": 85, "spa": 85, "spd": 85, "spe": 85}, "ivs": {"hp": 31, "atk": 31, "def": 31, "spa": 31, "spd": 31, "spe": 31}, "item": "Life Orb", "teraType": "Water", "role": "Fast Attacker", "bvs": {"hp": 72, "atk": 95, "def": 67, "spa": 103, "spd": 71, "spe": 122}, "stats": {"hp": 246, "atk": 198, "def": 153, "spa": 211, "spd": 160, "spe": 241}, "types": ["Water", "Dark"]}}]}