{"id": "gen9randombattle-2641617021", "format": "[Gen 9] Random Battle", "players": ["Lazzazzala", "marrickchill"], "log": "|j|\u2606Lazzazzala\n|j|\u2606marrickchill\n|t:|1782819515\n|gametype|singles\n|player|p1|Lazzazzala|2|2121\n|player|p2|marrickchill|170|2075\n|gen|9\n|tier|[Gen 9] Random Battle\n|rated|\n|rule|Species Clause: Limit one of each Pok\u00e9mon\n|rule|HP Percentage Mod: HP is shown in percentages\n|rule|Sleep Clause Mod: Limit one foe put to sleep\n|rule|Illusion Level Mod: Illusion disguises the Pok\u00e9mon's true level\n|\n|t:|1782819515\n|teamsize|p1|6\n|teamsize|p2|6\n|start\n|switch|p1a: Noctowl|Noctowl, L95, F|344/344\n|switch|p2a: Honchkrow|Honchkrow, L86, F|312/312\n|turn|1\n|inactive|Battle timer is ON: inactive players will automatically lose when time's up. (requested by Lazzazzala)\n|\n|t:|1782819532\n|move|p1a: Noctowl|Hyper Voice|p2a: Honchkrow\n|-damage|p2a: Honchkrow|150/312\n|move|p2a: Honchkrow|Brave Bird|p1a: Noctowl\n|-damage|p1a: Noctowl|128/344\n|-damage|p2a: Honchkrow|79/312|[from] Recoil\n|\n|upkeep\n|turn|2\n|\n|t:|1782819536\n|move|p1a: Noctowl|Roost|p1a: Noctowl\n|-heal|p1a: Noctowl|300/344\n|-singleturn|p1a: Noctowl|move: Roost\n|move|p2a: Honchkrow|Brave Bird|p1a: Noctowl\n|-damage|p1a: Noctowl|78/344\n|-damage|p2a: Honchkrow|6/312|[from] Recoil\n|\n|upkeep\n|turn|3\n|\n|t:|1782819543\n|move|p1a: Noctowl|Hyper Voice|p2a: Honchkrow\n|-damage|p2a: Honchkrow|0 fnt\n|faint|p2a: Honchkrow\n|\n|upkeep\n|\n|t:|1782819546\n|switch|p2a: Revavroom|Revavroom, L79, M|256/256\n|turn|4\n|\n|t:|1782819554\n|switch|p1a: Mudsdale|Mudsdale, L83, M|302/302\n|move|p2a: Revavroom|Iron Head|p1a: Mudsdale\n|-damage|p1a: Mudsdale|201/302\n|-ability|p1a: Mudsdale|Stamina|boost\n|-boost|p1a: Mudsdale|def|1\n|-damage|p2a: Revavroom|231/256|[from] item: Life Orb\n|\n|-heal|p1a: Mudsdale|219/302|[from] item: Leftovers\n|upkeep\n|turn|5\n|\n|t:|1782819558\n|switch|p2a: Serperior|Serperior, L79, M|248/248\n|move|p1a: Mudsdale|Stealth Rock|p2a: Serperior\n|-sidestart|p2: marrickchill|move: Stealth Rock\n|\n|-heal|p1a: Mudsdale|237/302|[from] item: Leftovers\n|upkeep\n|turn|6\n|\n|t:|1782819573\n|switch|p1a: Noctowl|Noctowl, L95, F|78/344\n|move|p2a: Serperior|Leaf Storm|p1a: Noctowl\n|-resisted|p1a: Noctowl\n|-damage|p1a: Noctowl|34/344\n|-boost|p2a: Serperior|spa|2\n|\n|upkeep\n|turn|7\n|\n|t:|1782819586\n|move|p2a: Serperior|Leaf Storm|p1a: Noctowl\n|-resisted|p1a: Noctowl\n|-damage|p1a: Noctowl|0 fnt\n|-boost|p2a: Serperior|spa|2\n|faint|p1a: Noctowl\n|\n|upkeep\n|\n|t:|1782819595\n|switch|p1a: Iron Bundle|Iron Bundle, L78|215/215\n|turn|8\n|\n|t:|1782819607\n|move|p1a: Iron Bundle|Freeze-Dry|p2a: Serperior\n|-supereffective|p2a: Serperior\n|-damage|p2a: Serperior|86/248\n|move|p2a: Serperior|Leaf Storm|p1a: Iron Bundle\n|-supereffective|p1a: Iron Bundle\n|-damage|p1a: Iron Bundle|0 fnt\n|-boost|p2a: Serperior|spa|2\n|faint|p1a: Iron Bundle\n|-end|p1a: Iron Bundle|Quark Drive|[silent]\n|\n|-heal|p2a: Serperior|101/248|[from] item: Leftovers\n|upkeep\n|\n|t:|1782819615\n|switch|p1a: Iron Boulder|Iron Boulder, L77|265/265\n|-enditem|p1a: Iron Boulder|Booster Energy\n|-activate|p1a: Iron Boulder|ability: Quark Drive|[fromitem]\n|-start|p1a: Iron Boulder|quarkdrivespe\n|turn|9\n|\n|t:|1782819622\n|move|p1a: Iron Boulder|Mighty Cleave|p2a: Serperior\n|-damage|p2a: Serperior|4/248\n|move|p2a: Serperior|Leaf Storm|p1a: Iron Boulder\n|-supereffective|p1a: Iron Boulder\n|-damage|p1a: Iron Boulder|0 fnt\n|faint|p1a: Iron Boulder\n|-end|p1a: Iron Boulder|Quark Drive|[silent]\n|\n|-heal|p2a: Serperior|19/248|[from] item: Leftovers\n|upkeep\n|\n|t:|1782819624\n|switch|p1a: Espeon|Espeon, L84, F|246/246\n|turn|10\n|\n|t:|1782819628\n|move|p1a: Espeon|Psyshock|p2a: Serperior\n|-damage|p2a: Serperior|0 fnt\n|faint|p2a: Serperior\n|\n|upkeep\n|\n|t:|1782819632\n|switch|p2a: Sudowoodo|Sudowoodo, L94, F|284/284\n|-damage|p2a: Sudowoodo|249/284|[from] Stealth Rock\n|turn|11\n|\n|t:|1782819635\n|switch|p1a: Mudsdale|Mudsdale, L83, M|237/302\n|move|p2a: Sudowoodo|Wood Hammer|p1a: Mudsdale\n|-supereffective|p1a: Mudsdale\n|-damage|p1a: Mudsdale|0 fnt\n|faint|p1a: Mudsdale\n|\n|upkeep\n|\n|t:|1782819638\n|switch|p1a: Baxcalibur|Baxcalibur, L75, F|295/295\n|turn|12\n|\n|t:|1782819646\n|switch|p2a: Regigigas|Regigigas, L84|322/322\n|-damage|p2a: Regigigas|282/322|[from] Stealth Rock\n|-start|p2a: Regigigas|ability: Slow Start\n|move|p1a: Baxcalibur|Scale Shot|p2a: Regigigas\n|-damage|p2a: Regigigas|254/322\n|-damage|p2a: Regigigas|230/322\n|-damage|p2a: Regigigas|205/322\n|-damage|p2a: Regigigas|178/322\n|-damage|p2a: Regigigas|153/322\n|-hitcount|p2a: Regigigas|5\n|-unboost|p1a: Baxcalibur|def|1\n|-boost|p1a: Baxcalibur|spe|1\n|\n|-heal|p2a: Regigigas|173/322|[from] item: Leftovers\n|upkeep\n|turn|13\n|\n|t:|1782819665\n|move|p1a: Baxcalibur|Swords Dance|p1a: Baxcalibur\n|-boost|p1a: Baxcalibur|atk|2\n|move|p2a: Regigigas|Body Slam|p1a: Baxcalibur\n|-damage|p1a: Baxcalibur|181/295\n|\n|-heal|p2a: Regigigas|193/322|[from] item: Leftovers\n|upkeep\n|turn|14\n|\n|t:|1782819669\n|move|p1a: Baxcalibur|Icicle Spear|p2a: Regigigas\n|-damage|p2a: Regigigas|139/322\n|-damage|p2a: Regigigas|93/322\n|-damage|p2a: Regigigas|39/322\n|-damage|p2a: Regigigas|0 fnt\n|faint|p2a: Regigigas\n|-end|p2a: Regigigas|Slow Start|[silent]\n|-hitcount|p2: Regigigas|4\n|\n|upkeep\n|\n|t:|1782819673\n|switch|p2a: Sudowoodo|Sudowoodo, L94, F|249/284\n|-damage|p2a: Sudowoodo|214/284|[from] Stealth Rock\n|turn|15\n|\n|t:|1782819679\n|move|p1a: Baxcalibur|Earthquake|p2a: Sudowoodo\n|-supereffective|p2a: Sudowoodo\n|-damage|p2a: Sudowoodo|0 fnt\n|faint|p2a: Sudowoodo\n|\n|upkeep\n|\n|t:|1782819684\n|switch|p2a: Revavroom|Revavroom, L79, M|231/256\n|-damage|p2a: Revavroom|215/256|[from] Stealth Rock\n|turn|16\n|\n|t:|1782819692\n|move|p1a: Baxcalibur|Icicle Spear|p2a: Revavroom\n|-resisted|p2a: Revavroom\n|-damage|p2a: Revavroom|183/256\n|-resisted|p2a: Revavroom\n|-damage|p2a: Revavroom|154/256\n|-resisted|p2a: Revavroom\n|-damage|p2a: Revavroom|125/256\n|-resisted|p2a: Revavroom\n|-damage|p2a: Revavroom|96/256\n|-resisted|p2a: Revavroom\n|-damage|p2a: Revavroom|63/256\n|-hitcount|p2a: Revavroom|5\n|move|p2a: Revavroom|Shift Gear|p2a: Revavroom\n|-boost|p2a: Revavroom|spe|2\n|-boost|p2a: Revavroom|atk|1\n|\n|upkeep\n|turn|17\n|\n|t:|1782819704\n|move|p2a: Revavroom|Iron Head|p1a: Baxcalibur\n|-supereffective|p1a: Baxcalibur\n|-damage|p1a: Baxcalibur|0 fnt\n|faint|p1a: Baxcalibur\n|-damage|p2a: Revavroom|38/256|[from] item: Life Orb\n|\n|upkeep\n|\n|t:|1782819707\n|switch|p1a: Espeon|Espeon, L84, F|246/246\n|turn|18\n|\n|t:|1782819713\n|-terastallize|p2a: Revavroom|Ground\n|move|p2a: Revavroom|High Horsepower|p1a: Espeon\n|-damage|p1a: Espeon|0 fnt\n|faint|p1a: Espeon\n|-damage|p2a: Revavroom|13/256|[from] item: Life Orb\n|\n|win|marrickchill\n", "inputlog": ">version f8ac14003a5f27e1bdc8d8c59608a773c1cb96e5\n>start {\"formatid\":\"gen9randombattle\",\"seed\":\"sodium,ca4914e6b5b97e26c150e67398002605\",\"rated\":\"Rated battle\"}\n>player p1 {\"name\":\"Lazzazzala\",\"avatar\":\"2\",\"rating\":2121,\"seed\":\"sodium,2afaa5a41c4050e2abf94f7efaf45f29\"}\n>player p2 {\"name\":\"marrickchill\",\"avatar\":\"170\",\"rating\":2075,\"seed\":\"sodium,9667e370ff7159476fc4f296522229e3\"}\n>p1 move hypervoice\n>p2 move bravebird\n>p1 move roost\n>p2 move bravebird\n>p1 move hypervoice\n>p2 move bravebird\n>p2 switch 3\n>p1 switch 4\n>p2 move ironhead\n>p1 move stealthrock\n>p2 switch 2\n>p1 switch 4\n>p2 move leafstorm\n>p1 move hypervoice\n>p2 move leafstorm\n>p1 switch 5\n>p1 move freezedry\n>p2 move leafstorm\n>p1 switch 6\n>p1 move mightycleave\n>p2 move leafstorm\n>p1 switch 2\n>p1 move psyshock\n>p2 move leafstorm\n>p2 switch 5\n>p1 switch 4\n>p2 move woodhammer\n>p1 switch 3\n>p1 move scaleshot\n>p2 switch 4\n>p1 move swordsdance\n>p2 move bodyslam\n>p1 move iciclespear\n>p2 move bodyslam\n>p2 switch 4\n>p1 move earthquake\n>p2 move woodhammer\n>p2 switch 2\n>p1 move iciclespear\n>p2 move shiftgear\n>p1 move earthquake\n>p2 move ironhead\n>p1 switch 4\n>p1 move psyshock\n>p2 move highhorsepower terastallize", "uploadtime": 1782819516, "views": 3, "formatid": "gen9randombattle", "rating": null, "private": 0, "password": null, "player_dets": [{"name": "Lazzazzala", "avatar": "2", "rating": 2121, "seed": "sodium,2afaa5a41c4050e2abf94f7efaf45f29"}, {"name": "marrickchill", "avatar": "170", "rating": 2075, "seed": "sodium,9667e370ff7159476fc4f296522229e3"}], "teams_full": [{"Noctowl": {"name": "Noctowl", "species": "Noctowl", "speciesId": "noctowl", "gender": "F", "shiny": false, "level": 95, "moves": ["calmmind", "hypervoice", "hurricane", "roost"], "ability": "Tinted Lens", "evs": {"hp": 85, "atk": 0, "def": 85, "spa": 85, "spd": 85, "spe": 85}, "ivs": {"hp": 31, "atk": 0, "def": 31, "spa": 31, "spd": 31, "spe": 31}, "item": "Heavy-Duty Boots", "teraType": "Steel", "role": "Bulky Attacker", "bvs": {"hp": 100, "atk": 50, "def": 50, "spa": 86, "spd": 96, "spe": 70}, "stats": {"hp": 344, "atk": 100, "def": 149, "spa": 217, "spd": 236, "spe": 187}, "types": ["Normal", "Flying"]}, "Espeon": {"name": "Espeon", "species": "Espeon", "speciesId": "espeon", "gender": "F", "shiny": false, "level": 84, "moves": ["psyshock", "alluringvoice", "trick", "shadowball"], "ability": "Magic Bounce", "evs": {"hp": 85, "atk": 0, "def": 85, "spa": 85, "spd": 85, "spe": 85}, "ivs": {"hp": 31, "atk": 0, "def": 31, "spa": 31, "spd": 31, "spe": 31}, "item": "Choice Specs", "teraType": "Fairy", "role": "Fast Attacker", "bvs": {"hp": 65, "atk": 65, "def": 60, "spa": 130, "spd": 95, "spe": 110}, "stats": {"hp": 246, "atk": 114, "def": 149, "spa": 267, "spd": 208, "spe": 233}, "types": ["Psychic"]}, "Baxcalibur": {"name": "Baxcalibur", "species": "Baxcalibur", "speciesId": "baxcalibur", "gender": "F", "shiny": false, "level": 75, "moves": ["earthquake", "swordsdance", "iciclespear", "scaleshot"], "ability": "Thermal Exchange", "evs": {"hp": 81, "atk": 85, "def": 85, "spa": 85, "spd": 85, "spe": 85}, "ivs": {"hp": 31, "atk": 31, "def": 31, "spa": 31, "spd": 31, "spe": 31}, "item": "Loaded Dice", "teraType": "Dragon", "role": "Bulky Setup", "bvs": {"hp": 115, "atk": 145, "def": 92, "spa": 75, "spd": 86, "spe": 87}, "stats": {"hp": 295, "atk": 261, "def": 182, "spa": 156, "spd": 173, "spe": 174}, "types": ["Dragon", "Ice"]}, "Mudsdale": {"name": "Mudsdale", "species": "Mudsdale", "speciesId": "mudsdale", "gender": "M", "shiny": false, "level": 83, "moves": ["stealthrock", "heavyslam", "roar", "earthquake"], "ability": "Stamina", "evs": {"hp": 85, "atk": 85, "def": 85, "spa": 85, "spd": 85, "spe": 85}, "ivs": {"hp": 31, "atk": 31, "def": 31, "spa": 31, "spd": 31, "spe": 31}, "item": "Leftovers", "teraType": "Steel", "role": "Bulky Attacker", "bvs": {"hp": 100, "atk": 125, "def": 100, "spa": 55, "spd": 85, "spe": 35}, "stats": {"hp": 302, "atk": 255, "def": 214, "spa": 139, "spd": 189, "spe": 106}, "types": ["Ground"]}, "Iron Bundle": {"name": "Iron Bundle", "species": "Iron Bundle", "speciesId": "ironbundle", "gender": "N", "shiny": false, "level": 78, "moves": ["hydropump", "flipturn", "encore", "freezedry"], "ability": "Quark Drive", "evs": {"hp": 85, "atk": 85, "def": 85, "spa": 85, "spd": 85, "spe": 85}, "ivs": {"hp": 31, "atk": 31, "def": 31, "spa": 31, "spd": 31, "spe": 31}, "item": "Heavy-Duty Boots", "teraType": "Ice", "role": "Fast Attacker", "bvs": {"hp": 56, "atk": 80, "def": 114, "spa": 124, "spd": 60, "spe": 136}, "stats": {"hp": 215, "atk": 170, "def": 223, "spa": 239, "spd": 139, "spe": 257}, "types": ["Ice", "Water"]}, "Iron Boulder": {"name": "Iron Boulder", "species": "Iron Boulder", "speciesId": "ironboulder", "gender": "N", "shiny": false, "level": 77, "moves": ["swordsdance", "closecombat", "mightycleave", "zenheadbutt"], "ability": "Quark Drive", "evs": {"hp": 85, "atk": 85, "def": 85, "spa": 85, "spd": 85, "spe": 85}, "ivs": {"hp": 31, "atk": 31, "def": 31, "spa": 31, "spd": 31, "spe": 31}, "item": "Booster Energy", "teraType": "Fighting", "role": "Fast Bulky Setup", "bvs": {"hp": 90, "atk": 120, "def": 80, "spa": 68, "spd": 108, "spe": 124}, "stats": {"hp": 265, "atk": 229, "def": 168, "spa": 149, "spd": 211, "spe": 236}, "types": ["Rock", "Psychic"]}}, {"Honchkrow": {"name": "Honchkrow", "species": "Honchkrow", "speciesId": "honchkrow", "gender": "F", "shiny": false, "level": 86, "moves": ["bravebird", "suckerpunch", "uturn", "heatwave"], "ability": "Moxie", "evs": {"hp": 85, "atk": 85, "def": 85, "spa": 85, "spd": 85, "spe": 85}, "ivs": {"hp": 31, "atk": 31, "def": 31, "spa": 31, "spd": 31, "spe": 31}, "item": "Heavy-Duty Boots", "teraType": "Flying", "role": "Fast Attacker", "bvs": {"hp": 100, "atk": 125, "def": 52, "spa": 105, "spd": 52, "spe": 71}, "stats": {"hp": 312, "atk": 264, "def": 139, "spa": 230, "spd": 139, "spe": 171}, "types": ["Dark", "Flying"]}, "Serperior": {"name": "Serperior", "species": "Serperior", "speciesId": "serperior", "gender": "M", "shiny": false, "level": 79, "moves": ["leechseed", "substitute", "leafstorm", "dragonpulse"], "ability": "Contrary", "evs": {"hp": 85, "atk": 0, "def": 85, "spa": 85, "spd": 85, "spe": 85}, "ivs": {"hp": 31, "atk": 0, "def": 31, "spa": 31, "spd": 31, "spe": 31}, "item": "Leftovers", "teraType": "Dragon", "role": "Fast Attacker", "bvs": {"hp": 75, "atk": 75, "def": 95, "spa": 75, "spd": 95, "spe": 113}, "stats": {"hp": 248, "atk": 123, "def": 196, "spa": 164, "spd": 196, "spe": 224}, "types": ["Grass"]}, "Revavroom": {"name": "Revavroom", "species": "Revavroom", "speciesId": "revavroom", "gender": "M", "shiny": false, "level": 79, "moves": ["shiftgear", "highhorsepower", "ironhead", "gunkshot"], "ability": "Filter", "evs": {"hp": 85, "atk": 85, "def": 85, "spa": 85, "spd": 85, "spe": 85}, "ivs": {"hp": 31, "atk": 31, "def": 31, "spa": 31, "spd": 31, "spe": 31}, "item": "Life Orb", "teraType": "Ground", "role": "Fast Attacker", "bvs": {"hp": 80, "atk": 119, "def": 90, "spa": 54, "spd": 67, "spe": 90}, "stats": {"hp": 256, "atk": 234, "def": 188, "spa": 131, "spd": 151, "spe": 188}, "types": ["Steel", "Poison"]}, "Regigigas": {"name": "Regigigas", "species": "Regigigas", "speciesId": "regigigas", "gender": "N", "shiny": false, "level": 84, "moves": ["sleeptalk", "knockoff", "rest", "bodyslam"], "ability": "Slow Start", "evs": {"hp": 85, "atk": 85, "def": 85, "spa": 85, "spd": 85, "spe": 85}, "ivs": {"hp": 31, "atk": 31, "def": 31, "spa": 31, "spd": 31, "spe": 31}, "item": "Leftovers", "teraType": "Ghost", "role": "Bulky Support", "bvs": {"hp": 110, "atk": 160, "def": 110, "spa": 80, "spd": 110, "spe": 100}, "stats": {"hp": 322, "atk": 317, "def": 233, "spa": 183, "spd": 233, "spe": 216}, "types": ["Normal"]}, "Sudowoodo": {"name": "Sudowoodo", "species": "Sudowoodo", "speciesId": "sudowoodo", "gender": "F", "shiny": false, "level": 94, "moves": ["headsmash", "woodhammer", "earthquake", "suckerpunch"], "ability": "Rock Head", "evs": {"hp": 85, "atk": 85, "def": 85, "spa": 85, "spd": 85, "spe": 85}, "ivs": {"hp": 31, "atk": 31, "def": 31, "spa": 31, "spd": 31, "spe": 31}, "item": "Choice Band", "teraType": "Rock", "role": "Bulky Attacker", "bvs": {"hp": 70, "atk": 100, "def": 115, "spa": 30, "spd": 65, "spe": 30}, "stats": {"hp": 284, "atk": 241, "def": 270, "spa": 110, "spd": 176, "spe": 110}, "types": ["Rock"]}, "Yanmega": {"name": "Yanmega", "species": "Yanmega", "speciesId": "yanmega", "gender": "M", "shiny": false, "level": 82, "moves": ["bugbuzz", "gigadrain", "uturn", "airslash"], "ability": "Tinted Lens", "evs": {"hp": 85, "atk": 85, "def": 85, "spa": 85, "spd": 85, "spe": 85}, "ivs": {"hp": 31, "atk": 31, "def": 31, "spa": 31, "spd": 31, "spe": 31}, "item": "Choice Specs", "teraType": "Bug", "role": "Wallbreaker", "bvs": {"hp": 86, "atk": 76, "def": 86, "spa": 116, "spd": 56, "spe": 95}, "stats": {"hp": 275, "atk": 172, "def": 188, "spa": 237, "spd": 139, "spe": 203}, "types": ["Bug", "Flying"]}}]}