{"id": "gen9randombattle-2641063525", "format": "[Gen 9] Random Battle", "players": ["Oh No! Charizard", "Fezandipshi"], "log": "|j|\u2606Oh No! Charizard\n|j|\u2606Fezandipshi\n|t:|1782734860\n|gametype|singles\n|player|p1|Oh No! Charizard|miku-ice|2017\n|player|p2|Fezandipshi|pokemaniac|2048\n|gen|9\n|tier|[Gen 9] Random Battle\n|rated|\n|rule|Species Clause: Limit one of each Pok\u00e9mon\n|rule|HP Percentage Mod: HP is shown in percentages\n|rule|Sleep Clause Mod: Limit one foe put to sleep\n|rule|Illusion Level Mod: Illusion disguises the Pok\u00e9mon's true level\n|\n|t:|1782734860\n|teamsize|p1|6\n|teamsize|p2|6\n|start\n|switch|p1a: Dragapult|Dragapult, L77, F|262/262\n|switch|p2a: Okidogi|Okidogi, L77, M|262/262\n|turn|1\n|inactive|Battle timer is ON: inactive players will automatically lose when time's up. (requested by Oh No! Charizard)\n|\n|t:|1782734873\n|move|p1a: Dragapult|Will-O-Wisp|p2a: Okidogi\n|-status|p2a: Okidogi|brn\n|move|p2a: Okidogi|Knock Off|p1a: Dragapult\n|-supereffective|p1a: Dragapult\n|-damage|p1a: Dragapult|170/262\n|-enditem|p1a: Dragapult|Heavy-Duty Boots|[from] move: Knock Off|[of] p2a: Okidogi\n|\n|-damage|p2a: Okidogi|246/262 brn|[from] brn\n|upkeep\n|turn|2\n|\n|t:|1782734887\n|move|p1a: Dragapult|U-turn|p2a: Okidogi\n|-resisted|p2a: Okidogi\n|-damage|p2a: Okidogi|236/262 brn\n|\n|t:|1782734892\n|switch|p1a: Metagross|Metagross, L79|256/256|[from] U-turn\n|move|p2a: Okidogi|Knock Off|p1a: Metagross\n|-supereffective|p1a: Metagross\n|-damage|p1a: Metagross|200/256\n|-enditem|p1a: Metagross|Leftovers|[from] move: Knock Off|[of] p2a: Okidogi\n|\n|-damage|p2a: Okidogi|220/262 brn|[from] brn\n|upkeep\n|turn|3\n|\n|t:|1782734902\n|switch|p2a: Brambleghast|Brambleghast, L88, M|240/240\n|move|p1a: Metagross|Stealth Rock|p2a: Brambleghast\n|-sidestart|p2: Fezandipshi|move: Stealth Rock\n|\n|upkeep\n|turn|4\n|\n|t:|1782734909\n|move|p2a: Brambleghast|Leech Seed|p1a: Metagross|[miss]\n|-miss|p2a: Brambleghast|p1a: Metagross\n|move|p1a: Metagross|Heavy Slam|p2a: Brambleghast\n|-damage|p2a: Brambleghast|83/240\n|\n|-heal|p2a: Brambleghast|98/240|[from] item: Leftovers\n|upkeep\n|turn|5\n|\n|t:|1782734919\n|move|p2a: Brambleghast|Leech Seed|p1a: Metagross\n|-start|p1a: Metagross|move: Leech Seed\n|move|p1a: Metagross|Heavy Slam|p2a: Brambleghast\n|-crit|p2a: Brambleghast\n|-damage|p2a: Brambleghast|0 fnt\n|faint|p2a: Brambleghast\n|\n|upkeep\n|\n|t:|1782734926\n|switch|p2a: Blaziken|Blaziken, L76, F|247/247\n|-damage|p2a: Blaziken|217/247|[from] Stealth Rock\n|turn|6\n|\n|t:|1782734933\n|switch|p1a: Dusknoir|Dusknoir, L89, M|225/225\n|-item|p2a: Blaziken|Life Orb|[from] ability: Frisk|[of] p1a: Dusknoir\n|move|p2a: Blaziken|Flare Blitz|p1a: Dusknoir\n|-damage|p1a: Dusknoir|107/225\n|-damage|p2a: Blaziken|178/247|[from] Recoil\n|-damage|p2a: Blaziken|154/247|[from] item: Life Orb\n|\n|-heal|p1a: Dusknoir|121/225|[from] item: Leftovers\n|-ability|p2a: Blaziken|Speed Boost|boost\n|-boost|p2a: Blaziken|spe|1\n|upkeep\n|turn|7\n|\n|t:|1782734943\n|switch|p2a: Okidogi|Okidogi, L77, M|220/262 brn\n|-damage|p2a: Okidogi|204/262 brn|[from] Stealth Rock\n|switch|p1a: Politoed|Politoed, L88, F|302/302\n|-weather|RainDance|[from] ability: Drizzle|[of] p1a: Politoed\n|\n|-weather|RainDance|[upkeep]\n|-damage|p2a: Okidogi|188/262 brn|[from] brn\n|upkeep\n|turn|8\n|\n|t:|1782734951\n|switch|p1a: Metagross|Metagross, L79|200/256\n|move|p2a: Okidogi|Knock Off|p1a: Metagross\n|-supereffective|p1a: Metagross\n|-damage|p1a: Metagross|160/256\n|\n|-weather|RainDance|[upkeep]\n|-damage|p2a: Okidogi|172/262 brn|[from] brn\n|upkeep\n|turn|9\n|-message|Fezandipshi forfeited.\n|\n|win|Oh No! Charizard\n", "inputlog": ">version 3f8ef8cf60cebd2b18892af2794d10415e14a302\n>start {\"formatid\":\"gen9randombattle\",\"seed\":\"sodium,2f47478ef99e67c284a7430dde168e6f\",\"rated\":\"Rated battle\"}\n>player p1 {\"name\":\"Oh No! Charizard\",\"avatar\":\"miku-ice\",\"rating\":2017,\"seed\":\"sodium,eda6d53936c48129aab80eafe19d8f9a\"}\n>player p2 {\"name\":\"Fezandipshi\",\"avatar\":\"pokemaniac\",\"rating\":2048,\"seed\":\"sodium,956eae47d14c926bf4b2c81a5c031bcd\"}\n>p1 move willowisp\n>p2 move knockoff\n>p1 move uturn\n>p2 move knockoff\n>p1 switch 4\n>p1 move stealthrock\n>p2 switch 3\n>p1 move heavyslam\n>p2 move leechseed\n>p1 move heavyslam\n>p2 move leechseed\n>p2 switch 5\n>p1 switch 2\n>p2 move flareblitz\n>p1 switch 3\n>p2 switch 3\n>p1 switch 2\n>p2 move knockoff\n>forcelose p2", "uploadtime": 1782734876, "views": 8, "formatid": "gen9randombattle", "rating": null, "private": 0, "password": null, "player_dets": [{"name": "Oh No! Charizard", "avatar": "miku-ice", "rating": 2017, "seed": "sodium,eda6d53936c48129aab80eafe19d8f9a"}, {"name": "Fezandipshi", "avatar": "pokemaniac", "rating": 2048, "seed": "sodium,956eae47d14c926bf4b2c81a5c031bcd"}], "teams_full": [{"Dragapult": {"name": "Dragapult", "species": "Dragapult", "speciesId": "dragapult", "gender": "F", "shiny": false, "level": 77, "moves": ["uturn", "dragondarts", "hex", "willowisp"], "ability": "Cursed Body", "evs": {"hp": 85, "atk": 85, "def": 85, "spa": 85, "spd": 85, "spe": 85}, "ivs": {"hp": 31, "atk": 31, "def": 31, "spa": 31, "spd": 31, "spe": 31}, "item": "Heavy-Duty Boots", "teraType": "Dragon", "role": "Fast Support", "bvs": {"hp": 88, "atk": 120, "def": 75, "spa": 100, "spd": 75, "spe": 142}, "stats": {"hp": 262, "atk": 229, "def": 160, "spa": 199, "spd": 160, "spe": 263}, "types": ["Dragon", "Ghost"]}, "Dusknoir": {"name": "Dusknoir", "species": "Dusknoir", "speciesId": "dusknoir", "gender": "M", "shiny": false, "level": 89, "moves": ["poltergeist", "painsplit", "earthquake", "willowisp"], "ability": "Frisk", "evs": {"hp": 85, "atk": 85, "def": 85, "spa": 85, "spd": 85, "spe": 85}, "ivs": {"hp": 31, "atk": 31, "def": 31, "spa": 31, "spd": 31, "spe": 31}, "item": "Leftovers", "teraType": "Dark", "role": "Bulky Support", "bvs": {"hp": 45, "atk": 100, "def": 135, "spa": 65, "spd": 135, "spe": 45}, "stats": {"hp": 225, "atk": 229, "def": 291, "spa": 166, "spd": 291, "spe": 131}, "types": ["Ghost"]}, "Politoed": {"name": "Politoed", "species": "Politoed", "speciesId": "politoed", "gender": "F", "shiny": false, "level": 88, "moves": ["icebeam", "hydropump", "encore", "rest"], "ability": "Drizzle", "evs": {"hp": 85, "atk": 0, "def": 85, "spa": 85, "spd": 85, "spe": 85}, "ivs": {"hp": 31, "atk": 0, "def": 31, "spa": 31, "spd": 31, "spe": 31}, "item": "Chesto Berry", "teraType": "Water", "role": "Bulky Attacker", "bvs": {"hp": 90, "atk": 75, "def": 75, "spa": 90, "spd": 100, "spe": 70}, "stats": {"hp": 302, "atk": 137, "def": 182, "spa": 209, "spd": 226, "spe": 173}, "types": ["Water"]}, "Metagross": {"name": "Metagross", "species": "Metagross", "speciesId": "metagross", "gender": "N", "shiny": false, "level": 79, "moves": ["heavyslam", "stealthrock", "psychicfangs", "earthquake"], "ability": "Clear Body", "evs": {"hp": 85, "atk": 85, "def": 85, "spa": 85, "spd": 85, "spe": 85}, "ivs": {"hp": 31, "atk": 31, "def": 31, "spa": 31, "spd": 31, "spe": 31}, "item": "Leftovers", "teraType": "Water", "role": "Bulky Support", "bvs": {"hp": 80, "atk": 135, "def": 130, "spa": 95, "spd": 90, "spe": 70}, "stats": {"hp": 256, "atk": 259, "def": 251, "spa": 196, "spd": 188, "spe": 156}, "types": ["Steel", "Psychic"]}, "Breloom": {"name": "Breloom", "species": "Breloom", "speciesId": "breloom", "gender": "M", "shiny": false, "level": 83, "moves": ["rocktomb", "machpunch", "bulletseed", "spore"], "ability": "Technician", "evs": {"hp": 85, "atk": 85, "def": 85, "spa": 85, "spd": 85, "spe": 85}, "ivs": {"hp": 31, "atk": 31, "def": 31, "spa": 31, "spd": 31, "spe": 31}, "item": "Life Orb", "teraType": "Fighting", "role": "Fast Attacker", "bvs": {"hp": 60, "atk": 130, "def": 80, "spa": 60, "spd": 60, "spe": 70}, "stats": {"hp": 235, "atk": 263, "def": 180, "spa": 147, "spd": 147, "spe": 164}, "types": ["Grass", "Fighting"]}, "Ogerpon": {"name": "Ogerpon", "species": "Ogerpon", "speciesId": "ogerpon", "gender": "F", "shiny": false, "level": 80, "moves": ["ivycudgel", "knockoff", "swordsdance", "superpower"], "ability": "Defiant", "evs": {"hp": 85, "atk": 85, "def": 85, "spa": 85, "spd": 85, "spe": 85}, "ivs": {"hp": 31, "atk": 31, "def": 31, "spa": 31, "spd": 31, "spe": 31}, "item": "Life Orb", "teraType": "Grass", "role": "Setup Sweeper", "bvs": {"hp": 80, "atk": 120, "def": 84, "spa": 60, "spd": 96, "spe": 110}, "stats": {"hp": 259, "atk": 238, "def": 181, "spa": 142, "spd": 200, "spe": 222}, "types": ["Grass"]}}, {"Okidogi": {"name": "Okidogi", "species": "Okidogi", "speciesId": "okidogi", "gender": "M", "shiny": false, "level": 77, "moves": ["drainpunch", "knockoff", "psychicfangs", "gunkshot"], "ability": "Toxic Chain", "evs": {"hp": 85, "atk": 85, "def": 85, "spa": 85, "spd": 85, "spe": 85}, "ivs": {"hp": 31, "atk": 31, "def": 31, "spa": 31, "spd": 31, "spe": 31}, "item": "Assault Vest", "teraType": "Dark", "role": "AV Pivot", "bvs": {"hp": 88, "atk": 128, "def": 115, "spa": 58, "spd": 86, "spe": 80}, "stats": {"hp": 262, "atk": 242, "def": 222, "spa": 134, "spd": 177, "spe": 168}, "types": ["Poison", "Fighting"]}, "Tatsugiri": {"name": "Tatsugiri", "species": "Tatsugiri", "speciesId": "tatsugiri", "gender": "F", "shiny": false, "level": 87, "moves": ["rapidspin", "surf", "dracometeor", "nastyplot"], "ability": "Storm Drain", "evs": {"hp": 85, "atk": 85, "def": 85, "spa": 85, "spd": 85, "spe": 85}, "ivs": {"hp": 31, "atk": 31, "def": 31, "spa": 31, "spd": 31, "spe": 31}, "item": "Heavy-Duty Boots", "teraType": "Steel", "role": "Fast Support", "bvs": {"hp": 68, "atk": 50, "def": 60, "spa": 120, "spd": 95, "spe": 82}, "stats": {"hp": 260, "atk": 137, "def": 154, "spa": 259, "spd": 215, "spe": 192}, "types": ["Dragon", "Water"]}, "Brambleghast": {"name": "Brambleghast", "species": "Brambleghast", "speciesId": "brambleghast", "gender": "M", "shiny": false, "level": 88, "moves": ["poltergeist", "powerwhip", "leechseed", "substitute"], "ability": "Wind Rider", "evs": {"hp": 85, "atk": 85, "def": 85, "spa": 85, "spd": 85, "spe": 85}, "ivs": {"hp": 31, "atk": 31, "def": 31, "spa": 31, "spd": 31, "spe": 31}, "item": "Leftovers", "teraType": "Fairy", "role": "Fast Support", "bvs": {"hp": 55, "atk": 115, "def": 70, "spa": 80, "spd": 70, "spe": 90}, "stats": {"hp": 240, "atk": 253, "def": 173, "spa": 191, "spd": 173, "spe": 209}, "types": ["Grass", "Ghost"]}, "Haxorus": {"name": "Haxorus", "species": "Haxorus", "speciesId": "haxorus", "gender": "M", "shiny": false, "level": 77, "moves": ["ironhead", "scaleshot", "earthquake", "swordsdance"], "ability": "Mold Breaker", "evs": {"hp": 85, "atk": 85, "def": 85, "spa": 85, "spd": 85, "spe": 85}, "ivs": {"hp": 31, "atk": 31, "def": 31, "spa": 31, "spd": 31, "spe": 31}, "item": "Loaded Dice", "teraType": "Steel", "role": "Fast Bulky Setup", "bvs": {"hp": 76, "atk": 147, "def": 90, "spa": 60, "spd": 70, "spe": 97}, "stats": {"hp": 244, "atk": 271, "def": 183, "spa": 137, "spd": 152, "spe": 194}, "types": ["Dragon"]}, "Blaziken": {"name": "Blaziken", "species": "Blaziken", "speciesId": "blaziken", "gender": "F", "shiny": false, "level": 76, "moves": ["swordsdance", "flareblitz", "stoneedge", "closecombat"], "ability": "Speed Boost", "evs": {"hp": 85, "atk": 85, "def": 85, "spa": 85, "spd": 85, "spe": 85}, "ivs": {"hp": 31, "atk": 31, "def": 31, "spa": 31, "spd": 31, "spe": 31}, "item": "Life Orb", "teraType": "Fighting", "role": "Setup Sweeper", "bvs": {"hp": 80, "atk": 120, "def": 70, "spa": 110, "spd": 70, "spe": 80}, "stats": {"hp": 247, "atk": 226, "def": 150, "spa": 211, "spd": 150, "spe": 166}, "types": ["Fire", "Fighting"]}, "Sudowoodo": {"name": "Sudowoodo", "species": "Sudowoodo", "speciesId": "sudowoodo", "gender": "M", "shiny": false, "level": 94, "moves": ["headsmash", "stealthrock", "woodhammer", "earthquake"], "ability": "Rock Head", "evs": {"hp": 85, "atk": 85, "def": 85, "spa": 85, "spd": 85, "spe": 85}, "ivs": {"hp": 31, "atk": 31, "def": 31, "spa": 31, "spd": 31, "spe": 31}, "item": "Leftovers", "teraType": "Grass", "role": "Bulky Attacker", "bvs": {"hp": 70, "atk": 100, "def": 115, "spa": 30, "spd": 65, "spe": 30}, "stats": {"hp": 284, "atk": 241, "def": 270, "spa": 110, "spd": 176, "spe": 110}, "types": ["Rock"]}}]}