{"id": "gen9randombattle-2641429340", "format": "[Gen 9] Random Battle", "players": ["bakermatt5", "testbotcif"], "log": "|j|\u2606bakermatt5\n|j|\u2606testbotcif\n|t:|1782783468\n|gametype|singles\n|player|p1|bakermatt5|wattson|1068\n|player|p2|testbotcif|266|1077\n|gen|9\n|tier|[Gen 9] Random Battle\n|rated|\n|rule|Species Clause: Limit one of each Pok\u00e9mon\n|rule|HP Percentage Mod: HP is shown in percentages\n|rule|Sleep Clause Mod: Limit one foe put to sleep\n|rule|Illusion Level Mod: Illusion disguises the Pok\u00e9mon's true level\n|\n|t:|1782783468\n|teamsize|p1|6\n|teamsize|p2|6\n|start\n|switch|p1a: Terrakion|Terrakion, L79|273/273\n|switch|p2a: Spiritomb|Spiritomb, L89, F|234/234\n|turn|1\n|c|\u2606testbotcif|rlhf\n|inactive|Battle timer is ON: inactive players will automatically lose when time's up. (requested by testbotcif)\n|\n|t:|1782783492\n|move|p1a: Terrakion|Earthquake|p2a: Spiritomb\n|-damage|p2a: Spiritomb|134/234\n|move|p2a: Spiritomb|Poltergeist|p1a: Terrakion\n|-activate|p1a: Terrakion|move: Poltergeist|Choice Band\n|-damage|p1a: Terrakion|144/273\n|\n|-heal|p2a: Spiritomb|148/234|[from] item: Leftovers\n|upkeep\n|turn|2\n|\n|t:|1782783504\n|move|p1a: Terrakion|Earthquake|p2a: Spiritomb\n|-damage|p2a: Spiritomb|60/234\n|move|p2a: Spiritomb|Poltergeist|p1a: Terrakion\n|-activate|p1a: Terrakion|move: Poltergeist|Choice Band\n|-damage|p1a: Terrakion|3/273\n|\n|-heal|p2a: Spiritomb|74/234|[from] item: Leftovers\n|upkeep\n|turn|3\n|\n|t:|1782783513\n|move|p1a: Terrakion|Earthquake|p2a: Spiritomb\n|-damage|p2a: Spiritomb|0 fnt\n|faint|p2a: Spiritomb\n|\n|upkeep\n|\n|t:|1782783513\n|switch|p2a: Miraidon|Miraidon, L65|238/238\n|-fieldstart|move: Electric Terrain|[from] ability: Hadron Engine|[of] p2a: Miraidon\n|turn|4\n|\n|t:|1782783528\n|switch|p1a: Great Tusk|Great Tusk, L77|304/304\n|move|p2a: Miraidon|Electro Drift|p1a: Great Tusk\n|-immune|p1a: Great Tusk\n|\n|upkeep\n|turn|5\n|\n|t:|1782783538\n|switch|p2a: Vespiquen|Vespiquen, L99, F|299/299\n|-ability|p2a: Vespiquen|Pressure\n|move|p1a: Great Tusk|Bulk Up|p1a: Great Tusk\n|-boost|p1a: Great Tusk|atk|1\n|-boost|p1a: Great Tusk|def|1\n|\n|upkeep\n|turn|6\n|\n|t:|1782783550\n|move|p1a: Great Tusk|Stone Edge|p2a: Vespiquen\n|-supereffective|p2a: Vespiquen\n|-damage|p2a: Vespiquen|0 fnt\n|faint|p2a: Vespiquen\n|\n|upkeep\n|\n|t:|1782783550\n|switch|p2a: Arceus|Arceus-Ice, L72|291/291\n|turn|7\n|\n|t:|1782783559\n|-terastallize|p2a: Arceus|Electric\n|move|p2a: Arceus|Calm Mind|p2a: Arceus\n|-boost|p2a: Arceus|spa|1\n|-boost|p2a: Arceus|spd|1\n|move|p1a: Great Tusk|Close Combat|p2a: Arceus\n|-damage|p2a: Arceus|92/291\n|-unboost|p1a: Great Tusk|def|1\n|-unboost|p1a: Great Tusk|spd|1\n|\n|upkeep\n|turn|8\n|\n|t:|1782783570\n|move|p2a: Arceus|Recover|p2a: Arceus\n|-heal|p2a: Arceus|238/291\n|move|p1a: Great Tusk|Earthquake|p2a: Arceus\n|-supereffective|p2a: Arceus\n|-damage|p2a: Arceus|0 fnt\n|faint|p2a: Arceus\n|\n|-fieldend|move: Electric Terrain\n|upkeep\n|\n|t:|1782783570\n|switch|p2a: Vaporeon|Vaporeon, L86, F|364/364\n|turn|9\n|\n|t:|1782783586\n|-terastallize|p1a: Great Tusk|Steel\n|move|p1a: Great Tusk|Bulk Up|p1a: Great Tusk\n|-boost|p1a: Great Tusk|atk|1\n|-boost|p1a: Great Tusk|def|1\n|move|p2a: Vaporeon|Scald|p1a: Great Tusk\n|-damage|p1a: Great Tusk|57/304\n|\n|-heal|p1a: Great Tusk|76/304|[from] item: Leftovers\n|upkeep\n|turn|10\n|\n|t:|1782783598\n|move|p1a: Great Tusk|Stone Edge|p2a: Vaporeon\n|-damage|p2a: Vaporeon|174/364\n|move|p2a: Vaporeon|Scald|p1a: Great Tusk\n|-damage|p1a: Great Tusk|0 fnt\n|faint|p1a: Great Tusk\n|-end|p1a: Great Tusk|Protosynthesis|[silent]\n|\n|-heal|p2a: Vaporeon|196/364|[from] item: Leftovers\n|upkeep\n|inactive|bakermatt5 has 120 seconds left.\n|\n|t:|1782783622\n|switch|p1a: Terrakion|Terrakion, L79|3/273\n|turn|11\n|\n|t:|1782783628\n|move|p1a: Terrakion|Earthquake|p2a: Vaporeon\n|-damage|p2a: Vaporeon|35/364\n|move|p2a: Vaporeon|Scald|p1a: Terrakion\n|-supereffective|p1a: Terrakion\n|-damage|p1a: Terrakion|0 fnt\n|faint|p1a: Terrakion\n|\n|-heal|p2a: Vaporeon|57/364|[from] item: Leftovers\n|upkeep\n|inactive|bakermatt5 has 120 seconds left.\n|\n|t:|1782783644\n|switch|p1a: Fezandipiti|Fezandipiti, L82, M|278/278\n|turn|12\n|inactive|bakermatt5 has 120 seconds left.\n|\n|t:|1782783651\n|switch|p2a: Dialga|Dialga-Origin, L73|266/266\n|-ability|p2a: Dialga|Pressure\n|move|p1a: Fezandipiti|Play Rough|p2a: Dialga\n|-damage|p2a: Dialga|191/266\n|\n|upkeep\n|turn|13\n|inactive|bakermatt5 has 120 seconds left.\n|\n|t:|1782783670\n|switch|p1a: Froslass|Froslass, L87, F|263/263\n|move|p2a: Dialga|Heavy Slam|p1a: Froslass\n|-supereffective|p1a: Froslass\n|-damage|p1a: Froslass|0 fnt\n|faint|p1a: Froslass\n|\n|upkeep\n|\n|t:|1782783679\n|switch|p1a: Armarouge|Armarouge, L80, M|267/267\n|turn|14\n|\n|t:|1782783683\n|move|p2a: Dialga|Draco Meteor|p1a: Armarouge\n|-damage|p1a: Armarouge|50/267\n|-unboost|p2a: Dialga|spa|2\n|move|p1a: Armarouge|Armor Cannon|p2a: Dialga\n|-damage|p2a: Dialga|0 fnt\n|-unboost|p1a: Armarouge|def|1\n|-unboost|p1a: Armarouge|spd|1\n|faint|p2a: Dialga\n|\n|upkeep\n|\n|t:|1782783684\n|switch|p2a: Miraidon|Miraidon, L65|238/238\n|-fieldstart|move: Electric Terrain|[from] ability: Hadron Engine|[of] p2a: Miraidon\n|turn|15\n|inactive|bakermatt5 has 120 seconds left.\n|\n|t:|1782783704\n|move|p2a: Miraidon|Electro Drift|p1a: Armarouge\n|-damage|p1a: Armarouge|0 fnt\n|faint|p1a: Armarouge\n|\n|upkeep\n|inactive|bakermatt5 has 120 seconds left.\n|\n|t:|1782783710\n|switch|p1a: Regidrago|Regidrago, L77|435/435\n|turn|16\n|\n|t:|1782783713\n|switch|p2a: Vaporeon|Vaporeon, L86, F|57/364\n|move|p1a: Regidrago|Earthquake|p2a: Vaporeon\n|-damage|p2a: Vaporeon|0 fnt\n|faint|p2a: Vaporeon\n|\n|upkeep\n|\n|t:|1782783714\n|switch|p2a: Miraidon|Miraidon, L65|238/238\n|-activate|p2a: Miraidon|ability: Hadron Engine\n|turn|17\n|\n|t:|1782783724\n|move|p2a: Miraidon|Draco Meteor|p1a: Regidrago|[miss]\n|-miss|p2a: Miraidon|p1a: Regidrago\n|move|p1a: Regidrago|Earthquake|p2a: Miraidon\n|-supereffective|p2a: Miraidon\n|-damage|p2a: Miraidon|106/238\n|\n|upkeep\n|turn|18\n|\n|t:|1782783734\n|move|p2a: Miraidon|Draco Meteor|p1a: Regidrago\n|-supereffective|p1a: Regidrago\n|-damage|p1a: Regidrago|0 fnt\n|-unboost|p2a: Miraidon|spa|2\n|faint|p1a: Regidrago\n|\n|upkeep\n|\n|t:|1782783740\n|switch|p1a: Fezandipiti|Fezandipiti, L82, M|278/278\n|turn|19\n|\n|t:|1782783746\n|move|p2a: Miraidon|Draco Meteor|p1a: Fezandipiti\n|-immune|p1a: Fezandipiti\n|move|p1a: Fezandipiti|Play Rough|p2a: Miraidon\n|-supereffective|p2a: Miraidon\n|-damage|p2a: Miraidon|0 fnt\n|faint|p2a: Miraidon\n|\n|win|bakermatt5\n|raw|bakermatt5's rating: 1068 &rarr; <strong>1099</strong><br />(+31 for winning)\n|raw|testbotcif's rating: 1077 &rarr; <strong>1055</strong><br />(-22 for losing)\n", "inputlog": ">version f8ac14003a5f27e1bdc8d8c59608a773c1cb96e5\n>start {\"formatid\":\"gen9randombattle\",\"seed\":\"sodium,f6de2e745a09882d98ceeeafe1ede0b9\",\"rated\":\"Rated battle\"}\n>player p1 {\"name\":\"bakermatt5\",\"avatar\":\"wattson\",\"rating\":1068,\"seed\":\"sodium,2a4de7a9b4029b547a697d81fad49905\"}\n>player p2 {\"name\":\"testbotcif\",\"avatar\":\"266\",\"rating\":1077,\"seed\":\"sodium,5fe8dd4e90586509624a2568de57f299\"}\n>chat \u2606testbotcif|rlhf\n>p1 move earthquake\n>p2 move poltergeist\n>p1 move earthquake\n>p2 move poltergeist\n>p1 move earthquake\n>p2 move foulplay\n>p2 switch 5\n>p1 switch 5\n>p2 move electrodrift\n>p1 move bulkup\n>p2 switch 6\n>p1 move stoneedge\n>p2 move hurricane\n>p2 switch 4\n>p1 move closecombat\n>p2 move calmmind terastallize\n>p1 move earthquake\n>p2 move recover\n>p2 switch 2\n>p1 move bulkup terastallize\n>p2 move scald\n>p1 move stoneedge\n>p2 move scald\n>p1 switch 5\n>p1 move earthquake\n>p2 move scald\n>p1 switch 3\n>p1 move playrough\n>p2 switch 3\n>p1 switch 6\n>p2 move heavyslam\n>p1 switch 2\n>p1 move armorcannon\n>p2 move dracometeor\n>p2 switch 6\n>p1 move armorcannon\n>p2 move electrodrift\n>p1 switch 4\n>p1 move earthquake\n>p2 switch 3\n>p2 switch 3\n>p1 move earthquake\n>p2 move dracometeor\n>p1 move dracometeor\n>p2 move dracometeor\n>p1 switch 6\n>p1 move playrough\n>p2 move dracometeor", "uploadtime": 1782783746, "views": 3, "formatid": "gen9randombattle", "rating": 1055, "private": 0, "password": null, "player_dets": [{"name": "bakermatt5", "avatar": "wattson", "rating": 1068, "seed": "sodium,2a4de7a9b4029b547a697d81fad49905"}, {"name": "testbotcif", "avatar": "266", "rating": 1077, "seed": "sodium,5fe8dd4e90586509624a2568de57f299"}], "teams_full": [{"Terrakion": {"name": "Terrakion", "species": "Terrakion", "speciesId": "terrakion", "gender": "N", "shiny": false, "level": 79, "moves": ["earthquake", "stoneedge", "closecombat", "quickattack"], "ability": "Justified", "evs": {"hp": 85, "atk": 85, "def": 85, "spa": 85, "spd": 85, "spe": 85}, "ivs": {"hp": 31, "atk": 31, "def": 31, "spa": 31, "spd": 31, "spe": 31}, "item": "Choice Band", "teraType": "Ground", "role": "Wallbreaker", "bvs": {"hp": 91, "atk": 129, "def": 90, "spa": 72, "spd": 90, "spe": 108}, "stats": {"hp": 273, "atk": 249, "def": 188, "spa": 159, "spd": 188, "spe": 216}, "types": ["Rock", "Fighting"]}, "Armarouge": {"name": "Armarouge", "species": "Armarouge", "speciesId": "armarouge", "gender": "M", "shiny": false, "level": 80, "moves": ["psyshock", "energyball", "armorcannon", "aurasphere"], "ability": "Weak Armor", "evs": {"hp": 85, "atk": 0, "def": 85, "spa": 85, "spd": 85, "spe": 85}, "ivs": {"hp": 31, "atk": 0, "def": 31, "spa": 31, "spd": 31, "spe": 31}, "item": "Choice Specs", "teraType": "Fighting", "role": "Wallbreaker", "bvs": {"hp": 85, "atk": 60, "def": 100, "spa": 125, "spd": 80, "spe": 75}, "stats": {"hp": 267, "atk": 101, "def": 206, "spa": 246, "spd": 174, "spe": 166}, "types": ["Fire", "Psychic"]}, "Fezandipiti": {"name": "Fezandipiti", "species": "Fezandipiti", "speciesId": "fezandipiti", "gender": "M", "shiny": false, "level": 82, "moves": ["playrough", "terablast", "swordsdance", "gunkshot"], "ability": "Toxic Chain", "evs": {"hp": 85, "atk": 85, "def": 85, "spa": 85, "spd": 85, "spe": 85}, "ivs": {"hp": 31, "atk": 31, "def": 31, "spa": 31, "spd": 31, "spe": 31}, "item": "Leftovers", "teraType": "Ground", "role": "Tera Blast user", "bvs": {"hp": 88, "atk": 91, "def": 82, "spa": 70, "spd": 125, "spe": 99}, "stats": {"hp": 278, "atk": 196, "def": 182, "spa": 162, "spd": 252, "spe": 210}, "types": ["Poison", "Fairy"]}, "Regidrago": {"name": "Regidrago", "species": "Regidrago", "speciesId": "regidrago", "gender": "N", "shiny": false, "level": 77, "moves": ["dragondance", "outrage", "earthquake", "dracometeor"], "ability": "Dragon's Maw", "evs": {"hp": 85, "atk": 85, "def": 85, "spa": 85, "spd": 85, "spe": 85}, "ivs": {"hp": 31, "atk": 31, "def": 31, "spa": 31, "spd": 31, "spe": 31}, "item": "Lum Berry", "teraType": "Dragon", "role": "Setup Sweeper", "bvs": {"hp": 200, "atk": 100, "def": 50, "spa": 100, "spd": 50, "spe": 80}, "stats": {"hp": 435, "atk": 199, "def": 122, "spa": 199, "spd": 122, "spe": 168}, "types": ["Dragon"]}, "Great Tusk": {"name": "Great Tusk", "species": "Great Tusk", "speciesId": "greattusk", "gender": "N", "shiny": false, "level": 77, "moves": ["bulkup", "closecombat", "stoneedge", "earthquake"], "ability": "Protosynthesis", "evs": {"hp": 85, "atk": 85, "def": 85, "spa": 85, "spd": 85, "spe": 85}, "ivs": {"hp": 31, "atk": 31, "def": 31, "spa": 31, "spd": 31, "spe": 31}, "item": "Leftovers", "teraType": "Steel", "role": "Bulky Setup", "bvs": {"hp": 115, "atk": 131, "def": 131, "spa": 53, "spd": 53, "spe": 87}, "stats": {"hp": 304, "atk": 246, "def": 246, "spa": 126, "spd": 126, "spe": 179}, "types": ["Ground", "Fighting"]}, "Froslass": {"name": "Froslass", "species": "Froslass", "speciesId": "froslass", "gender": "F", "shiny": false, "level": 87, "moves": ["destinybond", "willowisp", "poltergeist", "tripleaxel"], "ability": "Cursed Body", "evs": {"hp": 81, "atk": 85, "def": 85, "spa": 85, "spd": 85, "spe": 85}, "ivs": {"hp": 31, "atk": 31, "def": 31, "spa": 31, "spd": 31, "spe": 31}, "item": "Wide Lens", "teraType": "Ice", "role": "Fast Support", "bvs": {"hp": 70, "atk": 80, "def": 70, "spa": 80, "spd": 70, "spe": 110}, "stats": {"hp": 263, "atk": 189, "def": 172, "spa": 189, "spd": 172, "spe": 241}, "types": ["Ice", "Ghost"]}}, {"Spiritomb": {"name": "Spiritomb", "species": "Spiritomb", "speciesId": "spiritomb", "gender": "F", "shiny": false, "level": 89, "moves": ["painsplit", "willowisp", "poltergeist", "foulplay"], "ability": "Infiltrator", "evs": {"hp": 85, "atk": 85, "def": 85, "spa": 85, "spd": 85, "spe": 85}, "ivs": {"hp": 31, "atk": 31, "def": 31, "spa": 31, "spd": 31, "spe": 31}, "item": "Leftovers", "teraType": "Ghost", "role": "Bulky Support", "bvs": {"hp": 50, "atk": 92, "def": 108, "spa": 92, "spd": 108, "spe": 35}, "stats": {"hp": 234, "atk": 215, "def": 243, "spa": 215, "spd": 243, "spe": 113}, "types": ["Ghost", "Dark"]}, "Vaporeon": {"name": "Vaporeon", "species": "Vaporeon", "speciesId": "vaporeon", "gender": "F", "shiny": false, "level": 86, "moves": ["protect", "wish", "haze", "scald"], "ability": "Water Absorb", "evs": {"hp": 85, "atk": 0, "def": 85, "spa": 85, "spd": 85, "spe": 85}, "ivs": {"hp": 31, "atk": 0, "def": 31, "spa": 31, "spd": 31, "spe": 31}, "item": "Leftovers", "teraType": "Ghost", "role": "Bulky Attacker", "bvs": {"hp": 130, "atk": 65, "def": 60, "spa": 110, "spd": 95, "spe": 65}, "stats": {"hp": 364, "atk": 116, "def": 152, "spa": 238, "spd": 213, "spe": 161}, "types": ["Water"]}, "Dialga": {"name": "Dialga", "species": "Dialga-Origin", "speciesId": "dialgaorigin", "gender": "N", "shiny": false, "level": 73, "moves": ["heavyslam", "dracometeor", "fireblast", "thunderwave"], "ability": "Pressure", "evs": {"hp": 85, "atk": 85, "def": 85, "spa": 85, "spd": 85, "spe": 85}, "ivs": {"hp": 31, "atk": 31, "def": 31, "spa": 31, "spd": 31, "spe": 31}, "item": "Adamant Crystal", "teraType": "Flying", "role": "Fast Attacker", "bvs": {"hp": 100, "atk": 100, "def": 120, "spa": 150, "spd": 120, "spe": 90}, "stats": {"hp": 266, "atk": 188, "def": 218, "spa": 261, "spd": 218, "spe": 174}, "types": ["Steel", "Dragon"]}, "Arceus": {"name": "Arceus", "species": "Arceus-Ice", "speciesId": "arceusice", "gender": "N", "shiny": false, "level": 72, "moves": ["calmmind", "thunderbolt", "recover", "judgment"], "ability": "Multitype", "evs": {"hp": 81, "atk": 0, "def": 85, "spa": 85, "spd": 85, "spe": 85}, "ivs": {"hp": 31, "atk": 0, "def": 31, "spa": 31, "spd": 31, "spe": 31}, "item": "Icicle Plate", "teraType": "Electric", "role": "Bulky Setup", "bvs": {"hp": 120, "atk": 120, "def": 120, "spa": 120, "spd": 120, "spe": 120}, "stats": {"hp": 291, "atk": 177, "def": 215, "spa": 215, "spd": 215, "spe": 215}, "types": ["Ice"]}, "Miraidon": {"name": "Miraidon", "species": "Miraidon", "speciesId": "miraidon", "gender": "N", "shiny": false, "level": 65, "moves": ["voltswitch", "dracometeor", "overheat", "electrodrift"], "ability": "Hadron Engine", "evs": {"hp": 85, "atk": 0, "def": 85, "spa": 85, "spd": 85, "spe": 85}, "ivs": {"hp": 31, "atk": 0, "def": 31, "spa": 31, "spd": 31, "spe": 31}, "item": "Choice Specs", "teraType": "Electric", "role": "Fast Attacker", "bvs": {"hp": 100, "atk": 85, "def": 100, "spa": 135, "spd": 115, "spe": 135}, "stats": {"hp": 238, "atk": 115, "def": 168, "spa": 214, "spd": 188, "spe": 214}, "types": ["Electric", "Dragon"]}, "Vespiquen": {"name": "Vespiquen", "species": "Vespiquen", "speciesId": "vespiquen", "gender": "F", "shiny": false, "level": 99, "moves": ["spikes", "uturn", "hurricane", "roost"], "ability": "Pressure", "evs": {"hp": 85, "atk": 85, "def": 85, "spa": 85, "spd": 85, "spe": 85}, "ivs": {"hp": 31, "atk": 31, "def": 31, "spa": 31, "spd": 31, "spe": 31}, "item": "Heavy-Duty Boots", "teraType": "Steel", "role": "Bulky Support", "bvs": {"hp": 70, "atk": 80, "def": 102, "spa": 80, "spd": 102, "spe": 40}, "stats": {"hp": 299, "atk": 214, "def": 258, "spa": 214, "spd": 258, "spe": 135}, "types": ["Bug", "Flying"]}}]}