{"id": "gen9randombattle-2641235181", "format": "[Gen 9] Random Battle", "players": ["Ze Memerr", "saucyboiii"], "log": "|j|\u2606Ze Memerr\n|j|\u2606saucyboiii\n|t:|1782757180\n|gametype|singles\n|player|p1|Ze Memerr|169|1961\n|player|p2|saucyboiii|102|1971\n|gen|9\n|tier|[Gen 9] Random Battle\n|rated|\n|rule|Species Clause: Limit one of each Pok\u00e9mon\n|rule|HP Percentage Mod: HP is shown in percentages\n|rule|Sleep Clause Mod: Limit one foe put to sleep\n|rule|Illusion Level Mod: Illusion disguises the Pok\u00e9mon's true level\n|\n|t:|1782757180\n|teamsize|p1|6\n|teamsize|p2|6\n|start\n|switch|p1a: Heracross|Heracross, L80, M|259/259\n|switch|p2a: Minun|Minun, L95, F|268/268\n|turn|1\n|inactive|Battle timer is ON: inactive players will automatically lose when time's up. (requested by Ze Memerr)\n|\n|t:|1782757197\n|switch|p2a: Scream Tail|Scream Tail, L84|330/330\n|move|p1a: Heracross|Megahorn|p2a: Scream Tail\n|-damage|p2a: Scream Tail|209/330\n|\n|-heal|p2a: Scream Tail|229/330|[from] item: Leftovers\n|upkeep\n|turn|2\n|\n|t:|1782757214\n|switch|p1a: Pachirisu|Pachirisu, L96, F|271/271\n|move|p2a: Scream Tail|Play Rough|p1a: Pachirisu\n|-damage|p1a: Pachirisu|199/271\n|\n|-heal|p2a: Scream Tail|249/330|[from] item: Leftovers\n|upkeep\n|turn|3\n|\n|t:|1782757223\n|move|p2a: Scream Tail|Protect|p2a: Scream Tail\n|-singleturn|p2a: Scream Tail|Protect\n|move|p1a: Pachirisu|Super Fang|p2a: Scream Tail\n|-activate|p2a: Scream Tail|move: Protect\n|\n|-heal|p2a: Scream Tail|269/330|[from] item: Leftovers\n|upkeep\n|turn|4\n|\n|t:|1782757229\n|-end|p2a: Scream Tail|Protosynthesis|[silent]\n|switch|p2a: Minun|Minun, L95, F|268/268\n|move|p1a: Pachirisu|Super Fang|p2a: Minun\n|-damage|p2a: Minun|134/268\n|\n|upkeep\n|turn|5\n|\n|t:|1782757239\n|move|p1a: Pachirisu|Super Fang|p2a: Minun\n|-damage|p2a: Minun|67/268\n|move|p2a: Minun|Encore|p1a: Pachirisu\n|-start|p1a: Pachirisu|Encore\n|\n|upkeep\n|turn|6\n|\n|t:|1782757254\n|switch|p1a: Oricorio|Oricorio-Pom-Pom, L82, F|257/257\n|switch|p2a: Slowbro|Slowbro, L85, F|300/300\n|\n|upkeep\n|turn|7\n|\n|t:|1782757260\n|move|p1a: Oricorio|Quiver Dance|p1a: Oricorio\n|-boost|p1a: Oricorio|spa|1\n|-boost|p1a: Oricorio|spd|1\n|-boost|p1a: Oricorio|spe|1\n|move|p2a: Slowbro|Ice Beam|p1a: Oricorio\n|-supereffective|p1a: Oricorio\n|-crit|p1a: Oricorio\n|-damage|p1a: Oricorio|0 fnt\n|faint|p1a: Oricorio\n|\n|upkeep\n|\n|t:|1782757269\n|switch|p1a: Heracross|Heracross, L80, M|259/259\n|turn|8\n|\n|t:|1782757275\n|move|p1a: Heracross|Megahorn|p2a: Slowbro\n|-supereffective|p2a: Slowbro\n|-damage|p2a: Slowbro|40/300\n|move|p2a: Slowbro|Scald|p1a: Heracross\n|-damage|p1a: Heracross|174/259\n|-status|p1a: Heracross|brn\n|\n|-damage|p1a: Heracross|158/259 brn|[from] brn\n|upkeep\n|turn|9\n|\n|t:|1782757283\n|switch|p2a: Scream Tail|Scream Tail, L84|269/330\n|move|p1a: Heracross|Megahorn|p2a: Scream Tail\n|-damage|p2a: Scream Tail|209/330\n|\n|-heal|p2a: Scream Tail|229/330|[from] item: Leftovers\n|-damage|p1a: Heracross|142/259 brn|[from] brn\n|upkeep\n|turn|10\n|\n|t:|1782757288\n|switch|p1a: Pachirisu|Pachirisu, L96, F|199/271\n|move|p2a: Scream Tail|Wish|p2a: Scream Tail\n|\n|-heal|p2a: Scream Tail|249/330|[from] item: Leftovers\n|upkeep\n|turn|11\n|\n|t:|1782757296\n|move|p1a: Pachirisu|Super Fang|p2a: Scream Tail\n|-damage|p2a: Scream Tail|125/330\n|move|p2a: Scream Tail|Play Rough|p1a: Pachirisu\n|-damage|p1a: Pachirisu|121/271\n|\n|-heal|p2a: Scream Tail|290/330|[from] move: Wish|[wisher] Scream Tail\n|-heal|p2a: Scream Tail|310/330|[from] item: Leftovers\n|upkeep\n|turn|12\n|\n|t:|1782757302\n|move|p2a: Scream Tail|Protect|p2a: Scream Tail\n|-singleturn|p2a: Scream Tail|Protect\n|move|p1a: Pachirisu|Super Fang|p2a: Scream Tail\n|-activate|p2a: Scream Tail|move: Protect\n|\n|-heal|p2a: Scream Tail|330/330|[from] item: Leftovers\n|upkeep\n|turn|13\n|\n|t:|1782757310\n|move|p1a: Pachirisu|Super Fang|p2a: Scream Tail\n|-damage|p2a: Scream Tail|165/330\n|move|p2a: Scream Tail|Wish|p2a: Scream Tail\n|\n|-heal|p2a: Scream Tail|185/330|[from] item: Leftovers\n|upkeep\n|turn|14\n|\n|t:|1782757315\n|-end|p2a: Scream Tail|Protosynthesis|[silent]\n|switch|p2a: Minun|Minun, L95, F|67/268\n|move|p1a: Pachirisu|U-turn|p2a: Minun\n|-damage|p2a: Minun|13/268\n|\n|t:|1782757322\n|switch|p1a: Deoxys|Deoxys, L74|196/196|[from] U-turn\n|-ability|p1a: Deoxys|Pressure\n|\n|-heal|p2a: Minun|178/268|[from] move: Wish|[wisher] Scream Tail\n|upkeep\n|turn|15\n|\n|t:|1782757340\n|switch|p2a: Scream Tail|Scream Tail, L84|185/330\n|move|p1a: Deoxys|Psycho Boost|p2a: Scream Tail|[miss]\n|-miss|p1a: Deoxys|p2a: Scream Tail\n|\n|-heal|p2a: Scream Tail|205/330|[from] item: Leftovers\n|upkeep\n|turn|16\n|\n|t:|1782757358\n|switch|p1a: Talonflame|Talonflame, L83, F|265/265\n|move|p2a: Scream Tail|Play Rough|p1a: Talonflame\n|-resisted|p1a: Talonflame\n|-damage|p1a: Talonflame|220/265\n|-unboost|p1a: Talonflame|atk|1\n|\n|-heal|p2a: Scream Tail|225/330|[from] item: Leftovers\n|upkeep\n|turn|17\n|\n|t:|1782757366\n|-end|p2a: Scream Tail|Protosynthesis|[silent]\n|switch|p2a: Slowbro|Slowbro, L85, F|140/300\n|move|p1a: Talonflame|Overheat|p2a: Slowbro|[miss]\n|-miss|p1a: Talonflame|p2a: Slowbro\n|\n|upkeep\n|turn|18\n|\n|t:|1782757374\n|switch|p1a: Heracross|Heracross, L80, M|142/259 brn\n|move|p2a: Slowbro|Scald|p1a: Heracross\n|-damage|p1a: Heracross|51/259 brn\n|\n|-damage|p1a: Heracross|35/259 brn|[from] brn\n|upkeep\n|turn|19\n|\n|t:|1782757380\n|switch|p2a: Scream Tail|Scream Tail, L84|225/330\n|move|p1a: Heracross|Knock Off|p2a: Scream Tail\n|-damage|p2a: Scream Tail|189/330\n|-enditem|p2a: Scream Tail|Leftovers|[from] move: Knock Off|[of] p1a: Heracross\n|\n|-damage|p1a: Heracross|19/259 brn|[from] brn\n|upkeep\n|turn|20\n|\n|t:|1782757386\n|move|p1a: Heracross|Knock Off|p2a: Scream Tail\n|-damage|p2a: Scream Tail|164/330\n|move|p2a: Scream Tail|Wish|p2a: Scream Tail\n|\n|-damage|p1a: Heracross|3/259 brn|[from] brn\n|upkeep\n|turn|21\n|\n|t:|1782757389\n|move|p1a: Heracross|Knock Off|p2a: Scream Tail\n|-damage|p2a: Scream Tail|138/330\n|move|p2a: Scream Tail|Wish||[still]\n|-fail|p2a: Scream Tail\n|\n|-heal|p2a: Scream Tail|303/330|[from] move: Wish|[wisher] Scream Tail\n|-damage|p1a: Heracross|0 fnt|[from] brn\n|faint|p1a: Heracross\n|upkeep\n|\n|t:|1782757406\n|switch|p1a: Talonflame|Talonflame, L83, F|220/265\n|turn|22\n|\n|t:|1782757411\n|move|p2a: Scream Tail|Protect|p2a: Scream Tail\n|-singleturn|p2a: Scream Tail|Protect\n|move|p1a: Talonflame|Brave Bird|p2a: Scream Tail\n|-activate|p2a: Scream Tail|move: Protect\n|\n|upkeep\n|turn|23\n|\n|t:|1782757415\n|-end|p2a: Scream Tail|Protosynthesis|[silent]\n|switch|p2a: Slowbro|Slowbro, L85, F|240/300\n|move|p1a: Talonflame|Brave Bird|p2a: Slowbro\n|-damage|p2a: Slowbro|156/300\n|-damage|p1a: Talonflame|192/265|[from] Recoil\n|\n|upkeep\n|turn|24\n|\n|t:|1782757422\n|switch|p1a: Pachirisu|Pachirisu, L96, F|121/271\n|move|p2a: Slowbro|Scald|p1a: Pachirisu\n|-damage|p1a: Pachirisu|39/271\n|-status|p1a: Pachirisu|brn\n|\n|-damage|p1a: Pachirisu|23/271 brn|[from] brn\n|upkeep\n|turn|25\n|\n|t:|1782757431\n|switch|p2a: Scream Tail|Scream Tail, L84|303/330\n|move|p1a: Pachirisu|Discharge|p2a: Scream Tail\n|-damage|p2a: Scream Tail|246/330\n|\n|-damage|p1a: Pachirisu|7/271 brn|[from] brn\n|upkeep\n|turn|26\n|\n|t:|1782757437\n|move|p2a: Scream Tail|Protect|p2a: Scream Tail\n|-singleturn|p2a: Scream Tail|Protect\n|move|p1a: Pachirisu|Super Fang|p2a: Scream Tail\n|-activate|p2a: Scream Tail|move: Protect\n|\n|-damage|p1a: Pachirisu|0 fnt|[from] brn\n|faint|p1a: Pachirisu\n|upkeep\n|\n|t:|1782757439\n|switch|p1a: Baxcalibur|Baxcalibur, L75, M|295/295\n|turn|27\n|\n|t:|1782757447\n|move|p2a: Scream Tail|Play Rough|p1a: Baxcalibur\n|-supereffective|p1a: Baxcalibur\n|-damage|p1a: Baxcalibur|139/295\n|move|p1a: Baxcalibur|Swords Dance|p1a: Baxcalibur\n|-boost|p1a: Baxcalibur|atk|2\n|\n|upkeep\n|turn|28\n|\n|t:|1782757455\n|switch|p1a: Talonflame|Talonflame, L83, F|192/265\n|move|p2a: Scream Tail|Encore||[still]\n|-fail|p2a: Scream Tail\n|\n|upkeep\n|turn|29\n|\n|t:|1782757461\n|-end|p2a: Scream Tail|Protosynthesis|[silent]\n|switch|p2a: Slowbro|Slowbro, L85, F|256/300\n|move|p1a: Talonflame|Brave Bird|p2a: Slowbro\n|-damage|p2a: Slowbro|171/300\n|-damage|p1a: Talonflame|164/265|[from] Recoil\n|\n|upkeep\n|turn|30\n|\n|t:|1782757469\n|switch|p1a: Baxcalibur|Baxcalibur, L75, M|139/295\n|move|p2a: Slowbro|Scald|p1a: Baxcalibur\n|-resisted|p1a: Baxcalibur\n|-damage|p1a: Baxcalibur|90/295\n|\n|upkeep\n|turn|31\n|\n|t:|1782757475\n|move|p1a: Baxcalibur|Icicle Spear|p2a: Slowbro\n|-resisted|p2a: Slowbro\n|-damage|p2a: Slowbro|157/300\n|-resisted|p2a: Slowbro\n|-damage|p2a: Slowbro|145/300\n|-resisted|p2a: Slowbro\n|-damage|p2a: Slowbro|131/300\n|-resisted|p2a: Slowbro\n|-damage|p2a: Slowbro|119/300\n|-resisted|p2a: Slowbro\n|-damage|p2a: Slowbro|107/300\n|-hitcount|p2a: Slowbro|5\n|move|p2a: Slowbro|Body Press|p1a: Baxcalibur\n|-supereffective|p1a: Baxcalibur\n|-damage|p1a: Baxcalibur|0 fnt\n|faint|p1a: Baxcalibur\n|\n|upkeep\n|\n|t:|1782757478\n|switch|p1a: Deoxys|Deoxys, L74|196/196\n|-ability|p1a: Deoxys|Pressure\n|turn|32\n|\n|t:|1782757482\n|switch|p2a: Scream Tail|Scream Tail, L84|246/330\n|move|p1a: Deoxys|Knock Off|p2a: Scream Tail\n|-damage|p2a: Scream Tail|190/330\n|-damage|p1a: Deoxys|177/196|[from] item: Life Orb\n|\n|upkeep\n|turn|33\n|\n|t:|1782757486\n|switch|p1a: Talonflame|Talonflame, L83, F|164/265\n|move|p2a: Scream Tail|Play Rough|p1a: Talonflame\n|-resisted|p1a: Talonflame\n|-damage|p1a: Talonflame|124/265\n|-status|p2a: Scream Tail|brn|[from] ability: Flame Body|[of] p1a: Talonflame\n|\n|-damage|p2a: Scream Tail|170/330 brn|[from] brn\n|upkeep\n|turn|34\n|\n|t:|1782757492\n|move|p1a: Talonflame|Roost|p1a: Talonflame\n|-heal|p1a: Talonflame|257/265\n|-singleturn|p1a: Talonflame|move: Roost\n|move|p2a: Scream Tail|Wish|p2a: Scream Tail\n|\n|-damage|p2a: Scream Tail|150/330 brn|[from] brn\n|upkeep\n|turn|35\n|\n|t:|1782757499\n|move|p2a: Scream Tail|Protect|p2a: Scream Tail\n|-singleturn|p2a: Scream Tail|Protect\n|move|p1a: Talonflame|Brave Bird|p2a: Scream Tail\n|-activate|p2a: Scream Tail|move: Protect\n|\n|-heal|p2a: Scream Tail|315/330 brn|[from] move: Wish|[wisher] Scream Tail\n|-damage|p2a: Scream Tail|295/330 brn|[from] brn\n|upkeep\n|turn|36\n|\n|t:|1782757501\n|move|p1a: Talonflame|Brave Bird|p2a: Scream Tail\n|-damage|p2a: Scream Tail|186/330 brn\n|-damage|p1a: Talonflame|221/265|[from] Recoil\n|move|p2a: Scream Tail|Wish|p2a: Scream Tail\n|\n|-damage|p2a: Scream Tail|166/330 brn|[from] brn\n|upkeep\n|turn|37\n|\n|t:|1782757507\n|move|p2a: Scream Tail|Protect|p2a: Scream Tail\n|-singleturn|p2a: Scream Tail|Protect\n|move|p1a: Talonflame|Brave Bird|p2a: Scream Tail\n|-activate|p2a: Scream Tail|move: Protect\n|\n|-heal|p2a: Scream Tail|330/330 brn|[from] move: Wish|[wisher] Scream Tail\n|-damage|p2a: Scream Tail|310/330 brn|[from] brn\n|upkeep\n|turn|38\n|\n|t:|1782757509\n|-end|p2a: Scream Tail|Protosynthesis|[silent]\n|switch|p2a: Slowbro|Slowbro, L85, F|207/300\n|move|p1a: Talonflame|Brave Bird|p2a: Slowbro\n|-damage|p2a: Slowbro|114/300\n|-damage|p1a: Talonflame|190/265|[from] Recoil\n|\n|upkeep\n|turn|39\n|\n|t:|1782757515\n|move|p1a: Talonflame|Brave Bird|p2a: Slowbro\n|-damage|p2a: Slowbro|21/300\n|-damage|p1a: Talonflame|159/265|[from] Recoil\n|move|p2a: Slowbro|Scald|p1a: Talonflame\n|-supereffective|p1a: Talonflame\n|-damage|p1a: Talonflame|0 fnt\n|faint|p1a: Talonflame\n|\n|upkeep\n|\n|t:|1782757520\n|switch|p1a: Deoxys|Deoxys, L74|177/196\n|-ability|p1a: Deoxys|Pressure\n|turn|40\n|\n|t:|1782757525\n|move|p1a: Deoxys|Knock Off|p2a: Slowbro\n|-supereffective|p2a: Slowbro\n|-damage|p2a: Slowbro|0 fnt\n|-enditem|p2a: Slowbro|Assault Vest|[from] move: Knock Off|[of] p1a: Deoxys\n|faint|p2a: Slowbro\n|-damage|p1a: Deoxys|158/196|[from] item: Life Orb\n|\n|upkeep\n|\n|t:|1782757529\n|switch|p2a: Dewgong|Dewgong, L94, M|322/322\n|turn|41\n|\n|t:|1782757538\n|move|p1a: Deoxys|Superpower|p2a: Dewgong\n|-supereffective|p2a: Dewgong\n|-damage|p2a: Dewgong|67/322\n|-unboost|p1a: Deoxys|atk|1\n|-unboost|p1a: Deoxys|def|1\n|-damage|p1a: Deoxys|139/196|[from] item: Life Orb\n|move|p2a: Dewgong|Surf|p1a: Deoxys\n|-damage|p1a: Deoxys|0 fnt\n|faint|p1a: Deoxys\n|\n|win|saucyboiii\n", "inputlog": ">version f8ac14003a5f27e1bdc8d8c59608a773c1cb96e5\n>start {\"formatid\":\"gen9randombattle\",\"seed\":\"sodium,c6291fded331386dc3d7a51ca9d02f99\",\"rated\":\"Rated battle\"}\n>player p1 {\"name\":\"Ze Memerr\",\"avatar\":\"169\",\"rating\":1961,\"seed\":\"sodium,639670cd22712850a02252e70aec4b4c\"}\n>player p2 {\"name\":\"saucyboiii\",\"avatar\":\"102\",\"rating\":1971,\"seed\":\"sodium,c0fa18b2c972e6ce6808250568230a48\"}\n>p1 move megahorn\n>p2 switch 2\n>p1 switch 4\n>p2 move playrough\n>p1 move superfang\n>p2 move protect\n>p1 move superfang\n>p2 switch 2\n>p1 move superfang\n>p2 move encore\n>p1 switch 5\n>p2 switch 5\n>p1 move quiverdance\n>p2 move icebeam\n>p1 switch 4\n>p1 move megahorn\n>p2 move scald\n>p1 move megahorn\n>p2 switch 2\n>p1 switch 5\n>p2 move wish\n>p1 move superfang\n>p2 move playrough\n>p1 move superfang\n>p2 move protect\n>p1 move superfang\n>p2 move wish\n>p1 move uturn\n>p2 switch 5\n>p1 switch 2\n>p1 move psychoboost\n>p2 switch 5\n>p1 switch 6\n>p2 move playrough\n>p1 move overheat\n>p2 switch 2\n>p1 switch 5\n>p2 move scald\n>p1 move knockoff\n>p2 switch 2\n>p1 move knockoff\n>p2 move wish\n>p1 move knockoff\n>p2 move wish\n>p1 switch 5\n>p1 move bravebird\n>p2 move protect\n>p1 move bravebird\n>p2 switch 2\n>p1 switch 2\n>p2 move scald\n>p1 move discharge\n>p2 switch 2\n>p1 move superfang\n>p2 move protect\n>p1 switch 3\n>p1 move swordsdance\n>p2 move playrough\n>p1 switch 2\n>p2 move encore\n>p1 move bravebird\n>p2 switch 2\n>p1 switch 2\n>p2 move scald\n>p1 move iciclespear\n>p2 move bodypress\n>p1 switch 6\n>p1 move knockoff\n>p2 switch 2\n>p1 switch 2\n>p2 move playrough\n>p1 move roost\n>p2 move wish\n>p1 move bravebird\n>p2 move protect\n>p1 move bravebird\n>p2 move wish\n>p1 move bravebird\n>p2 move protect\n>p1 move bravebird\n>p2 switch 2\n>p1 move bravebird\n>p2 move scald\n>p1 switch 2\n>p1 move knockoff\n>p2 move scald\n>p2 switch 3\n>p1 move superpower\n>p2 move surf", "uploadtime": 1782757184, "views": 7, "formatid": "gen9randombattle", "rating": null, "private": 0, "password": null, "player_dets": [{"name": "Ze Memerr", "avatar": "169", "rating": 1961, "seed": "sodium,639670cd22712850a02252e70aec4b4c"}, {"name": "saucyboiii", "avatar": "102", "rating": 1971, "seed": "sodium,c0fa18b2c972e6ce6808250568230a48"}], "teams_full": [{"Heracross": {"name": "Heracross", "species": "Heracross", "speciesId": "heracross", "gender": "M", "shiny": false, "level": 80, "moves": ["megahorn", "knockoff", "stoneedge", "closecombat"], "ability": "Moxie", "evs": {"hp": 85, "atk": 85, "def": 85, "spa": 85, "spd": 85, "spe": 85}, "ivs": {"hp": 31, "atk": 31, "def": 31, "spa": 31, "spd": 31, "spe": 31}, "item": "Choice Scarf", "teraType": "Rock", "role": "Fast Attacker", "bvs": {"hp": 80, "atk": 125, "def": 75, "spa": 40, "spd": 95, "spe": 85}, "stats": {"hp": 259, "atk": 246, "def": 166, "spa": 110, "spd": 198, "spe": 182}, "types": ["Bug", "Fighting"]}, "Deoxys": {"name": "Deoxys", "species": "Deoxys", "speciesId": "deoxys", "gender": "N", "shiny": false, "level": 74, "moves": ["extremespeed", "knockoff", "psychoboost", "superpower"], "ability": "Pressure", "evs": {"hp": 85, "atk": 85, "def": 85, "spa": 85, "spd": 85, "spe": 85}, "ivs": {"hp": 31, "atk": 31, "def": 31, "spa": 31, "spd": 31, "spe": 31}, "item": "Life Orb", "teraType": "Normal", "role": "Fast Attacker", "bvs": {"hp": 50, "atk": 150, "def": 50, "spa": 150, "spd": 50, "spe": 150}, "stats": {"hp": 196, "atk": 265, "def": 117, "spa": 265, "spd": 117, "spe": 265}, "types": ["Psychic"]}, "Baxcalibur": {"name": "Baxcalibur", "species": "Baxcalibur", "speciesId": "baxcalibur", "gender": "M", "shiny": false, "level": 75, "moves": ["iciclespear", "scaleshot", "earthquake", "swordsdance"], "ability": "Thermal Exchange", "evs": {"hp": 81, "atk": 85, "def": 85, "spa": 85, "spd": 85, "spe": 85}, "ivs": {"hp": 31, "atk": 31, "def": 31, "spa": 31, "spd": 31, "spe": 31}, "item": "Loaded Dice", "teraType": "Dragon", "role": "Bulky Setup", "bvs": {"hp": 115, "atk": 145, "def": 92, "spa": 75, "spd": 86, "spe": 87}, "stats": {"hp": 295, "atk": 261, "def": 182, "spa": 156, "spd": 173, "spe": 174}, "types": ["Dragon", "Ice"]}, "Pachirisu": {"name": "Pachirisu", "species": "Pachirisu", "speciesId": "pachirisu", "gender": "F", "shiny": false, "level": 96, "moves": ["discharge", "encore", "superfang", "uturn"], "ability": "Volt Absorb", "evs": {"hp": 85, "atk": 85, "def": 85, "spa": 85, "spd": 85, "spe": 85}, "ivs": {"hp": 31, "atk": 31, "def": 31, "spa": 31, "spd": 31, "spe": 31}, "item": "Heavy-Duty Boots", "teraType": "Flying", "role": "Fast Support", "bvs": {"hp": 60, "atk": 45, "def": 70, "spa": 45, "spd": 90, "spe": 95}, "stats": {"hp": 271, "atk": 141, "def": 189, "spa": 141, "spd": 227, "spe": 237}, "types": ["Electric"]}, "Oricorio": {"name": "Oricorio", "species": "Oricorio-Pom-Pom", "speciesId": "oricoriopompom", "gender": "F", "shiny": false, "level": 82, "moves": ["hurricane", "roost", "revelationdance", "quiverdance"], "ability": "Dancer", "evs": {"hp": 85, "atk": 0, "def": 85, "spa": 85, "spd": 85, "spe": 85}, "ivs": {"hp": 31, "atk": 0, "def": 31, "spa": 31, "spd": 31, "spe": 31}, "item": "Heavy-Duty Boots", "teraType": "Ground", "role": "Setup Sweeper", "bvs": {"hp": 75, "atk": 70, "def": 70, "spa": 98, "spd": 70, "spe": 93}, "stats": {"hp": 257, "atk": 119, "def": 162, "spa": 208, "spd": 162, "spe": 200}, "types": ["Electric", "Flying"]}, "Talonflame": {"name": "Talonflame", "species": "Talonflame", "speciesId": "talonflame", "gender": "F", "shiny": false, "level": 83, "moves": ["overheat", "bravebird", "roost", "taunt"], "ability": "Flame Body", "evs": {"hp": 85, "atk": 85, "def": 85, "spa": 85, "spd": 85, "spe": 85}, "ivs": {"hp": 31, "atk": 31, "def": 31, "spa": 31, "spd": 31, "spe": 31}, "item": "Heavy-Duty Boots", "teraType": "Dragon", "role": "Bulky Attacker", "bvs": {"hp": 78, "atk": 81, "def": 71, "spa": 74, "spd": 69, "spe": 126}, "stats": {"hp": 265, "atk": 182, "def": 166, "spa": 171, "spd": 162, "spe": 257}, "types": ["Fire", "Flying"]}}, {"Minun": {"name": "Minun", "species": "Minun", "speciesId": "minun", "gender": "F", "shiny": false, "level": 95, "moves": ["encore", "grassknot", "thunderbolt", "nastyplot"], "ability": "Volt Absorb", "evs": {"hp": 85, "atk": 0, "def": 85, "spa": 85, "spd": 85, "spe": 85}, "ivs": {"hp": 31, "atk": 0, "def": 31, "spa": 31, "spd": 31, "spe": 31}, "item": "Life Orb", "teraType": "Electric", "role": "Setup Sweeper", "bvs": {"hp": 60, "atk": 40, "def": 50, "spa": 75, "spd": 85, "spe": 95}, "stats": {"hp": 268, "atk": 81, "def": 149, "spa": 196, "spd": 215, "spe": 234}, "types": ["Electric"]}, "Scream Tail": {"name": "Scream Tail", "species": "Scream Tail", "speciesId": "screamtail", "gender": "N", "shiny": false, "level": 84, "moves": ["protect", "wish", "encore", "playrough"], "ability": "Protosynthesis", "evs": {"hp": 85, "atk": 85, "def": 85, "spa": 85, "spd": 85, "spe": 85}, "ivs": {"hp": 31, "atk": 31, "def": 31, "spa": 31, "spd": 31, "spe": 31}, "item": "Leftovers", "teraType": "Steel", "role": "Bulky Support", "bvs": {"hp": 115, "atk": 65, "def": 99, "spa": 65, "spd": 115, "spe": 111}, "stats": {"hp": 330, "atk": 157, "def": 215, "spa": 157, "spd": 241, "spe": 235}, "types": ["Fairy", "Psychic"]}, "Dewgong": {"name": "Dewgong", "species": "Dewgong", "speciesId": "dewgong", "gender": "M", "shiny": false, "level": 94, "moves": ["knockoff", "tripleaxel", "flipturn", "surf"], "ability": "Thick Fat", "evs": {"hp": 85, "atk": 85, "def": 85, "spa": 85, "spd": 85, "spe": 85}, "ivs": {"hp": 31, "atk": 31, "def": 31, "spa": 31, "spd": 31, "spe": 31}, "item": "Assault Vest", "teraType": "Dragon", "role": "Bulky Attacker", "bvs": {"hp": 90, "atk": 70, "def": 80, "spa": 70, "spd": 95, "spe": 70}, "stats": {"hp": 322, "atk": 185, "def": 204, "spa": 185, "spd": 232, "spe": 185}, "types": ["Water", "Ice"]}, "Chien-Pao": {"name": "Chien-Pao", "species": "Chien-Pao", "speciesId": "chienpao", "gender": "N", "shiny": false, "level": 72, "moves": ["swordsdance", "iciclecrash", "iceshard", "throatchop"], "ability": "Sword of Ruin", "evs": {"hp": 85, "atk": 85, "def": 85, "spa": 85, "spd": 85, "spe": 85}, "ivs": {"hp": 31, "atk": 31, "def": 31, "spa": 31, "spd": 31, "spe": 31}, "item": "Heavy-Duty Boots", "teraType": "Ice", "role": "Setup Sweeper", "bvs": {"hp": 80, "atk": 120, "def": 80, "spa": 90, "spd": 65, "spe": 135}, "stats": {"hp": 234, "atk": 215, "def": 157, "spa": 172, "spd": 136, "spe": 236}, "types": ["Dark", "Ice"]}, "Slowbro": {"name": "Slowbro", "species": "Slowbro", "speciesId": "slowbro", "gender": "F", "shiny": false, "level": 85, "moves": ["psychicnoise", "scald", "icebeam", "bodypress"], "ability": "Regenerator", "evs": {"hp": 85, "atk": 0, "def": 85, "spa": 85, "spd": 85, "spe": 85}, "ivs": {"hp": 31, "atk": 0, "def": 31, "spa": 31, "spd": 31, "spe": 31}, "item": "Assault Vest", "teraType": "Fairy", "role": "AV Pivot", "bvs": {"hp": 95, "atk": 75, "def": 110, "spa": 100, "spd": 80, "spe": 30}, "stats": {"hp": 300, "atk": 132, "def": 236, "spa": 219, "spd": 185, "spe": 100}, "types": ["Water", "Psychic"]}, "Rampardos": {"name": "Rampardos", "species": "Rampardos", "speciesId": "rampardos", "gender": "F", "shiny": false, "level": 90, "moves": ["zenheadbutt", "rockslide", "earthquake", "firepunch"], "ability": "Sheer Force", "evs": {"hp": 85, "atk": 85, "def": 85, "spa": 85, "spd": 85, "spe": 85}, "ivs": {"hp": 31, "atk": 31, "def": 31, "spa": 31, "spd": 31, "spe": 31}, "item": "Life Orb", "teraType": "Psychic", "role": "Wallbreaker", "bvs": {"hp": 97, "atk": 165, "def": 60, "spa": 65, "spd": 50, "spe": 58}, "stats": {"hp": 321, "atk": 348, "def": 159, "spa": 168, "spd": 141, "spe": 156}, "types": ["Rock"]}}]}