{"id": "gen9randombattle-2641598723", "format": "[Gen 9] Random Battle", "players": ["Kieskauer", "mztmztmzt123"], "log": "|j|\u2606Kieskauer\n|j|\u2606mztmztmzt123\n|t:|1782816064\n|gametype|singles\n|player|p1|Kieskauer|2|2167\n|player|p2|mztmztmzt123|1|2199\n|gen|9\n|tier|[Gen 9] Random Battle\n|rated|\n|rule|Species Clause: Limit one of each Pok\u00e9mon\n|rule|HP Percentage Mod: HP is shown in percentages\n|rule|Sleep Clause Mod: Limit one foe put to sleep\n|rule|Illusion Level Mod: Illusion disguises the Pok\u00e9mon's true level\n|\n|t:|1782816064\n|teamsize|p1|6\n|teamsize|p2|6\n|start\n|switch|p1a: Lilligant|Lilligant, L86, F|261/261\n|switch|p2a: Minun|Minun, L95, F|268/268\n|turn|1\n|inactive|Battle timer is ON: inactive players will automatically lose when time's up. (requested by mztmztmzt123)\n|\n|t:|1782816091\n|switch|p2a: Coalossal|Coalossal, L89, M|341/341\n|switch|p1a: Landorus|Landorus-Therian, L76, M|260/260\n|-ability|p1a: Landorus|Intimidate|boost\n|-unboost|p2a: Coalossal|atk|1\n|\n|upkeep\n|turn|2\n|\n|t:|1782816096\n|switch|p2a: Flamigo|Flamigo, L82, M|269/269\n|move|p1a: Landorus|Stealth Rock|p2a: Flamigo\n|-sidestart|p2: mztmztmzt123|move: Stealth Rock\n|\n|upkeep\n|turn|3\n|\n|t:|1782816106\n|move|p2a: Flamigo|Brave Bird|p1a: Landorus\n|-damage|p1a: Landorus|75/260\n|-damage|p2a: Flamigo|208/269|[from] Recoil\n|-damage|p2a: Flamigo|182/269|[from] item: Life Orb\n|move|p1a: Landorus|U-turn|p2a: Flamigo\n|-resisted|p2a: Flamigo\n|-damage|p2a: Flamigo|166/269\n|\n|t:|1782816126\n|switch|p1a: Azumarill|Azumarill, L82, F|298/298|[from] U-turn\n|\n|upkeep\n|turn|4\n|\n|t:|1782816143\n|switch|p2a: Lumineon|Lumineon, L93, M|279/279\n|move|p1a: Azumarill|Liquidation|p2a: Lumineon\n|-ability|p2a: Lumineon|Storm Drain|boost\n|-boost|p2a: Lumineon|spa|1\n|\n|upkeep\n|turn|5\n|\n|t:|1782816154\n|switch|p1a: Landorus|Landorus-Therian, L76, M|75/260\n|-ability|p1a: Landorus|Intimidate|boost\n|-unboost|p2a: Lumineon|atk|1\n|move|p2a: Lumineon|Hydro Pump|p1a: Landorus\n|-supereffective|p1a: Landorus\n|-damage|p1a: Landorus|0 fnt\n|faint|p1a: Landorus\n|\n|upkeep\n|\n|t:|1782816168\n|switch|p1a: Persian|Persian, L92, F|269/269\n|turn|6\n|\n|t:|1782816177\n|move|p1a: Persian|Knock Off|p2a: Lumineon\n|-damage|p2a: Lumineon|178/279\n|-enditem|p2a: Lumineon|Heavy-Duty Boots|[from] move: Knock Off|[of] p1a: Persian\n|move|p2a: Lumineon|Hydro Pump|p1a: Persian|[miss]\n|-miss|p2a: Lumineon|p1a: Persian\n|\n|upkeep\n|turn|7\n|\n|t:|1782816182\n|move|p1a: Persian|Knock Off|p2a: Lumineon\n|-damage|p2a: Lumineon|117/279\n|move|p2a: Lumineon|U-turn|p1a: Persian\n|-damage|p1a: Persian|231/269\n|\n|t:|1782816185\n|switch|p2a: Coalossal|Coalossal, L89, M|341/341|[from] U-turn\n|\n|upkeep\n|turn|8\n|\n|t:|1782816188\n|move|p1a: Persian|Knock Off|p2a: Coalossal\n|-damage|p2a: Coalossal|269/341\n|-enditem|p2a: Coalossal|Heavy-Duty Boots|[from] move: Knock Off|[of] p1a: Persian\n|move|p2a: Coalossal|Rapid Spin|p1a: Persian\n|-crit|p1a: Persian\n|-damage|p1a: Persian|168/269\n|-boost|p2a: Coalossal|spe|1\n|-sideend|p2: mztmztmzt123|Stealth Rock|[from] move: Rapid Spin|[of] p2a: Coalossal\n|\n|upkeep\n|turn|9\n|\n|t:|1782816194\n|switch|p1a: Gumshoos|Gumshoos, L95, F|321/321\n|move|p2a: Coalossal|Spikes|p1a: Gumshoos\n|-sidestart|p1: Kieskauer|Spikes\n|\n|upkeep\n|turn|10\n|\n|t:|1782816208\n|move|p2a: Coalossal|Overheat|p1a: Gumshoos\n|-damage|p1a: Gumshoos|159/321\n|-unboost|p2a: Coalossal|spa|2\n|move|p1a: Gumshoos|Earthquake|p2a: Coalossal\n|-supereffective|p2a: Coalossal\n|-damage|p2a: Coalossal|0 fnt\n|faint|p2a: Coalossal\n|\n|upkeep\n|\n|t:|1782816214\n|switch|p2a: Flamigo|Flamigo, L82, M|166/269\n|turn|11\n|\n|t:|1782816223\n|move|p2a: Flamigo|Roost|p2a: Flamigo\n|-heal|p2a: Flamigo|269/269\n|-singleturn|p2a: Flamigo|move: Roost\n|move|p1a: Gumshoos|Earthquake|p2a: Flamigo\n|-damage|p2a: Flamigo|85/269\n|\n|upkeep\n|turn|12\n|\n|t:|1782816228\n|move|p2a: Flamigo|Swords Dance|p2a: Flamigo\n|-boost|p2a: Flamigo|atk|2\n|move|p1a: Gumshoos|Earthquake|p2a: Flamigo\n|-immune|p2a: Flamigo\n|\n|upkeep\n|turn|13\n|\n|t:|1782816230\n|move|p2a: Flamigo|Brave Bird|p1a: Gumshoos\n|-damage|p1a: Gumshoos|0 fnt\n|faint|p1a: Gumshoos\n|-damage|p2a: Flamigo|33/269|[from] Recoil\n|-damage|p2a: Flamigo|7/269|[from] item: Life Orb\n|\n|upkeep\n|\n|t:|1782816236\n|switch|p1a: Persian|Persian, L92, F|168/269\n|-damage|p1a: Persian|135/269|[from] Spikes\n|turn|14\n|c|\u2606mztmztmzt123|lol\n|\n|t:|1782816245\n|move|p1a: Persian|Double-Edge|p2a: Flamigo\n|-damage|p2a: Flamigo|0 fnt\n|faint|p2a: Flamigo\n|-damage|p1a: Persian|133/269|[from] Recoil\n|\n|upkeep\n|\n|t:|1782816255\n|switch|p2a: Jolteon|Jolteon, L84, F|246/246\n|turn|15\n|\n|t:|1782816259\n|move|p2a: Jolteon|Substitute|p2a: Jolteon\n|-start|p2a: Jolteon|Substitute\n|-damage|p2a: Jolteon|185/246\n|move|p1a: Persian|Double-Edge|p2a: Jolteon\n|-end|p2a: Jolteon|Substitute\n|-damage|p1a: Persian|113/269|[from] Recoil|[of] p2a: Jolteon\n|\n|-heal|p2a: Jolteon|200/246|[from] item: Leftovers\n|upkeep\n|turn|16\n|\n|t:|1782816265\n|move|p2a: Jolteon|Substitute|p2a: Jolteon\n|-start|p2a: Jolteon|Substitute\n|-damage|p2a: Jolteon|139/246\n|move|p1a: Persian|Double-Edge|p2a: Jolteon\n|-end|p2a: Jolteon|Substitute\n|-damage|p1a: Persian|93/269|[from] Recoil|[of] p2a: Jolteon\n|\n|-heal|p2a: Jolteon|154/246|[from] item: Leftovers\n|upkeep\n|turn|17\n|\n|t:|1782816268\n|move|p2a: Jolteon|Thunderbolt|p1a: Persian\n|-damage|p1a: Persian|0 fnt\n|faint|p1a: Persian\n|\n|-heal|p2a: Jolteon|169/246|[from] item: Leftovers\n|upkeep\n|\n|t:|1782816273\n|switch|p1a: Lilligant|Lilligant, L86, F|261/261\n|-damage|p1a: Lilligant|229/261|[from] Spikes\n|turn|18\n|\n|t:|1782816278\n|-terastallize|p2a: Jolteon|Ice\n|move|p2a: Jolteon|Tera Blast|p1a: Lilligant|[anim] Tera Blast Ice\n|-supereffective|p1a: Lilligant\n|-damage|p1a: Lilligant|35/261\n|move|p1a: Lilligant|Quiver Dance|p1a: Lilligant\n|-boost|p1a: Lilligant|spa|1\n|-boost|p1a: Lilligant|spd|1\n|-boost|p1a: Lilligant|spe|1\n|\n|-heal|p2a: Jolteon|184/246|[from] item: Leftovers\n|upkeep\n|turn|19\n|\n|t:|1782816291\n|switch|p2a: Wo-Chien|Wo-Chien, L83|277/277\n|-ability|p2a: Wo-Chien|Tablets of Ruin\n|move|p1a: Lilligant|Sleep Powder|p2a: Wo-Chien\n|-immune|p2a: Wo-Chien\n|\n|upkeep\n|turn|20\n|\n|t:|1782816298\n|move|p1a: Lilligant|Alluring Voice|p2a: Wo-Chien\n|-supereffective|p2a: Wo-Chien\n|-damage|p2a: Wo-Chien|95/277\n|-damage|p1a: Lilligant|9/261|[from] item: Life Orb\n|move|p2a: Wo-Chien|Knock Off|p1a: Lilligant\n|-damage|p1a: Lilligant|0 fnt\n|-enditem|p1a: Lilligant|Life Orb|[from] move: Knock Off|[of] p2a: Wo-Chien\n|faint|p1a: Lilligant\n|\n|-heal|p2a: Wo-Chien|112/277|[from] item: Leftovers\n|upkeep\n|\n|t:|1782816304\n|switch|p1a: Azumarill|Azumarill, L82, F|298/298\n|-damage|p1a: Azumarill|261/298|[from] Spikes\n|turn|21\n|\n|t:|1782816308\n|switch|p2a: Lumineon|Lumineon, L93, M|117/279\n|move|p1a: Azumarill|Play Rough|p2a: Lumineon\n|-damage|p2a: Lumineon|0 fnt\n|faint|p2a: Lumineon\n|\n|upkeep\n|\n|t:|1782816315\n|switch|p2a: Jolteon|Jolteon, L84, F, tera:Ice|184/246\n|turn|22\n|\n|t:|1782816321\n|move|p2a: Jolteon|Thunderbolt|p1a: Azumarill\n|-supereffective|p1a: Azumarill\n|-damage|p1a: Azumarill|43/298\n|move|p1a: Azumarill|Play Rough|p2a: Jolteon\n|-damage|p2a: Jolteon|0 fnt\n|faint|p2a: Jolteon\n|\n|upkeep\n|\n|t:|1782816330\n|switch|p2a: Minun|Minun, L95, F|268/268\n|turn|23\n|\n|t:|1782816333\n|move|p2a: Minun|Thunderbolt|p1a: Azumarill\n|-supereffective|p1a: Azumarill\n|-damage|p1a: Azumarill|0 fnt\n|faint|p1a: Azumarill\n|-damage|p2a: Minun|242/268|[from] item: Life Orb\n|\n|upkeep\n|\n|t:|1782816335\n|switch|p1a: Koraidon|Koraidon, L64|235/235\n|-damage|p1a: Koraidon|206/235|[from] Spikes\n|-weather|SunnyDay|[from] ability: Orichalcum Pulse|[of] p1a: Koraidon\n|-activate|p1a: Koraidon|Orichalcum Pulse|[source]\n|turn|24\n|\n|t:|1782816358\n|-terastallize|p1a: Koraidon|Fire\n|move|p2a: Minun|Alluring Voice|p1a: Koraidon\n|-resisted|p1a: Koraidon\n|-damage|p1a: Koraidon|158/235\n|-damage|p2a: Minun|216/268|[from] item: Life Orb\n|move|p1a: Koraidon|Scale Shot|p2a: Minun\n|-damage|p2a: Minun|182/268\n|-damage|p2a: Minun|145/268\n|-damage|p2a: Minun|105/268\n|-crit|p2a: Minun\n|-damage|p2a: Minun|50/268\n|-damage|p2a: Minun|16/268\n|-hitcount|p2a: Minun|5\n|-unboost|p1a: Koraidon|def|1\n|-boost|p1a: Koraidon|spe|1\n|\n|-weather|SunnyDay|[upkeep]\n|upkeep\n|turn|25\n|\n|t:|1782816365\n|switch|p2a: Wo-Chien|Wo-Chien, L83|112/277\n|-ability|p2a: Wo-Chien|Tablets of Ruin\n|move|p1a: Koraidon|Flare Blitz|p2a: Wo-Chien\n|-supereffective|p2a: Wo-Chien\n|-damage|p2a: Wo-Chien|0 fnt\n|faint|p2a: Wo-Chien\n|-damage|p1a: Koraidon|121/235|[from] Recoil\n|\n|-weather|SunnyDay|[upkeep]\n|upkeep\n|\n|t:|1782816368\n|switch|p2a: Minun|Minun, L95, F|16/268\n|turn|26\n|\n|t:|1782816371\n|move|p1a: Koraidon|Flare Blitz|p2a: Minun\n|-damage|p2a: Minun|0 fnt\n|faint|p2a: Minun\n|-damage|p1a: Koraidon|116/235|[from] Recoil\n|\n|win|Kieskauer\n|raw|Kieskauer's rating: 2167 &rarr; <strong>2189</strong><br />(+22 for winning)\n|raw|mztmztmzt123's rating: 2199 &rarr; <strong>2177</strong><br />(-22 for losing)\n", "inputlog": ">version f8ac14003a5f27e1bdc8d8c59608a773c1cb96e5\n>start {\"formatid\":\"gen9randombattle\",\"seed\":\"sodium,861252467af13f92130cac43e6a182ca\",\"rated\":\"Rated battle\"}\n>player p1 {\"name\":\"Kieskauer\",\"avatar\":\"2\",\"rating\":2167,\"seed\":\"sodium,4e0c22e17c917eebe4a9b00b7affe227\"}\n>player p2 {\"name\":\"mztmztmzt123\",\"avatar\":\"1\",\"rating\":2199,\"seed\":\"sodium,08b5af85bcc30c930089e28b9eb50149\"}\n>p1 switch 3\n>p2 switch 6\n>p1 move stealthrock\n>p2 switch 2\n>p1 move uturn\n>p2 move bravebird\n>p1 switch 6\n>p1 move liquidation\n>p2 switch 5\n>p1 switch 6\n>p2 move hydropump\n>p1 switch 5\n>p1 move knockoff\n>p2 move hydropump\n>p1 move knockoff\n>p2 move uturn\n>p2 switch 2\n>p1 move knockoff\n>p2 move rapidspin\n>p1 switch 4\n>p2 move spikes\n>p1 move earthquake\n>p2 move overheat\n>p2 switch 5\n>p1 move earthquake\n>p2 move roost\n>p1 move earthquake\n>p2 move swordsdance\n>p1 move earthquake\n>p2 move bravebird\n>p1 switch 4\n>chat \u2606mztmztmzt123|lol\n>p1 move doubleedge\n>p2 move bravebird\n>p2 switch 4\n>p1 move doubleedge\n>p2 move substitute\n>p1 move doubleedge\n>p2 move substitute\n>p1 move doubleedge\n>p2 move thunderbolt\n>p1 switch 3\n>p1 move quiverdance\n>p2 move terablast terastallize\n>p1 move sleeppowder\n>p2 switch 3\n>p1 move alluringvoice\n>p2 move knockoff\n>p1 switch 6\n>p1 move playrough\n>p2 switch 2\n>p2 switch 3\n>p1 move playrough\n>p2 move thunderbolt\n>p2 switch 6\n>p1 move playrough\n>p2 move thunderbolt\n>p1 switch 2\n>p1 move scaleshot terastallize\n>p2 move alluringvoice\n>p1 move flareblitz\n>p2 switch 2\n>p2 switch 2\n>p1 move flareblitz\n>p2 move thunderbolt", "uploadtime": 1782816067, "views": 4, "formatid": "gen9randombattle", "rating": 2177, "private": 0, "password": null, "player_dets": [{"name": "Kieskauer", "avatar": "2", "rating": 2167, "seed": "sodium,4e0c22e17c917eebe4a9b00b7affe227"}, {"name": "mztmztmzt123", "avatar": "1", "rating": 2199, "seed": "sodium,08b5af85bcc30c930089e28b9eb50149"}], "teams_full": [{"Lilligant": {"name": "Lilligant", "species": "Lilligant", "speciesId": "lilligant", "gender": "F", "shiny": false, "level": 86, "moves": ["sleeppowder", "quiverdance", "petaldance", "alluringvoice"], "ability": "Own Tempo", "evs": {"hp": 85, "atk": 0, "def": 85, "spa": 85, "spd": 85, "spe": 85}, "ivs": {"hp": 31, "atk": 0, "def": 31, "spa": 31, "spd": 31, "spe": 31}, "item": "Life Orb", "teraType": "Grass", "role": "Setup Sweeper", "bvs": {"hp": 70, "atk": 60, "def": 75, "spa": 110, "spd": 75, "spe": 90}, "stats": {"hp": 261, "atk": 108, "def": 178, "spa": 238, "spd": 178, "spe": 204}, "types": ["Grass"]}, "Koraidon": {"name": "Koraidon", "species": "Koraidon", "speciesId": "koraidon", "gender": "N", "shiny": false, "level": 64, "moves": ["flareblitz", "collisioncourse", "scaleshot", "swordsdance"], "ability": "Orichalcum Pulse", "evs": {"hp": 85, "atk": 85, "def": 85, "spa": 85, "spd": 85, "spe": 85}, "ivs": {"hp": 31, "atk": 31, "def": 31, "spa": 31, "spd": 31, "spe": 31}, "item": "Loaded Dice", "teraType": "Fire", "role": "Setup Sweeper", "bvs": {"hp": 100, "atk": 135, "def": 115, "spa": 85, "spd": 100, "spe": 135}, "stats": {"hp": 235, "atk": 211, "def": 185, "spa": 147, "spd": 166, "spe": 211}, "types": ["Fighting", "Dragon"]}, "Landorus": {"name": "Landorus", "species": "Landorus-Therian", "speciesId": "landorustherian", "gender": "M", "shiny": false, "level": 76, "moves": ["earthquake", "stoneedge", "uturn", "stealthrock"], "ability": "Intimidate", "evs": {"hp": 85, "atk": 85, "def": 85, "spa": 85, "spd": 85, "spe": 85}, "ivs": {"hp": 31, "atk": 31, "def": 31, "spa": 31, "spd": 31, "spe": 31}, "item": "Leftovers", "teraType": "Ground", "role": "Bulky Support", "bvs": {"hp": 89, "atk": 145, "def": 90, "spa": 105, "spd": 80, "spe": 91}, "stats": {"hp": 260, "atk": 264, "def": 181, "spa": 204, "spd": 166, "spe": 182}, "types": ["Ground", "Flying"]}, "Gumshoos": {"name": "Gumshoos", "species": "Gumshoos", "speciesId": "gumshoos", "gender": "F", "shiny": false, "level": 95, "moves": ["uturn", "knockoff", "earthquake", "doubleedge"], "ability": "Stakeout", "evs": {"hp": 85, "atk": 85, "def": 85, "spa": 85, "spd": 85, "spe": 85}, "ivs": {"hp": 31, "atk": 31, "def": 31, "spa": 31, "spd": 31, "spe": 31}, "item": "Choice Band", "teraType": "Ground", "role": "Fast Attacker", "bvs": {"hp": 88, "atk": 110, "def": 60, "spa": 55, "spd": 60, "spe": 45}, "stats": {"hp": 321, "atk": 263, "def": 168, "spa": 158, "spd": 168, "spe": 139}, "types": ["Normal"]}, "Persian": {"name": "Persian", "species": "Persian", "speciesId": "persian", "gender": "F", "shiny": false, "level": 92, "moves": ["knockoff", "switcheroo", "uturn", "doubleedge"], "ability": "Limber", "evs": {"hp": 85, "atk": 85, "def": 85, "spa": 85, "spd": 85, "spe": 85}, "ivs": {"hp": 31, "atk": 31, "def": 31, "spa": 31, "spd": 31, "spe": 31}, "item": "Choice Band", "teraType": "Ghost", "role": "Wallbreaker", "bvs": {"hp": 65, "atk": 70, "def": 60, "spa": 65, "spd": 65, "spe": 115}, "stats": {"hp": 269, "atk": 181, "def": 163, "spa": 172, "spd": 172, "spe": 264}, "types": ["Normal"]}, "Azumarill": {"name": "Azumarill", "species": "Azumarill", "speciesId": "azumarill", "gender": "F", "shiny": false, "level": 82, "moves": ["playrough", "knockoff", "liquidation", "aquajet"], "ability": "Huge Power", "evs": {"hp": 85, "atk": 85, "def": 85, "spa": 85, "spd": 85, "spe": 85}, "ivs": {"hp": 31, "atk": 31, "def": 31, "spa": 31, "spd": 31, "spe": 31}, "item": "Choice Band", "teraType": "Water", "role": "Bulky Attacker", "bvs": {"hp": 100, "atk": 50, "def": 80, "spa": 60, "spd": 80, "spe": 50}, "stats": {"hp": 298, "atk": 129, "def": 178, "spa": 146, "spd": 178, "spe": 129}, "types": ["Water", "Fairy"]}}, {"Minun": {"name": "Minun", "species": "Minun", "speciesId": "minun", "gender": "F", "shiny": false, "level": 95, "moves": ["alluringvoice", "thunderbolt", "encore", "nastyplot"], "ability": "Volt Absorb", "evs": {"hp": 85, "atk": 0, "def": 85, "spa": 85, "spd": 85, "spe": 85}, "ivs": {"hp": 31, "atk": 0, "def": 31, "spa": 31, "spd": 31, "spe": 31}, "item": "Life Orb", "teraType": "Electric", "role": "Setup Sweeper", "bvs": {"hp": 60, "atk": 40, "def": 50, "spa": 75, "spd": 85, "spe": 95}, "stats": {"hp": 268, "atk": 81, "def": 149, "spa": 196, "spd": 215, "spe": 234}, "types": ["Electric"]}, "Flamigo": {"name": "Flamigo", "species": "Flamigo", "speciesId": "flamigo", "gender": "M", "shiny": false, "level": 82, "moves": ["bravebird", "closecombat", "roost", "swordsdance"], "ability": "Scrappy", "evs": {"hp": 85, "atk": 85, "def": 85, "spa": 85, "spd": 85, "spe": 85}, "ivs": {"hp": 31, "atk": 31, "def": 31, "spa": 31, "spd": 31, "spe": 31}, "item": "Life Orb", "teraType": "Fighting", "role": "Setup Sweeper", "bvs": {"hp": 82, "atk": 115, "def": 74, "spa": 75, "spd": 64, "spe": 90}, "stats": {"hp": 269, "atk": 236, "def": 169, "spa": 170, "spd": 152, "spe": 195}, "types": ["Flying", "Fighting"]}, "Wo-Chien": {"name": "Wo-Chien", "species": "Wo-Chien", "speciesId": "wochien", "gender": "N", "shiny": false, "level": 83, "moves": ["gigadrain", "knockoff", "leechseed", "protect"], "ability": "Tablets of Ruin", "evs": {"hp": 85, "atk": 85, "def": 85, "spa": 85, "spd": 85, "spe": 85}, "ivs": {"hp": 31, "atk": 31, "def": 31, "spa": 31, "spd": 31, "spe": 31}, "item": "Leftovers", "teraType": "Poison", "role": "Bulky Support", "bvs": {"hp": 85, "atk": 85, "def": 100, "spa": 95, "spd": 135, "spe": 70}, "stats": {"hp": 277, "atk": 189, "def": 214, "spa": 205, "spd": 272, "spe": 164}, "types": ["Dark", "Grass"]}, "Jolteon": {"name": "Jolteon", "species": "Jolteon", "speciesId": "jolteon", "gender": "F", "shiny": false, "level": 84, "moves": ["calmmind", "substitute", "thunderbolt", "terablast"], "ability": "Volt Absorb", "evs": {"hp": 85, "atk": 0, "def": 85, "spa": 85, "spd": 85, "spe": 85}, "ivs": {"hp": 31, "atk": 0, "def": 31, "spa": 31, "spd": 31, "spe": 31}, "item": "Leftovers", "teraType": "Ice", "role": "Tera Blast user", "bvs": {"hp": 65, "atk": 65, "def": 60, "spa": 110, "spd": 95, "spe": 130}, "stats": {"hp": 246, "atk": 114, "def": 149, "spa": 233, "spd": 208, "spe": 267}, "types": ["Electric"]}, "Lumineon": {"name": "Lumineon", "species": "Lumineon", "speciesId": "lumineon", "gender": "M", "shiny": false, "level": 93, "moves": ["encore", "hydropump", "uturn", "icebeam"], "ability": "Storm Drain", "evs": {"hp": 85, "atk": 85, "def": 85, "spa": 85, "spd": 85, "spe": 85}, "ivs": {"hp": 31, "atk": 31, "def": 31, "spa": 31, "spd": 31, "spe": 31}, "item": "Heavy-Duty Boots", "teraType": "Steel", "role": "Fast Support", "bvs": {"hp": 69, "atk": 69, "def": 76, "spa": 69, "spd": 86, "spe": 91}, "stats": {"hp": 279, "atk": 181, "def": 194, "spa": 181, "spd": 213, "spe": 222}, "types": ["Water"]}, "Coalossal": {"name": "Coalossal", "species": "Coalossal", "speciesId": "coalossal", "gender": "M", "shiny": false, "level": 89, "moves": ["stoneedge", "spikes", "rapidspin", "overheat"], "ability": "Flame Body", "evs": {"hp": 85, "atk": 85, "def": 85, "spa": 85, "spd": 85, "spe": 85}, "ivs": {"hp": 31, "atk": 31, "def": 31, "spa": 31, "spd": 31, "spe": 31}, "item": "Heavy-Duty Boots", "teraType": "Water", "role": "Bulky Support", "bvs": {"hp": 110, "atk": 80, "def": 120, "spa": 80, "spd": 90, "spe": 30}, "stats": {"hp": 341, "atk": 193, "def": 264, "spa": 193, "spd": 211, "spe": 104}, "types": ["Rock", "Fire"]}}]}