{"id": "gen9randombattle-2641668891", "format": "[Gen 9] Random Battle", "players": ["Remove Spot Dodge", "DAHLI"], "log": "|badge|p2|bronze|gen9randombattle|100-9\n|html|<div class=\"broadcast-red\"><strong>This battle is required to be public due to one or more player having a season medal.</strong><br />During the public phase, you can discuss the state of the ladder <a href=\"/seasondiscussion\">in a special chatroom.</a></div>\n|uhtml|medal-msg|<div class=\"broadcast-blue\">Curious what those medals under the avatar are? PS now has Ladder Seasons! For more information, check out the <a href=\"https://www.smogon.com/forums/threads/3740067/\">thread on Smogon.</a></div>\n|raw|<div class=\"broadcast-blue\"><strong>This battle is required to be public due to a player having a name starting with 'medal'.</div>\n|j|\u2606Remove Spot Dodge\n|j|\u2606DAHLI\n|t:|1782827501\n|gametype|singles\n|player|p1|Remove Spot Dodge|cueball-gen1|2165\n|player|p2|DAHLI|whitney|2294\n|gen|9\n|tier|[Gen 9] Random Battle\n|rated|\n|rule|Species Clause: Limit one of each Pok\u00e9mon\n|rule|HP Percentage Mod: HP is shown in percentages\n|rule|Sleep Clause Mod: Limit one foe put to sleep\n|rule|Illusion Level Mod: Illusion disguises the Pok\u00e9mon's true level\n|\n|t:|1782827501\n|teamsize|p1|6\n|teamsize|p2|6\n|start\n|switch|p1a: Venusaur|Venusaur, L84, F|272/272\n|switch|p2a: Meowstic|Meowstic, L89, M|277/277\n|turn|1\n|inactive|Battle timer is ON: inactive players will automatically lose when time's up. (requested by DAHLI)\n|inactive|Remove Spot Dodge has 120 seconds left.\n|\n|t:|1782827587\n|move|p2a: Meowstic|Psychic Noise|p1a: Venusaur\n|-supereffective|p1a: Venusaur\n|-damage|p1a: Venusaur|132/272\n|-start|p1a: Venusaur|move: Heal Block\n|move|p1a: Venusaur|Knock Off|p2a: Meowstic\n|-supereffective|p2a: Meowstic\n|-damage|p2a: Meowstic|141/277\n|-enditem|p2a: Meowstic|Leftovers|[from] move: Knock Off|[of] p1a: Venusaur\n|\n|upkeep\n|turn|2\n|\n|t:|1782827595\n|switch|p1a: Tsareena|Tsareena, L87, F|267/267\n|move|p2a: Meowstic|Psychic Noise|p1a: Tsareena\n|-damage|p1a: Tsareena|224/267\n|-start|p1a: Tsareena|move: Heal Block\n|\n|upkeep\n|turn|3\n|\n|t:|1782827605\n|move|p2a: Meowstic|Psychic Noise|p1a: Tsareena\n|-damage|p1a: Tsareena|178/267\n|move|p1a: Tsareena|U-turn|p2a: Meowstic\n|-supereffective|p2a: Meowstic\n|-damage|p2a: Meowstic|17/277\n|\n|t:|1782827616\n|switch|p1a: Salamence|Salamence, L77, F|273/273|[from] U-turn\n|\n|upkeep\n|turn|4\n|\n|t:|1782827623\n|switch|p1a: Tsareena|Tsareena, L87, F|178/267\n|move|p2a: Meowstic|Thunder Wave||[still]\n|cant|p1a: Tsareena|ability: Queenly Majesty|Thunder Wave|[of] p2a: Meowstic\n|\n|upkeep\n|turn|5\n|\n|t:|1782827627\n|move|p2a: Meowstic|Psychic Noise|p1a: Tsareena\n|-damage|p1a: Tsareena|130/267\n|-start|p1a: Tsareena|move: Heal Block\n|move|p1a: Tsareena|Rapid Spin|p2a: Meowstic\n|-damage|p2a: Meowstic|0 fnt\n|-boost|p1a: Tsareena|spe|1\n|faint|p2a: Meowstic\n|\n|upkeep\n|\n|t:|1782827642\n|switch|p2a: Lugia|Lugia, L73|275/275\n|turn|6\n|\n|t:|1782827653\n|move|p1a: Tsareena|U-turn|p2a: Lugia\n|-damage|p2a: Lugia|250/275\n|inactive|Remove Spot Dodge has 120 seconds left.\n|\n|t:|1782827692\n|switch|p1a: Kingdra|Kingdra, L84, M|263/263|[from] U-turn\n|move|p2a: Lugia|Aeroblast|p1a: Kingdra\n|-damage|p1a: Kingdra|190/263\n|\n|upkeep\n|turn|7\n|\n|t:|1782827700\n|move|p2a: Lugia|Aeroblast|p1a: Kingdra\n|-damage|p1a: Kingdra|118/263\n|move|p1a: Kingdra|Rain Dance|p1a: Kingdra\n|-weather|RainDance\n|\n|-weather|RainDance|[upkeep]\n|upkeep\n|turn|8\n|\n|t:|1782827704\n|move|p1a: Kingdra|Wave Crash|p2a: Lugia\n|-damage|p2a: Lugia|34/275\n|-damage|p1a: Kingdra|47/263|[from] Recoil\n|-damage|p1a: Kingdra|21/263|[from] item: Life Orb\n|move|p2a: Lugia|Recover|p2a: Lugia\n|-heal|p2a: Lugia|172/275\n|\n|-weather|RainDance|[upkeep]\n|upkeep\n|turn|9\n|\n|t:|1782827707\n|move|p1a: Kingdra|Wave Crash|p2a: Lugia\n|-crit|p2a: Lugia\n|-damage|p2a: Lugia|0 fnt\n|faint|p2a: Lugia\n|-damage|p1a: Kingdra|0 fnt|[from] Recoil\n|faint|p1a: Kingdra\n|\n|-weather|RainDance|[upkeep]\n|upkeep\n|\n|t:|1782827715\n|switch|p2a: Brambleghast|Brambleghast, L88, M|240/240\n|switch|p1a: Tsareena|Tsareena, L87, F|130/267\n|turn|10\n|\n|t:|1782827721\n|move|p2a: Brambleghast|Poltergeist|p1a: Tsareena\n|-activate|p1a: Tsareena|move: Poltergeist|Assault Vest\n|-damage|p1a: Tsareena|0 fnt\n|faint|p1a: Tsareena\n|\n|-weather|RainDance|[upkeep]\n|upkeep\n|\n|t:|1782827730\n|switch|p1a: Ditto|Ditto, L87|225/225\n|-transform|p1a: Ditto|p2a: Brambleghast|[from] ability: Imposter\n|turn|11\n|l|\u2606Remove Spot Dodge\n|inactive|Remove Spot Dodge disconnected and has a minute to reconnect!\n|player|p1|\n|j|\u2606Remove Spot Dodge\n|inactive|Remove Spot Dodge reconnected.\n|player|p1|Remove Spot Dodge|cueball-gen1|\n|\n|t:|1782827752\n|switch|p2a: Zarude|Zarude, L77|288/288\n|move|p1a: Ditto|Spikes|p2a: Zarude\n|-sidestart|p2: DAHLI|Spikes\n|\n|-weather|none\n|upkeep\n|turn|12\n|\n|t:|1782827759\n|switch|p1a: Venusaur|Venusaur, L84, F|132/272\n|move|p2a: Zarude|Swords Dance|p2a: Zarude\n|-boost|p2a: Zarude|atk|2\n|\n|-heal|p1a: Venusaur|149/272|[from] item: Leftovers\n|upkeep\n|turn|13\n|\n|t:|1782827763\n|move|p2a: Zarude|Knock Off|p1a: Venusaur\n|-damage|p1a: Venusaur|0 fnt\n|-enditem|p1a: Venusaur|Leftovers|[from] move: Knock Off|[of] p2a: Zarude\n|faint|p1a: Venusaur\n|\n|upkeep\n|\n|t:|1782827770\n|switch|p1a: Ditto|Ditto, L87|225/225\n|-transform|p1a: Ditto|p2a: Zarude|[from] ability: Imposter\n|turn|14\n|\n|t:|1782827782\n|move|p1a: Ditto|Power Whip|p2a: Zarude\n|-resisted|p2a: Zarude\n|-damage|p2a: Zarude|149/288\n|move|p2a: Zarude|Synthesis|p2a: Zarude\n|-heal|p2a: Zarude|288/288\n|\n|upkeep\n|turn|15\n|inactive|DAHLI has 120 seconds left.\n|\n|t:|1782827821\n|move|p1a: Ditto|Power Whip|p2a: Zarude\n|-resisted|p2a: Zarude\n|-damage|p2a: Zarude|143/288\n|move|p2a: Zarude|Synthesis|p2a: Zarude\n|-heal|p2a: Zarude|287/288\n|\n|-heal|p2a: Zarude|288/288|[from] item: Leftovers\n|upkeep\n|turn|16\n|\n|t:|1782827827\n|switch|p1a: Salamence|Salamence, L77, F|273/273\n|move|p2a: Zarude|Synthesis|p2a: Zarude\n|-fail|p2a: Zarude|heal\n|\n|upkeep\n|turn|17\n|\n|t:|1782827833\n|move|p2a: Zarude|Knock Off|p1a: Salamence\n|-damage|p1a: Salamence|20/273\n|-enditem|p1a: Salamence|Heavy-Duty Boots|[from] move: Knock Off|[of] p2a: Zarude\n|move|p1a: Salamence|Dragon Dance|p1a: Salamence\n|-boost|p1a: Salamence|atk|1\n|-boost|p1a: Salamence|spe|1\n|\n|upkeep\n|turn|18\n|\n|t:|1782827844\n|move|p1a: Salamence|Outrage|p2a: Zarude\n|-damage|p2a: Zarude|99/288\n|move|p2a: Zarude|Knock Off|p1a: Salamence\n|-damage|p1a: Salamence|0 fnt\n|faint|p1a: Salamence\n|\n|-heal|p2a: Zarude|117/288|[from] item: Leftovers\n|upkeep\n|\n|t:|1782827846\n|switch|p1a: Ditto|Ditto, L87|225/225\n|-transform|p1a: Ditto|p2a: Zarude|[from] ability: Imposter\n|turn|19\n|\n|t:|1782827855\n|move|p1a: Ditto|Power Whip|p2a: Zarude\n|-resisted|p2a: Zarude\n|-damage|p2a: Zarude|0 fnt\n|faint|p2a: Zarude\n|\n|upkeep\n|l|\u2606DAHLI\n|inactive|DAHLI disconnected and has a minute to reconnect!\n|player|p2|\n|j|\u2606DAHLI\n|inactive|DAHLI reconnected and has 140 seconds left.\n|player|p2|DAHLI|whitney|\n|\n|t:|1782827881\n|switch|p2a: Brambleghast|Brambleghast, L88, M|240/240\n|turn|20\n|\n|t:|1782827887\n|move|p1a: Ditto|Power Whip|p2a: Brambleghast\n|-resisted|p2a: Brambleghast\n|-damage|p2a: Brambleghast|75/240\n|move|p2a: Brambleghast|Rapid Spin|p1a: Ditto\n|-damage|p1a: Ditto|181/225\n|-boost|p2a: Brambleghast|spe|1\n|-sideend|p2: DAHLI|Spikes|[from] move: Rapid Spin|[of] p2a: Brambleghast\n|\n|upkeep\n|turn|21\n|inactive|DAHLI has 120 seconds left.\n|\n|t:|1782827937\n|move|p2a: Brambleghast|Power Whip|p1a: Ditto\n|-resisted|p1a: Ditto\n|-damage|p1a: Ditto|103/225\n|move|p1a: Ditto|Power Whip|p2a: Brambleghast\n|-resisted|p2a: Brambleghast\n|-damage|p2a: Brambleghast|0 fnt\n|faint|p2a: Brambleghast\n|\n|upkeep\n|\n|t:|1782827944\n|switch|p2a: Jolteon|Jolteon, L84, M|246/246\n|turn|22\n|\n|t:|1782827951\n|move|p1a: Ditto|Power Whip|p2a: Jolteon\n|-damage|p2a: Jolteon|0 fnt\n|faint|p2a: Jolteon\n|\n|upkeep\n|\n|t:|1782827952\n|switch|p2a: Klawf|Klawf, L90, M|272/272\n|turn|23\n|\n|t:|1782827958\n|move|p1a: Ditto|Power Whip|p2a: Klawf\n|-supereffective|p2a: Klawf\n|-damage|p2a: Klawf|0 fnt\n|faint|p2a: Klawf\n|\n|win|Remove Spot Dodge\n", "inputlog": ">version f8ac14003a5f27e1bdc8d8c59608a773c1cb96e5\n>start {\"formatid\":\"gen9randombattle\",\"seed\":\"sodium,452b26198fac5ec90b4cd8fc39dbc85e\",\"rated\":\"Rated battle\"}\n>player p1 {\"name\":\"Remove Spot Dodge\",\"avatar\":\"cueball-gen1\",\"rating\":2165,\"seed\":\"sodium,1f412067008c5bb5e238e04baf0226d5\"}\n>player p2 {\"name\":\"DAHLI\",\"avatar\":\"whitney\",\"rating\":2294,\"seed\":\"sodium,c5ffa845ac42960bd37b305affabfe63\"}\n>p1 move knockoff\n>p2 move psychicnoise\n>p1 switch 2\n>p2 move psychicnoise\n>p1 move uturn\n>p2 move psychicnoise\n>p1 switch 4\n>p1 switch 4\n>p2 move thunderwave\n>p1 move rapidspin\n>p2 move psychicnoise\n>p2 switch 2\n>p1 move uturn\n>p2 move aeroblast\n>p1 switch 3\n>p1 move raindance\n>p2 move aeroblast\n>p1 move wavecrash\n>p2 move recover\n>p1 move wavecrash\n>p2 move recover\n>p1 switch 3\n>p2 switch 5\n>p1 move uturn\n>p2 move poltergeist\n>p1 switch 5\n>p1 move spikes\n>p2 switch 6\n>p1 switch 2\n>p2 move swordsdance\n>p1 move sludgebomb\n>p2 move knockoff\n>p1 switch 2\n>p1 move powerwhip\n>p2 move synthesis\n>p1 move powerwhip\n>p2 move synthesis\n>p1 switch 4\n>p2 move synthesis\n>p1 move dragondance\n>p2 move knockoff\n>p1 move outrage\n>p2 move knockoff\n>p1 switch 4\n>p1 move powerwhip\n>p2 move synthesis\n>p2 switch 6\n>p1 move powerwhip\n>p2 move rapidspin\n>p1 move powerwhip\n>p2 move powerwhip\n>p2 switch 3\n>p1 move powerwhip\n>p2 move alluringvoice\n>p2 switch 4\n>p1 move powerwhip\n>p2 move stoneedge", "uploadtime": 1782827502, "views": 4, "formatid": "gen9randombattle", "rating": null, "private": 0, "password": null, "player_dets": [{"name": "Remove Spot Dodge", "avatar": "cueball-gen1", "rating": 2165, "seed": "sodium,1f412067008c5bb5e238e04baf0226d5"}, {"name": "DAHLI", "avatar": "whitney", "rating": 2294, "seed": "sodium,c5ffa845ac42960bd37b305affabfe63"}], "teams_full": [{"Venusaur": {"name": "Venusaur", "species": "Venusaur", "speciesId": "venusaur", "gender": "F", "shiny": false, "level": 84, "moves": ["sludgebomb", "knockoff", "earthpower", "synthesis"], "ability": "Chlorophyll", "evs": {"hp": 85, "atk": 85, "def": 85, "spa": 85, "spd": 85, "spe": 85}, "ivs": {"hp": 31, "atk": 31, "def": 31, "spa": 31, "spd": 31, "spe": 31}, "item": "Leftovers", "teraType": "Dark", "role": "Bulky Attacker", "bvs": {"hp": 80, "atk": 82, "def": 83, "spa": 100, "spd": 100, "spe": 80}, "stats": {"hp": 272, "atk": 186, "def": 188, "spa": 216, "spd": 216, "spe": 183}, "types": ["Grass", "Poison"]}, "Tsareena": {"name": "Tsareena", "species": "Tsareena", "speciesId": "tsareena", "gender": "F", "shiny": false, "level": 87, "moves": ["powerwhip", "rapidspin", "uturn", "highjumpkick"], "ability": "Queenly Majesty", "evs": {"hp": 85, "atk": 85, "def": 85, "spa": 85, "spd": 85, "spe": 85}, "ivs": {"hp": 31, "atk": 31, "def": 31, "spa": 31, "spd": 31, "spe": 31}, "item": "Assault Vest", "teraType": "Fighting", "role": "Fast Support", "bvs": {"hp": 72, "atk": 120, "def": 98, "spa": 50, "spd": 98, "spe": 72}, "stats": {"hp": 267, "atk": 259, "def": 220, "spa": 137, "spd": 220, "spe": 175}, "types": ["Grass"]}, "Kingdra": {"name": "Kingdra", "species": "Kingdra", "speciesId": "kingdra", "gender": "M", "shiny": false, "level": 84, "moves": ["wavecrash", "dracometeor", "raindance", "hurricane"], "ability": "Swift Swim", "evs": {"hp": 85, "atk": 85, "def": 85, "spa": 85, "spd": 85, "spe": 85}, "ivs": {"hp": 31, "atk": 31, "def": 31, "spa": 31, "spd": 31, "spe": 31}, "item": "Life Orb", "teraType": "Water", "role": "Fast Attacker", "bvs": {"hp": 75, "atk": 95, "def": 95, "spa": 95, "spd": 95, "spe": 85}, "stats": {"hp": 263, "atk": 208, "def": 208, "spa": 208, "spd": 208, "spe": 191}, "types": ["Water", "Dragon"]}, "Salamence": {"name": "Salamence", "species": "Salamence", "speciesId": "salamence", "gender": "F", "shiny": false, "level": 77, "moves": ["dragondance", "roost", "outrage", "dualwingbeat"], "ability": "Moxie", "evs": {"hp": 85, "atk": 85, "def": 85, "spa": 85, "spd": 85, "spe": 85}, "ivs": {"hp": 31, "atk": 31, "def": 31, "spa": 31, "spd": 31, "spe": 31}, "item": "Heavy-Duty Boots", "teraType": "Steel", "role": "Setup Sweeper", "bvs": {"hp": 95, "atk": 135, "def": 80, "spa": 110, "spd": 80, "spe": 100}, "stats": {"hp": 273, "atk": 252, "def": 168, "spa": 214, "spd": 168, "spe": 199}, "types": ["Dragon", "Flying"]}, "Ditto": {"name": "Ditto", "species": "Ditto", "speciesId": "ditto", "gender": "N", "shiny": false, "level": 87, "moves": ["transform"], "ability": "Imposter", "evs": {"hp": 85, "atk": 85, "def": 85, "spa": 85, "spd": 85, "spe": 85}, "ivs": {"hp": 31, "atk": 31, "def": 31, "spa": 31, "spd": 31, "spe": 31}, "item": "Choice Scarf", "teraType": "Steel", "role": "Fast Support", "bvs": {"hp": 48, "atk": 48, "def": 48, "spa": 48, "spd": 48, "spe": 48}, "stats": {"hp": 225, "atk": 133, "def": 133, "spa": 133, "spd": 133, "spe": 133}, "types": ["Normal"]}, "Frosmoth": {"name": "Frosmoth", "species": "Frosmoth", "speciesId": "frosmoth", "gender": "M", "shiny": false, "level": 82, "moves": ["bugbuzz", "gigadrain", "quiverdance", "icebeam"], "ability": "Ice Scales", "evs": {"hp": 85, "atk": 0, "def": 85, "spa": 85, "spd": 85, "spe": 85}, "ivs": {"hp": 31, "atk": 0, "def": 31, "spa": 31, "spd": 31, "spe": 31}, "item": "Heavy-Duty Boots", "teraType": "Water", "role": "Setup Sweeper", "bvs": {"hp": 70, "atk": 65, "def": 60, "spa": 125, "spd": 90, "spe": 65}, "stats": {"hp": 249, "atk": 111, "def": 146, "spa": 252, "spd": 195, "spe": 154}, "types": ["Ice", "Bug"]}}, {"Meowstic": {"name": "Meowstic", "species": "Meowstic", "speciesId": "meowstic", "gender": "M", "shiny": false, "level": 89, "moves": ["yawn", "alluringvoice", "thunderwave", "psychicnoise"], "ability": "Prankster", "evs": {"hp": 85, "atk": 0, "def": 85, "spa": 85, "spd": 85, "spe": 85}, "ivs": {"hp": 31, "atk": 0, "def": 31, "spa": 31, "spd": 31, "spe": 31}, "item": "Leftovers", "teraType": "Fairy", "role": "Bulky Support", "bvs": {"hp": 74, "atk": 48, "def": 76, "spa": 83, "spd": 81, "spe": 104}, "stats": {"hp": 277, "atk": 90, "def": 186, "spa": 199, "spd": 195, "spe": 236}, "types": ["Psychic"]}, "Lugia": {"name": "Lugia", "species": "Lugia", "speciesId": "lugia", "gender": "N", "shiny": false, "level": 73, "moves": ["recover", "psychicnoise", "aeroblast", "calmmind"], "ability": "Multiscale", "evs": {"hp": 85, "atk": 0, "def": 85, "spa": 85, "spd": 85, "spe": 85}, "ivs": {"hp": 31, "atk": 0, "def": 31, "spa": 31, "spd": 31, "spe": 31}, "item": "Heavy-Duty Boots", "teraType": "Steel", "role": "Setup Sweeper", "bvs": {"hp": 106, "atk": 90, "def": 130, "spa": 90, "spd": 154, "spe": 110}, "stats": {"hp": 275, "atk": 136, "def": 232, "spa": 174, "spd": 267, "spe": 203}, "types": ["Psychic", "Flying"]}, "Jolteon": {"name": "Jolteon", "species": "Jolteon", "speciesId": "jolteon", "gender": "M", "shiny": false, "level": 84, "moves": ["calmmind", "alluringvoice", "shadowball", "thunderbolt"], "ability": "Volt Absorb", "evs": {"hp": 85, "atk": 0, "def": 85, "spa": 85, "spd": 85, "spe": 85}, "ivs": {"hp": 31, "atk": 0, "def": 31, "spa": 31, "spd": 31, "spe": 31}, "item": "Life Orb", "teraType": "Electric", "role": "Fast Attacker", "bvs": {"hp": 65, "atk": 65, "def": 60, "spa": 110, "spd": 95, "spe": 130}, "stats": {"hp": 246, "atk": 114, "def": 149, "spa": 233, "spd": 208, "spe": 267}, "types": ["Electric"]}, "Klawf": {"name": "Klawf", "species": "Klawf", "speciesId": "klawf", "gender": "M", "shiny": false, "level": 90, "moves": ["stoneedge", "knockoff", "highhorsepower", "stealthrock"], "ability": "Regenerator", "evs": {"hp": 85, "atk": 85, "def": 85, "spa": 85, "spd": 85, "spe": 85}, "ivs": {"hp": 31, "atk": 31, "def": 31, "spa": 31, "spd": 31, "spe": 31}, "item": "Life Orb", "teraType": "Rock", "role": "Fast Attacker", "bvs": {"hp": 70, "atk": 100, "def": 115, "spa": 35, "spd": 55, "spe": 75}, "stats": {"hp": 272, "atk": 231, "def": 258, "spa": 114, "spd": 150, "spe": 186}, "types": ["Rock"]}, "Brambleghast": {"name": "Brambleghast", "species": "Brambleghast", "speciesId": "brambleghast", "gender": "M", "shiny": false, "level": 88, "moves": ["rapidspin", "powerwhip", "poltergeist", "spikes"], "ability": "Wind Rider", "evs": {"hp": 85, "atk": 85, "def": 85, "spa": 85, "spd": 85, "spe": 85}, "ivs": {"hp": 31, "atk": 31, "def": 31, "spa": 31, "spd": 31, "spe": 31}, "item": "Heavy-Duty Boots", "teraType": "Fairy", "role": "Fast Support", "bvs": {"hp": 55, "atk": 115, "def": 70, "spa": 80, "spd": 70, "spe": 90}, "stats": {"hp": 240, "atk": 253, "def": 173, "spa": 191, "spd": 173, "spe": 209}, "types": ["Grass", "Ghost"]}, "Zarude": {"name": "Zarude", "species": "Zarude", "speciesId": "zarude", "gender": "N", "shiny": false, "level": 77, "moves": ["knockoff", "synthesis", "swordsdance", "powerwhip"], "ability": "Leaf Guard", "evs": {"hp": 85, "atk": 85, "def": 85, "spa": 85, "spd": 85, "spe": 85}, "ivs": {"hp": 31, "atk": 31, "def": 31, "spa": 31, "spd": 31, "spe": 31}, "item": "Leftovers", "teraType": "Grass", "role": "Fast Bulky Setup", "bvs": {"hp": 105, "atk": 120, "def": 105, "spa": 70, "spd": 95, "spe": 105}, "stats": {"hp": 288, "atk": 229, "def": 206, "spa": 152, "spd": 191, "spe": 206}, "types": ["Dark", "Grass"]}}]}