{"id": "gen9randombattle-2641642673", "format": "[Gen 9] Random Battle", "players": ["basicallysteve\u00b2", "Jefejenaro"], "log": "|j|\u2606basicallysteve\u00b2\n|j|\u2606Jefejenaro\n|t:|1782823731\n|gametype|singles\n|player|p1|basicallysteve\u00b2|backpacker|1973\n|player|p2|Jefejenaro|wallace|1968\n|gen|9\n|tier|[Gen 9] Random Battle\n|rated|\n|rule|Species Clause: Limit one of each Pok\u00e9mon\n|rule|HP Percentage Mod: HP is shown in percentages\n|rule|Sleep Clause Mod: Limit one foe put to sleep\n|rule|Illusion Level Mod: Illusion disguises the Pok\u00e9mon's true level\n|\n|t:|1782823731\n|teamsize|p1|6\n|teamsize|p2|6\n|start\n|switch|p1a: Dragapult|Dragapult, L77, F|262/262\n|switch|p2a: Probopass|Probopass, L91, F|257/257\n|turn|1\n|inactive|Battle timer is ON: inactive players will automatically lose when time's up. (requested by Jefejenaro)\n|\n|t:|1782823786\n|switch|p1a: Quagsire|Quagsire, L84, F|297/297\n|move|p2a: Probopass|Power Gem|p1a: Quagsire\n|-resisted|p1a: Quagsire\n|-damage|p1a: Quagsire|246/297\n|\n|-heal|p1a: Quagsire|264/297|[from] item: Leftovers\n|upkeep\n|turn|2\n|inactive|Jefejenaro has 120 seconds left.\n|inactive|Jefejenaro has 90 seconds left.\n|inactive|Jefejenaro has 60 seconds left.\n|\n|t:|1782823878\n|switch|p2a: Lapras|Lapras, L87, F|367/367\n|move|p1a: Quagsire|Toxic|p2a: Lapras\n|-status|p2a: Lapras|tox\n|\n|-heal|p1a: Quagsire|282/297|[from] item: Leftovers\n|-damage|p2a: Lapras|345/367 tox|[from] psn\n|upkeep\n|turn|3\n|\n|t:|1782823898\n|move|p2a: Lapras|Icicle Spear|p1a: Quagsire\n|-damage|p1a: Quagsire|255/297\n|-damage|p1a: Quagsire|225/297\n|-damage|p1a: Quagsire|197/297\n|-damage|p1a: Quagsire|170/297\n|-hitcount|p1a: Quagsire|4\n|move|p1a: Quagsire|Earthquake|p2a: Lapras\n|-damage|p2a: Lapras|242/367 tox\n|\n|-heal|p1a: Quagsire|188/297|[from] item: Leftovers\n|-damage|p2a: Lapras|198/367 tox|[from] psn\n|upkeep\n|turn|4\n|\n|t:|1782823910\n|switch|p2a: Cinderace|Cinderace, L77, M|249/249\n|move|p1a: Quagsire|Recover|p1a: Quagsire\n|-heal|p1a: Quagsire|297/297\n|\n|upkeep\n|turn|5\n|\n|t:|1782823916\n|move|p2a: Cinderace|U-turn|p1a: Quagsire\n|-start|p2a: Cinderace|typechange|Bug|[from] ability: Libero\n|-damage|p1a: Quagsire|182/297\n|\n|t:|1782823922\n|switch|p2a: Lapras|Lapras, L87, F|198/367 tox|[from] U-turn\n|move|p1a: Quagsire|Earthquake|p2a: Lapras\n|-damage|p2a: Lapras|99/367 tox\n|\n|-heal|p1a: Quagsire|200/297|[from] item: Leftovers\n|-damage|p2a: Lapras|77/367 tox|[from] psn\n|upkeep\n|turn|6\n|\n|t:|1782823927\n|switch|p2a: Cinderace|Cinderace, L77, M|249/249\n|move|p1a: Quagsire|Recover|p1a: Quagsire\n|-heal|p1a: Quagsire|297/297\n|\n|upkeep\n|turn|7\n|\n|t:|1782823936\n|switch|p1a: Dragapult|Dragapult, L77, F|262/262\n|move|p2a: Cinderace|High Jump Kick|p1a: Dragapult\n|-start|p2a: Cinderace|typechange|Fighting|[from] ability: Libero\n|-immune|p1a: Dragapult\n|-damage|p2a: Cinderace|125/249|[from] highjumpkick\n|\n|upkeep\n|turn|8\n|c|\u2606basicallysteve\u00b2|lol\n|inactive|Jefejenaro has 90 seconds left.\n|inactive|Jefejenaro has 60 seconds left.\n|inactive|Jefejenaro has 30 seconds left.\n|inactive|Jefejenaro has 20 seconds left.\n|inactive|Jefejenaro has 15 seconds left.\n|inactive|Jefejenaro has 10 seconds left.\n|inactive|Jefejenaro has 5 seconds left.\n|-message|Jefejenaro lost due to inactivity.\n|\n|win|basicallysteve\u00b2\n", "inputlog": ">version f8ac14003a5f27e1bdc8d8c59608a773c1cb96e5\n>start {\"formatid\":\"gen9randombattle\",\"seed\":\"sodium,3d15de921113701301cecd1d346ab3cb\",\"rated\":\"Rated battle\"}\n>player p1 {\"name\":\"basicallysteve\u00b2\",\"avatar\":\"backpacker\",\"rating\":1973,\"seed\":\"sodium,ee14704bfb3c7fc0553e413ebc1652da\"}\n>player p2 {\"name\":\"Jefejenaro\",\"avatar\":\"wallace\",\"rating\":1968,\"seed\":\"sodium,f579abffde17d8e2c57a661aea4fd2cc\"}\n>p1 switch 2\n>p2 move powergem\n>p1 move toxic\n>p2 switch 3\n>p1 move earthquake\n>p2 move iciclespear\n>p1 move recover\n>p2 switch 2\n>p1 move earthquake\n>p2 move uturn\n>p2 switch 2\n>p1 move recover\n>p2 switch 2\n>p1 switch 2\n>p2 move highjumpkick\n>chat \u2606basicallysteve\u00b2|lol\n>forcelose p2", "uploadtime": 1782823735, "views": 4, "formatid": "gen9randombattle", "rating": null, "private": 0, "password": null, "player_dets": [{"name": "basicallysteve\u00b2", "avatar": "backpacker", "rating": 1973, "seed": "sodium,ee14704bfb3c7fc0553e413ebc1652da"}, {"name": "Jefejenaro", "avatar": "wallace", "rating": 1968, "seed": "sodium,f579abffde17d8e2c57a661aea4fd2cc"}], "teams_full": [{"Dragapult": {"name": "Dragapult", "species": "Dragapult", "speciesId": "dragapult", "gender": "F", "shiny": false, "level": 77, "moves": ["uturn", "willowisp", "dragondarts", "hex"], "ability": "Cursed Body", "evs": {"hp": 85, "atk": 85, "def": 85, "spa": 85, "spd": 85, "spe": 85}, "ivs": {"hp": 31, "atk": 31, "def": 31, "spa": 31, "spd": 31, "spe": 31}, "item": "Heavy-Duty Boots", "teraType": "Dragon", "role": "Fast Support", "bvs": {"hp": 88, "atk": 120, "def": 75, "spa": 100, "spd": 75, "spe": 142}, "stats": {"hp": 262, "atk": 229, "def": 160, "spa": 199, "spd": 160, "spe": 263}, "types": ["Dragon", "Ghost"]}, "Quagsire": {"name": "Quagsire", "species": "Quagsire", "speciesId": "quagsire", "gender": "F", "shiny": false, "level": 84, "moves": ["icebeam", "toxic", "earthquake", "recover"], "ability": "Unaware", "evs": {"hp": 85, "atk": 85, "def": 85, "spa": 85, "spd": 85, "spe": 85}, "ivs": {"hp": 31, "atk": 31, "def": 31, "spa": 31, "spd": 31, "spe": 31}, "item": "Leftovers", "teraType": "Fairy", "role": "Bulky Support", "bvs": {"hp": 95, "atk": 85, "def": 85, "spa": 65, "spd": 65, "spe": 35}, "stats": {"hp": 297, "atk": 191, "def": 191, "spa": 157, "spd": 157, "spe": 107}, "types": ["Water", "Ground"]}, "Delphox": {"name": "Delphox", "species": "Delphox", "speciesId": "delphox", "gender": "F", "shiny": false, "level": 84, "moves": ["fireblast", "nastyplot", "psyshock", "focusblast"], "ability": "Blaze", "evs": {"hp": 85, "atk": 0, "def": 85, "spa": 85, "spd": 85, "spe": 85}, "ivs": {"hp": 31, "atk": 0, "def": 31, "spa": 31, "spd": 31, "spe": 31}, "item": "Heavy-Duty Boots", "teraType": "Fire", "role": "Fast Attacker", "bvs": {"hp": 75, "atk": 69, "def": 72, "spa": 114, "spd": 100, "spe": 104}, "stats": {"hp": 263, "atk": 120, "def": 169, "spa": 240, "spd": 216, "spe": 223}, "types": ["Fire", "Psychic"]}, "Magmortar": {"name": "Magmortar", "species": "Magmortar", "speciesId": "magmortar", "gender": "F", "shiny": false, "level": 88, "moves": ["fireblast", "knockoff", "thunderbolt", "focusblast"], "ability": "Flame Body", "evs": {"hp": 85, "atk": 85, "def": 85, "spa": 85, "spd": 85, "spe": 85}, "ivs": {"hp": 31, "atk": 31, "def": 31, "spa": 31, "spd": 31, "spe": 31}, "item": "Heavy-Duty Boots", "teraType": "Electric", "role": "Fast Attacker", "bvs": {"hp": 75, "atk": 95, "def": 67, "spa": 125, "spd": 95, "spe": 83}, "stats": {"hp": 275, "atk": 217, "def": 168, "spa": 270, "spd": 217, "spe": 196}, "types": ["Fire"]}, "Falinks": {"name": "Falinks", "species": "Falinks", "speciesId": "falinks", "gender": "N", "shiny": false, "level": 84, "moves": ["ironhead", "noretreat", "knockoff", "closecombat"], "ability": "Defiant", "evs": {"hp": 85, "atk": 85, "def": 85, "spa": 85, "spd": 85, "spe": 85}, "ivs": {"hp": 31, "atk": 31, "def": 31, "spa": 31, "spd": 31, "spe": 31}, "item": "Life Orb", "teraType": "Dark", "role": "Setup Sweeper", "bvs": {"hp": 65, "atk": 100, "def": 100, "spa": 70, "spd": 60, "spe": 75}, "stats": {"hp": 246, "atk": 216, "def": 216, "spa": 166, "spd": 149, "spe": 174}, "types": ["Fighting"]}, "Hippowdon": {"name": "Hippowdon", "species": "Hippowdon", "speciesId": "hippowdon", "gender": "M", "shiny": false, "level": 82, "moves": ["stoneedge", "slackoff", "earthquake", "curse"], "ability": "Sand Stream", "evs": {"hp": 85, "atk": 85, "def": 85, "spa": 85, "spd": 85, "spe": 85}, "ivs": {"hp": 31, "atk": 31, "def": 31, "spa": 31, "spd": 31, "spe": 31}, "item": "Leftovers", "teraType": "Steel", "role": "Bulky Setup", "bvs": {"hp": 108, "atk": 112, "def": 118, "spa": 68, "spd": 72, "spe": 47}, "stats": {"hp": 311, "atk": 231, "def": 241, "spa": 159, "spd": 165, "spe": 124}, "types": ["Ground"]}}, {"Probopass": {"name": "Probopass", "species": "Probopass", "speciesId": "probopass", "gender": "F", "shiny": false, "level": 91, "moves": ["rest", "irondefense", "bodypress", "powergem"], "ability": "Magnet Pull", "evs": {"hp": 85, "atk": 0, "def": 85, "spa": 85, "spd": 85, "spe": 85}, "ivs": {"hp": 31, "atk": 0, "def": 31, "spa": 31, "spd": 31, "spe": 31}, "item": "Chesto Berry", "teraType": "Fighting", "role": "Bulky Setup", "bvs": {"hp": 60, "atk": 55, "def": 145, "spa": 75, "spd": 150, "spe": 40}, "stats": {"hp": 257, "atk": 105, "def": 316, "spa": 188, "spd": 325, "spe": 125}, "types": ["Rock", "Steel"]}, "Cinderace": {"name": "Cinderace", "species": "Cinderace", "speciesId": "cinderace", "gender": "M", "shiny": false, "level": 77, "moves": ["pyroball", "uturn", "highjumpkick", "gunkshot"], "ability": "Libero", "evs": {"hp": 81, "atk": 85, "def": 85, "spa": 85, "spd": 85, "spe": 85}, "ivs": {"hp": 31, "atk": 31, "def": 31, "spa": 31, "spd": 31, "spe": 31}, "item": "Choice Band", "teraType": "Fighting", "role": "Fast Attacker", "bvs": {"hp": 80, "atk": 116, "def": 75, "spa": 65, "spd": 75, "spe": 119}, "stats": {"hp": 249, "atk": 223, "def": 160, "spa": 145, "spd": 160, "spe": 228}, "types": ["Fire"]}, "Lapras": {"name": "Lapras", "species": "Lapras", "speciesId": "lapras", "gender": "F", "shiny": false, "level": 87, "moves": ["earthquake", "waterfall", "iciclespear", "dragondance"], "ability": "Water Absorb", "evs": {"hp": 81, "atk": 85, "def": 85, "spa": 85, "spd": 85, "spe": 85}, "ivs": {"hp": 31, "atk": 31, "def": 31, "spa": 31, "spd": 31, "spe": 31}, "item": "Loaded Dice", "teraType": "Ground", "role": "Setup Sweeper", "bvs": {"hp": 130, "atk": 85, "def": 80, "spa": 85, "spd": 95, "spe": 60}, "stats": {"hp": 367, "atk": 198, "def": 189, "spa": 198, "spd": 215, "spe": 154}, "types": ["Water", "Ice"]}, "Avalugg": {"name": "Avalugg", "species": "Avalugg", "speciesId": "avalugg", "gender": "M", "shiny": false, "level": 88, "moves": ["bodypress", "recover", "rapidspin", "avalanche"], "ability": "Sturdy", "evs": {"hp": 85, "atk": 85, "def": 85, "spa": 85, "spd": 85, "spe": 85}, "ivs": {"hp": 31, "atk": 31, "def": 31, "spa": 31, "spd": 31, "spe": 31}, "item": "Heavy-Duty Boots", "teraType": "Fighting", "role": "Bulky Support", "bvs": {"hp": 95, "atk": 117, "def": 184, "spa": 44, "spd": 46, "spe": 28}, "stats": {"hp": 310, "atk": 256, "def": 374, "spa": 128, "spd": 131, "spe": 100}, "types": ["Ice"]}, "Donphan": {"name": "Donphan", "species": "Donphan", "speciesId": "donphan", "gender": "F", "shiny": false, "level": 84, "moves": ["stealthrock", "earthquake", "iceshard", "icespinner"], "ability": "Sturdy", "evs": {"hp": 85, "atk": 85, "def": 85, "spa": 85, "spd": 85, "spe": 85}, "ivs": {"hp": 31, "atk": 31, "def": 31, "spa": 31, "spd": 31, "spe": 31}, "item": "Leftovers", "teraType": "Steel", "role": "Bulky Support", "bvs": {"hp": 90, "atk": 120, "def": 120, "spa": 60, "spd": 60, "spe": 50}, "stats": {"hp": 288, "atk": 250, "def": 250, "spa": 149, "spd": 149, "spe": 132}, "types": ["Ground"]}, "Annihilape": {"name": "Annihilape", "species": "Annihilape", "speciesId": "annihilape", "gender": "F", "shiny": false, "level": 76, "moves": ["rest", "bulkup", "ragefist", "drainpunch"], "ability": "Defiant", "evs": {"hp": 85, "atk": 85, "def": 85, "spa": 85, "spd": 85, "spe": 85}, "ivs": {"hp": 31, "atk": 31, "def": 31, "spa": 31, "spd": 31, "spe": 31}, "item": "Chesto Berry", "teraType": "Water", "role": "Bulky Setup", "bvs": {"hp": 110, "atk": 115, "def": 80, "spa": 50, "spd": 90, "spe": 90}, "stats": {"hp": 292, "atk": 219, "def": 166, "spa": 120, "spd": 181, "spe": 181}, "types": ["Fighting", "Ghost"]}}]}