{"id": "gen9randombattle-2641322889", "format": "[Gen 9] Random Battle", "players": ["Campbell471", "testbotcif"], "log": "|j|\u2606Campbell471\n|j|\u2606testbotcif\n|t:|1782767842\n|gametype|singles\n|player|p1|Campbell471|169|1285\n|player|p2|testbotcif|266|1265\n|gen|9\n|tier|[Gen 9] Random Battle\n|rated|\n|rule|Species Clause: Limit one of each Pok\u00e9mon\n|rule|HP Percentage Mod: HP is shown in percentages\n|rule|Sleep Clause Mod: Limit one foe put to sleep\n|rule|Illusion Level Mod: Illusion disguises the Pok\u00e9mon's true level\n|\n|t:|1782767842\n|teamsize|p1|6\n|teamsize|p2|6\n|start\n|switch|p1a: Registeel|Registeel, L81|262/262\n|switch|p2a: Empoleon|Empoleon, L84, F|278/278\n|turn|1\n|c|\u2606testbotcif|rlhf\n|inactive|Battle timer is ON: inactive players will automatically lose when time's up. (requested by testbotcif)\n|\n|t:|1782767849\n|move|p1a: Registeel|Iron Defense|p1a: Registeel\n|-boost|p1a: Registeel|def|2\n|move|p2a: Empoleon|Roar|p1a: Registeel\n|drag|p1a: Slaking|Slaking, L84, M|389/389\n|\n|upkeep\n|turn|2\n|\n|t:|1782767855\n|move|p1a: Slaking|Earthquake|p2a: Empoleon\n|-supereffective|p2a: Empoleon\n|-damage|p2a: Empoleon|0 fnt\n|faint|p2a: Empoleon\n|\n|upkeep\n|\n|t:|1782767856\n|switch|p2a: Sableye|Sableye, L88, M|231/231\n|turn|3\n|\n|t:|1782767869\n|move|p2a: Sableye|Thunder Wave|p1a: Slaking\n|-status|p1a: Slaking|par\n|cant|p1a: Slaking|ability: Truant\n|\n|upkeep\n|turn|4\n|\n|t:|1782767871\n|move|p2a: Sableye|Knock Off|p1a: Slaking\n|-damage|p1a: Slaking|304/389 par\n|-enditem|p1a: Slaking|Choice Band|[from] move: Knock Off|[of] p2a: Sableye\n|move|p1a: Slaking|Earthquake|p2a: Sableye\n|-damage|p2a: Sableye|115/231\n|\n|-heal|p2a: Sableye|129/231|[from] item: Leftovers\n|upkeep\n|turn|5\n|\n|t:|1782767874\n|move|p2a: Sableye|Knock Off|p1a: Slaking\n|-damage|p1a: Slaking|244/389 par\n|cant|p1a: Slaking|ability: Truant\n|\n|-heal|p2a: Sableye|143/231|[from] item: Leftovers\n|upkeep\n|turn|6\n|\n|t:|1782767875\n|move|p2a: Sableye|Knock Off|p1a: Slaking\n|-damage|p1a: Slaking|186/389 par\n|move|p1a: Slaking|Earthquake|p2a: Sableye\n|-damage|p2a: Sableye|24/231\n|\n|-heal|p2a: Sableye|38/231|[from] item: Leftovers\n|upkeep\n|turn|7\n|\n|t:|1782767879\n|move|p2a: Sableye|Recover|p2a: Sableye\n|-heal|p2a: Sableye|154/231\n|cant|p1a: Slaking|ability: Truant\n|\n|-heal|p2a: Sableye|168/231|[from] item: Leftovers\n|upkeep\n|turn|8\n|\n|t:|1782767881\n|move|p2a: Sableye|Knock Off|p1a: Slaking\n|-damage|p1a: Slaking|128/389 par\n|move|p1a: Slaking|Earthquake|p2a: Sableye\n|-damage|p2a: Sableye|55/231\n|\n|-heal|p2a: Sableye|69/231|[from] item: Leftovers\n|upkeep\n|turn|9\n|\n|t:|1782767882\n|move|p2a: Sableye|Recover|p2a: Sableye\n|-heal|p2a: Sableye|185/231\n|cant|p1a: Slaking|ability: Truant\n|\n|-heal|p2a: Sableye|199/231|[from] item: Leftovers\n|upkeep\n|turn|10\n|\n|t:|1782767884\n|move|p2a: Sableye|Knock Off|p1a: Slaking\n|-damage|p1a: Slaking|68/389 par\n|move|p1a: Slaking|Earthquake|p2a: Sableye\n|-damage|p2a: Sableye|78/231\n|\n|-heal|p2a: Sableye|92/231|[from] item: Leftovers\n|upkeep\n|turn|11\n|\n|t:|1782767885\n|move|p2a: Sableye|Recover|p2a: Sableye\n|-heal|p2a: Sableye|208/231\n|cant|p1a: Slaking|ability: Truant\n|\n|-heal|p2a: Sableye|222/231|[from] item: Leftovers\n|upkeep\n|turn|12\n|\n|t:|1782767887\n|move|p2a: Sableye|Knock Off|p1a: Slaking\n|-damage|p1a: Slaking|16/389 par\n|move|p1a: Slaking|Earthquake|p2a: Sableye\n|-damage|p2a: Sableye|99/231\n|\n|-heal|p2a: Sableye|113/231|[from] item: Leftovers\n|upkeep\n|turn|13\n|\n|t:|1782767888\n|move|p2a: Sableye|Recover|p2a: Sableye\n|-heal|p2a: Sableye|229/231\n|cant|p1a: Slaking|ability: Truant\n|\n|-heal|p2a: Sableye|231/231|[from] item: Leftovers\n|upkeep\n|turn|14\n|\n|t:|1782767889\n|move|p2a: Sableye|Knock Off|p1a: Slaking\n|-damage|p1a: Slaking|0 fnt\n|faint|p1a: Slaking\n|\n|upkeep\n|\n|t:|1782767903\n|switch|p1a: Reshiram|Reshiram, L76|277/277\n|-ability|p1a: Reshiram|Turboblaze\n|turn|15\n|\n|t:|1782767907\n|move|p1a: Reshiram|Blue Flare|p2a: Sableye\n|-damage|p2a: Sableye|41/231\n|move|p2a: Sableye|Knock Off|p1a: Reshiram\n|-damage|p1a: Reshiram|183/277\n|-enditem|p1a: Reshiram|Heavy-Duty Boots|[from] move: Knock Off|[of] p2a: Sableye\n|\n|-heal|p2a: Sableye|55/231|[from] item: Leftovers\n|upkeep\n|turn|16\n|\n|t:|1782767910\n|move|p2a: Sableye|Recover|p2a: Sableye\n|-heal|p2a: Sableye|171/231\n|move|p1a: Reshiram|Blue Flare|p2a: Sableye\n|-damage|p2a: Sableye|0 fnt\n|faint|p2a: Sableye\n|\n|upkeep\n|\n|t:|1782767911\n|switch|p2a: Flygon|Flygon, L82, M|265/265\n|turn|17\n|\n|t:|1782767916\n|-terastallize|p2a: Flygon|Rock\n|move|p2a: Flygon|Dragon Dance|p2a: Flygon\n|-boost|p2a: Flygon|atk|1\n|-boost|p2a: Flygon|spe|1\n|move|p1a: Reshiram|Draco Meteor|p2a: Flygon\n|-crit|p2a: Flygon\n|-damage|p2a: Flygon|0 fnt\n|-unboost|p1a: Reshiram|spa|2\n|faint|p2a: Flygon\n|\n|upkeep\n|\n|t:|1782767916\n|switch|p2a: Volcarona|Volcarona, L77, M|257/257\n|turn|18\n|\n|t:|1782767926\n|move|p2a: Volcarona|Quiver Dance|p2a: Volcarona\n|-boost|p2a: Volcarona|spa|1\n|-boost|p2a: Volcarona|spd|1\n|-boost|p2a: Volcarona|spe|1\n|move|p1a: Reshiram|Dragon Tail|p2a: Volcarona\n|-damage|p2a: Volcarona|178/257\n|drag|p2a: Cinderace|Cinderace, L77, M|249/249\n|\n|upkeep\n|turn|19\n|\n|t:|1782767929\n|move|p2a: Cinderace|High Jump Kick|p1a: Reshiram\n|-start|p2a: Cinderace|typechange|Fighting|[from] ability: Libero\n|-damage|p1a: Reshiram|0 fnt\n|faint|p1a: Reshiram\n|\n|upkeep\n|\n|t:|1782767941\n|switch|p1a: Gallade|Gallade, L80, M|240/240\n|turn|20\n|\n|t:|1782767944\n|switch|p2a: Volcarona|Volcarona, L77, M|178/257\n|move|p1a: Gallade|Psycho Cut|p2a: Volcarona\n|-damage|p2a: Volcarona|12/257\n|\n|upkeep\n|turn|21\n|\n|t:|1782767946\n|move|p1a: Gallade|Psycho Cut|p2a: Volcarona\n|-crit|p2a: Volcarona\n|-damage|p2a: Volcarona|0 fnt\n|faint|p2a: Volcarona\n|\n|upkeep\n|\n|t:|1782767947\n|switch|p2a: Cinderace|Cinderace, L77, M|249/249\n|turn|22\n|\n|t:|1782767949\n|move|p1a: Gallade|Psycho Cut|p2a: Cinderace\n|-damage|p2a: Cinderace|93/249\n|move|p2a: Cinderace|Pyro Ball|p1a: Gallade\n|-damage|p1a: Gallade|0 fnt\n|faint|p1a: Gallade\n|\n|upkeep\n|\n|t:|1782767957\n|switch|p1a: Breloom|Breloom, L83, F|235/235\n|turn|23\n|\n|t:|1782767963\n|move|p2a: Cinderace|Pyro Ball|p1a: Breloom\n|-supereffective|p1a: Breloom\n|-damage|p1a: Breloom|0 fnt\n|faint|p1a: Breloom\n|\n|upkeep\n|\n|t:|1782767965\n|switch|p1a: Lunala|Lunala, L70|308/308\n|turn|24\n|\n|t:|1782767967\n|move|p2a: Cinderace|Pyro Ball|p1a: Lunala|[miss]\n|-miss|p2a: Cinderace|p1a: Lunala\n|move|p1a: Lunala|Calm Mind|p1a: Lunala\n|-boost|p1a: Lunala|spa|1\n|-boost|p1a: Lunala|spd|1\n|\n|upkeep\n|turn|25\n|\n|t:|1782767971\n|move|p2a: Cinderace|Pyro Ball|p1a: Lunala\n|-damage|p1a: Lunala|201/308\n|-status|p1a: Lunala|brn\n|move|p1a: Lunala|Psyshock|p2a: Cinderace\n|-damage|p2a: Cinderace|0 fnt\n|faint|p2a: Cinderace\n|\n|-heal|p1a: Lunala|220/308 brn|[from] item: Leftovers\n|-damage|p1a: Lunala|201/308 brn|[from] brn\n|upkeep\n|\n|t:|1782767972\n|switch|p2a: Sawsbuck|Sawsbuck-Summer, L88, M|284/284\n|turn|26\n|\n|t:|1782767984\n|move|p2a: Sawsbuck|Swords Dance|p2a: Sawsbuck\n|-boost|p2a: Sawsbuck|atk|2\n|move|p1a: Lunala|Psyshock|p2a: Sawsbuck\n|-damage|p2a: Sawsbuck|140/284\n|\n|-heal|p1a: Lunala|220/308 brn|[from] item: Leftovers\n|-damage|p1a: Lunala|201/308 brn|[from] brn\n|upkeep\n|turn|27\n|\n|t:|1782767988\n|move|p2a: Sawsbuck|Horn Leech|p1a: Lunala\n|-damage|p1a: Lunala|0 fnt\n|-heal|p2a: Sawsbuck|241/284|[from] drain|[of] p1a: Lunala\n|faint|p1a: Lunala\n|-damage|p2a: Sawsbuck|213/284|[from] item: Life Orb\n|\n|upkeep\n|\n|t:|1782767990\n|switch|p1a: Registeel|Registeel, L81|262/262\n|turn|28\n|\n|t:|1782767994\n|-terastallize|p1a: Registeel|Fighting\n|move|p2a: Sawsbuck|High Horsepower|p1a: Registeel\n|-damage|p1a: Registeel|139/262\n|-damage|p2a: Sawsbuck|185/284|[from] item: Life Orb\n|move|p1a: Registeel|Body Press|p2a: Sawsbuck\n|-supereffective|p2a: Sawsbuck\n|-damage|p2a: Sawsbuck|0 fnt\n|faint|p2a: Sawsbuck\n|\n|win|Campbell471\n|raw|Campbell471's rating: 1285 &rarr; <strong>1309</strong><br />(+24 for winning)\n|raw|testbotcif's rating: 1265 &rarr; <strong>1241</strong><br />(-24 for losing)\n", "inputlog": ">version f8ac14003a5f27e1bdc8d8c59608a773c1cb96e5\n>start {\"formatid\":\"gen9randombattle\",\"seed\":\"sodium,f0da28c03e5e375e050fb1c378d5f336\",\"rated\":\"Rated battle\"}\n>player p1 {\"name\":\"Campbell471\",\"avatar\":\"169\",\"rating\":1285,\"seed\":\"sodium,4ebf3e5e3fc7b678015234745f4d5e19\"}\n>player p2 {\"name\":\"testbotcif\",\"avatar\":\"266\",\"rating\":1265,\"seed\":\"sodium,2232e5cba5316282567c74f76440c48b\"}\n>chat \u2606testbotcif|rlhf\n>p1 move irondefense\n>p2 move roar\n>p1 move earthquake\n>p2 move surf\n>p2 switch 5\n>p1 move earthquake\n>p2 move thunderwave\n>p1 move earthquake\n>p2 move knockoff\n>p1 move earthquake\n>p2 move knockoff\n>p1 move earthquake\n>p2 move knockoff\n>p1 move earthquake\n>p2 move recover\n>p1 move earthquake\n>p2 move knockoff\n>p1 move earthquake\n>p2 move recover\n>p1 move earthquake\n>p2 move knockoff\n>p1 move earthquake\n>p2 move recover\n>p1 move earthquake\n>p2 move knockoff\n>p1 move earthquake\n>p2 move recover\n>p1 move earthquake\n>p2 move knockoff\n>p1 switch 5\n>p1 move blueflare\n>p2 move knockoff\n>p1 move blueflare\n>p2 move recover\n>p2 switch 4\n>p1 move dracometeor\n>p2 move dragondance terastallize\n>p2 switch 3\n>p1 move dragontail\n>p2 move quiverdance\n>p1 move earthpower\n>p2 move highjumpkick\n>p1 switch 2\n>p1 move psychocut\n>p2 switch 6\n>p1 move psychocut\n>p2 move fireblast\n>p2 switch 6\n>p1 move psychocut\n>p2 move pyroball\n>p1 switch 4\n>p1 move spore\n>p2 move pyroball\n>p1 switch 3\n>p1 move calmmind\n>p2 move pyroball\n>p1 move psyshock\n>p2 move pyroball\n>p2 switch 2\n>p1 move psyshock\n>p2 move swordsdance\n>p1 move psyshock\n>p2 move hornleech\n>p1 switch 6\n>p1 move bodypress terastallize\n>p2 move highhorsepower", "uploadtime": 1782767994, "views": 8, "formatid": "gen9randombattle", "rating": 1241, "private": 0, "password": null, "player_dets": [{"name": "Campbell471", "avatar": "169", "rating": 1285, "seed": "sodium,4ebf3e5e3fc7b678015234745f4d5e19"}, {"name": "testbotcif", "avatar": "266", "rating": 1265, "seed": "sodium,2232e5cba5316282567c74f76440c48b"}], "teams_full": [{"Registeel": {"name": "Registeel", "species": "Registeel", "speciesId": "registeel", "gender": "N", "shiny": false, "level": 81, "moves": ["irondefense", "rest", "bodypress", "ironhead"], "ability": "Clear Body", "evs": {"hp": 85, "atk": 85, "def": 85, "spa": 85, "spd": 85, "spe": 85}, "ivs": {"hp": 31, "atk": 31, "def": 31, "spa": 31, "spd": 31, "spe": 31}, "item": "Chesto Berry", "teraType": "Fighting", "role": "Bulky Setup", "bvs": {"hp": 80, "atk": 75, "def": 150, "spa": 75, "spd": 150, "spe": 50}, "stats": {"hp": 262, "atk": 168, "def": 290, "spa": 168, "spd": 290, "spe": 128}, "types": ["Steel"]}, "Gallade": {"name": "Gallade", "species": "Gallade", "speciesId": "gallade", "gender": "M", "shiny": false, "level": 80, "moves": ["psychocut", "nightslash", "sacredsword", "leafblade"], "ability": "Sharpness", "evs": {"hp": 85, "atk": 85, "def": 85, "spa": 85, "spd": 85, "spe": 85}, "ivs": {"hp": 31, "atk": 31, "def": 31, "spa": 31, "spd": 31, "spe": 31}, "item": "Choice Scarf", "teraType": "Grass", "role": "Fast Attacker", "bvs": {"hp": 68, "atk": 125, "def": 65, "spa": 65, "spd": 115, "spe": 80}, "stats": {"hp": 240, "atk": 246, "def": 150, "spa": 150, "spd": 230, "spe": 174}, "types": ["Psychic", "Fighting"]}, "Lunala": {"name": "Lunala", "species": "Lunala", "speciesId": "lunala", "gender": "N", "shiny": false, "level": 70, "moves": ["calmmind", "moonlight", "moongeistbeam", "psyshock"], "ability": "Shadow Shield", "evs": {"hp": 85, "atk": 0, "def": 85, "spa": 85, "spd": 85, "spe": 85}, "ivs": {"hp": 31, "atk": 0, "def": 31, "spa": 31, "spd": 31, "spe": 31}, "item": "Leftovers", "teraType": "Fairy", "role": "Fast Bulky Setup", "bvs": {"hp": 137, "atk": 113, "def": 89, "spa": 137, "spd": 107, "spe": 97}, "stats": {"hp": 308, "atk": 163, "def": 166, "spa": 233, "spd": 191, "spe": 177}, "types": ["Psychic", "Ghost"]}, "Breloom": {"name": "Breloom", "species": "Breloom", "speciesId": "breloom", "gender": "F", "shiny": false, "level": 83, "moves": ["machpunch", "rocktomb", "spore", "bulletseed"], "ability": "Technician", "evs": {"hp": 85, "atk": 85, "def": 85, "spa": 85, "spd": 85, "spe": 85}, "ivs": {"hp": 31, "atk": 31, "def": 31, "spa": 31, "spd": 31, "spe": 31}, "item": "Life Orb", "teraType": "Rock", "role": "Fast Attacker", "bvs": {"hp": 60, "atk": 130, "def": 80, "spa": 60, "spd": 60, "spe": 70}, "stats": {"hp": 235, "atk": 263, "def": 180, "spa": 147, "spd": 147, "spe": 164}, "types": ["Grass", "Fighting"]}, "Reshiram": {"name": "Reshiram", "species": "Reshiram", "speciesId": "reshiram", "gender": "N", "shiny": false, "level": 76, "moves": ["dragontail", "earthpower", "dracometeor", "blueflare"], "ability": "Turboblaze", "evs": {"hp": 85, "atk": 85, "def": 85, "spa": 85, "spd": 85, "spe": 85}, "ivs": {"hp": 31, "atk": 31, "def": 31, "spa": 31, "spd": 31, "spe": 31}, "item": "Heavy-Duty Boots", "teraType": "Ground", "role": "Fast Attacker", "bvs": {"hp": 100, "atk": 120, "def": 100, "spa": 150, "spd": 120, "spe": 90}, "stats": {"hp": 277, "atk": 226, "def": 196, "spa": 272, "spd": 226, "spe": 181}, "types": ["Dragon", "Fire"]}, "Slaking": {"name": "Slaking", "species": "Slaking", "speciesId": "slaking", "gender": "M", "shiny": false, "level": 84, "moves": ["gigaimpact", "knockoff", "doubleedge", "earthquake"], "ability": "Truant", "evs": {"hp": 85, "atk": 85, "def": 85, "spa": 85, "spd": 85, "spe": 85}, "ivs": {"hp": 31, "atk": 31, "def": 31, "spa": 31, "spd": 31, "spe": 31}, "item": "Choice Band", "teraType": "Ground", "role": "Wallbreaker", "bvs": {"hp": 150, "atk": 160, "def": 100, "spa": 95, "spd": 65, "spe": 100}, "stats": {"hp": 389, "atk": 317, "def": 216, "spa": 208, "spd": 157, "spe": 216}, "types": ["Normal"]}}, {"Empoleon": {"name": "Empoleon", "species": "Empoleon", "speciesId": "empoleon", "gender": "F", "shiny": false, "level": 84, "moves": ["roar", "surf", "flipturn", "roost"], "ability": "Competitive", "evs": {"hp": 85, "atk": 85, "def": 85, "spa": 85, "spd": 85, "spe": 85}, "ivs": {"hp": 31, "atk": 31, "def": 31, "spa": 31, "spd": 31, "spe": 31}, "item": "Leftovers", "teraType": "Grass", "role": "Bulky Support", "bvs": {"hp": 84, "atk": 86, "def": 88, "spa": 111, "spd": 101, "spe": 60}, "stats": {"hp": 278, "atk": 193, "def": 196, "spa": 235, "spd": 218, "spe": 149}, "types": ["Water", "Steel"]}, "Sawsbuck": {"name": "Sawsbuck", "species": "Sawsbuck-Summer", "speciesId": "sawsbuck", "gender": "M", "shiny": false, "level": 88, "moves": ["doubleedge", "swordsdance", "hornleech", "highhorsepower"], "ability": "Sap Sipper", "evs": {"hp": 85, "atk": 85, "def": 85, "spa": 85, "spd": 85, "spe": 85}, "ivs": {"hp": 31, "atk": 31, "def": 31, "spa": 31, "spd": 31, "spe": 31}, "item": "Life Orb", "teraType": "Ground", "role": "Setup Sweeper", "bvs": {"hp": 80, "atk": 100, "def": 70, "spa": 60, "spd": 70, "spe": 95}, "stats": {"hp": 284, "atk": 226, "def": 173, "spa": 156, "spd": 173, "spe": 217}, "types": ["Normal", "Grass"]}, "Volcarona": {"name": "Volcarona", "species": "Volcarona", "speciesId": "volcarona", "gender": "M", "shiny": false, "level": 77, "moves": ["gigadrain", "fireblast", "quiverdance", "morningsun"], "ability": "Flame Body", "evs": {"hp": 85, "atk": 0, "def": 85, "spa": 85, "spd": 85, "spe": 85}, "ivs": {"hp": 31, "atk": 0, "def": 31, "spa": 31, "spd": 31, "spe": 31}, "item": "Heavy-Duty Boots", "teraType": "Steel", "role": "Fast Bulky Setup", "bvs": {"hp": 85, "atk": 60, "def": 65, "spa": 135, "spd": 105, "spe": 100}, "stats": {"hp": 257, "atk": 97, "def": 145, "spa": 252, "spd": 206, "spe": 199}, "types": ["Bug", "Fire"]}, "Flygon": {"name": "Flygon", "species": "Flygon", "speciesId": "flygon", "gender": "M", "shiny": false, "level": 82, "moves": ["earthquake", "dragondance", "outrage", "stoneedge"], "ability": "Levitate", "evs": {"hp": 85, "atk": 85, "def": 85, "spa": 85, "spd": 85, "spe": 85}, "ivs": {"hp": 31, "atk": 31, "def": 31, "spa": 31, "spd": 31, "spe": 31}, "item": "Lum Berry", "teraType": "Rock", "role": "Fast Attacker", "bvs": {"hp": 80, "atk": 100, "def": 80, "spa": 80, "spd": 80, "spe": 100}, "stats": {"hp": 265, "atk": 211, "def": 178, "spa": 178, "spd": 178, "spe": 211}, "types": ["Ground", "Dragon"]}, "Sableye": {"name": "Sableye", "species": "Sableye", "speciesId": "sableye", "gender": "M", "shiny": false, "level": 88, "moves": ["encore", "thunderwave", "knockoff", "recover"], "ability": "Prankster", "evs": {"hp": 85, "atk": 85, "def": 85, "spa": 85, "spd": 85, "spe": 85}, "ivs": {"hp": 31, "atk": 31, "def": 31, "spa": 31, "spd": 31, "spe": 31}, "item": "Leftovers", "teraType": "Poison", "role": "Bulky Support", "bvs": {"hp": 50, "atk": 75, "def": 75, "spa": 65, "spd": 65, "spe": 50}, "stats": {"hp": 231, "atk": 182, "def": 182, "spa": 165, "spd": 165, "spe": 138}, "types": ["Dark", "Ghost"]}, "Cinderace": {"name": "Cinderace", "species": "Cinderace", "speciesId": "cinderace", "gender": "M", "shiny": false, "level": 77, "moves": ["uturn", "pyroball", "highjumpkick", "gunkshot"], "ability": "Libero", "evs": {"hp": 81, "atk": 85, "def": 85, "spa": 85, "spd": 85, "spe": 85}, "ivs": {"hp": 31, "atk": 31, "def": 31, "spa": 31, "spd": 31, "spe": 31}, "item": "Choice Band", "teraType": "Fire", "role": "Wallbreaker", "bvs": {"hp": 80, "atk": 116, "def": 75, "spa": 65, "spd": 75, "spe": 119}, "stats": {"hp": 249, "atk": 223, "def": 160, "spa": 145, "spd": 160, "spe": 228}, "types": ["Fire"]}}]}