{"id": "gen9randombattle-2641689333", "format": "[Gen 9] Random Battle", "players": ["kheladi7", "FantasyWind"], "log": "|j|\u2606kheladi7\n|j|\u203dFantasyWind\n|t:|1782830115\n|gametype|singles\n|player|p1|kheladi7|barry|2049\n|player|p2|FantasyWind|rosa|2123\n|gen|9\n|tier|[Gen 9] Random Battle\n|rated|\n|rule|Species Clause: Limit one of each Pok\u00e9mon\n|rule|HP Percentage Mod: HP is shown in percentages\n|rule|Sleep Clause Mod: Limit one foe put to sleep\n|rule|Illusion Level Mod: Illusion disguises the Pok\u00e9mon's true level\n|\n|t:|1782830115\n|teamsize|p1|6\n|teamsize|p2|6\n|start\n|switch|p1a: Cryogonal|Cryogonal, L89|287/287\n|switch|p2a: Sableye|Sableye, L88, F|231/231\n|turn|1\n|inactive|Battle timer is ON: inactive players will automatically lose when time's up. (requested by FantasyWind)\n|inactive|kheladi7 has 120 seconds left.\n|inactive|kheladi7 has 90 seconds left.\n|\n|t:|1782830193\n|switch|p1a: Breloom|Breloom, L83, M|235/235\n|move|p2a: Sableye|Knock Off|p1a: Breloom\n|-resisted|p1a: Breloom\n|-crit|p1a: Breloom\n|-damage|p1a: Breloom|163/235\n|-enditem|p1a: Breloom|Life Orb|[from] move: Knock Off|[of] p2a: Sableye\n|\n|upkeep\n|turn|2\n|\n|t:|1782830208\n|move|p2a: Sableye|Will-O-Wisp|p1a: Breloom\n|-status|p1a: Breloom|brn\n|move|p1a: Breloom|Bullet Seed|p2a: Sableye\n|-damage|p2a: Sableye|204/231\n|-damage|p2a: Sableye|176/231\n|-damage|p2a: Sableye|150/231\n|-hitcount|p2a: Sableye|3\n|\n|-heal|p2a: Sableye|164/231|[from] item: Leftovers\n|-damage|p1a: Breloom|149/235 brn|[from] brn\n|upkeep\n|turn|3\n|inactive|kheladi7 has 120 seconds left.\n|\n|t:|1782830262\n|switch|p2a: Banette|Banette, L93, M|270/270\n|move|p1a: Breloom|Rock Tomb|p2a: Banette\n|-damage|p2a: Banette|229/270\n|-unboost|p2a: Banette|spe|1\n|\n|-damage|p1a: Breloom|135/235 brn|[from] brn\n|upkeep\n|turn|4\n|\n|t:|1782830270\n|move|p2a: Banette|Shadow Sneak|p1a: Breloom\n|-damage|p1a: Breloom|44/235 brn\n|-damage|p2a: Banette|202/270|[from] item: Life Orb\n|move|p1a: Breloom|Bullet Seed|p2a: Banette\n|-damage|p2a: Banette|175/270\n|-damage|p2a: Banette|148/270\n|-hitcount|p2a: Banette|2\n|\n|-damage|p1a: Breloom|30/235 brn|[from] brn\n|upkeep\n|turn|5\n|\n|t:|1782830279\n|move|p2a: Banette|Shadow Sneak|p1a: Breloom\n|-damage|p1a: Breloom|0 fnt\n|faint|p1a: Breloom\n|-damage|p2a: Banette|121/270|[from] item: Life Orb\n|\n|upkeep\n|\n|t:|1782830293\n|switch|p1a: Regirock|Regirock, L83|268/268\n|turn|6\n|\n|t:|1782830299\n|switch|p2a: Alomomola|Alomomola, L87, F|429/429\n|move|p1a: Regirock|Stone Edge|p2a: Alomomola\n|-crit|p2a: Alomomola\n|-damage|p2a: Alomomola|263/429\n|\n|upkeep\n|turn|7\n|\n|t:|1782830305\n|switch|p1a: Volcanion|Volcanion, L79|255/255\n|move|p2a: Alomomola|Scald|p1a: Volcanion\n|-immune|p1a: Volcanion|[from] ability: Water Absorb\n|\n|upkeep\n|turn|8\n|inactive|kheladi7 has 120 seconds left.\n|\n|t:|1782830314\n|switch|p2a: Mightyena|Mightyena, L96, M|290/290\n|-ability|p2a: Mightyena|Intimidate|boost\n|-unboost|p1a: Volcanion|atk|1\n|move|p1a: Volcanion|Flame Charge|p2a: Mightyena\n|-damage|p2a: Mightyena|250/290\n|-boost|p1a: Volcanion|spe|1\n|\n|-heal|p2a: Mightyena|268/290|[from] item: Leftovers\n|upkeep\n|turn|9\n|\n|t:|1782830324\n|move|p1a: Volcanion|Steam Eruption|p2a: Mightyena\n|-damage|p2a: Mightyena|121/290\n|-status|p2a: Mightyena|brn\n|move|p2a: Mightyena|Poison Fang|p1a: Volcanion\n|-damage|p1a: Volcanion|236/255\n|\n|-heal|p2a: Mightyena|139/290 brn|[from] item: Leftovers\n|-damage|p2a: Mightyena|121/290 brn|[from] brn\n|upkeep\n|turn|10\n|\n|t:|1782830333\n|move|p1a: Volcanion|Steam Eruption|p2a: Mightyena\n|-damage|p2a: Mightyena|0 fnt\n|faint|p2a: Mightyena\n|\n|upkeep\n|\n|t:|1782830351\n|switch|p2a: Hippowdon|Hippowdon, L82, F|311/311\n|-weather|Sandstorm|[from] ability: Sand Stream|[of] p2a: Hippowdon\n|turn|11\n|inactive|kheladi7 has 120 seconds left.\n|\n|t:|1782830379\n|move|p1a: Volcanion|Steam Eruption|p2a: Hippowdon\n|-supereffective|p2a: Hippowdon\n|-damage|p2a: Hippowdon|0 fnt\n|faint|p2a: Hippowdon\n|\n|-weather|Sandstorm|[upkeep]\n|-damage|p1a: Volcanion|221/255|[from] Sandstorm\n|upkeep\n|\n|t:|1782830394\n|switch|p2a: Sableye|Sableye, L88, F|164/231\n|turn|12\n|\n|t:|1782830397\n|move|p1a: Volcanion|Steam Eruption|p2a: Sableye\n|-damage|p2a: Sableye|5/231\n|move|p2a: Sableye|Knock Off|p1a: Volcanion\n|-damage|p1a: Volcanion|145/255\n|-enditem|p1a: Volcanion|Assault Vest|[from] move: Knock Off|[of] p2a: Sableye\n|\n|-weather|Sandstorm|[upkeep]\n|-damage|p1a: Volcanion|130/255|[from] Sandstorm\n|-damage|p2a: Sableye|0 fnt|[from] Sandstorm\n|faint|p2a: Sableye\n|upkeep\n|\n|t:|1782830403\n|switch|p2a: Banette|Banette, L93, M|121/270\n|turn|13\n|\n|t:|1782830409\n|move|p2a: Banette|Shadow Sneak|p1a: Volcanion\n|-damage|p1a: Volcanion|62/255\n|-damage|p2a: Banette|94/270|[from] item: Life Orb\n|move|p1a: Volcanion|Steam Eruption|p2a: Banette\n|-damage|p2a: Banette|0 fnt\n|faint|p2a: Banette\n|\n|-weather|Sandstorm|[upkeep]\n|-damage|p1a: Volcanion|47/255|[from] Sandstorm\n|upkeep\n|c|\u2606kheladi7|are you even trying\n|\n|t:|1782830415\n|switch|p2a: Wugtrio|Wugtrio, L91, M|212/212\n|turn|14\n|\n|t:|1782830420\n|switch|p1a: Cryogonal|Cryogonal, L89|287/287\n|move|p2a: Wugtrio|Throat Chop|p1a: Cryogonal\n|-damage|p1a: Cryogonal|141/287\n|-start|p1a: Cryogonal|Throat Chop|[silent]\n|\n|-weather|Sandstorm|[upkeep]\n|-damage|p2a: Wugtrio|199/212|[from] Sandstorm\n|-damage|p1a: Cryogonal|124/287|[from] Sandstorm\n|upkeep\n|turn|15\n|\n|t:|1782830430\n|switch|p1a: Dudunsparce|Dudunsparce, L83, M|343/343\n|move|p2a: Wugtrio|Throat Chop|p1a: Dudunsparce\n|-damage|p1a: Dudunsparce|223/343\n|-start|p1a: Dudunsparce|Throat Chop|[silent]\n|\n|-weather|none\n|-heal|p1a: Dudunsparce|244/343|[from] item: Leftovers\n|upkeep\n|turn|16\n|\n|t:|1782830437\n|switch|p2a: Alomomola|Alomomola, L87, F|406/429\n|move|p1a: Dudunsparce|Glare|p2a: Alomomola\n|-status|p2a: Alomomola|par\n|\n|-heal|p1a: Dudunsparce|265/343|[from] item: Leftovers\n|-end|p1a: Dudunsparce|Throat Chop|[silent]\n|upkeep\n|turn|17\n|\n|t:|1782830445\n|switch|p1a: Cryogonal|Cryogonal, L89|124/287\n|cant|p2a: Alomomola|par\n|\n|upkeep\n|turn|18\n|\n|t:|1782830449\n|move|p1a: Cryogonal|Freeze-Dry|p2a: Alomomola\n|-supereffective|p2a: Alomomola\n|-damage|p2a: Alomomola|166/429 par\n|move|p2a: Alomomola|Wish|p2a: Alomomola\n|\n|upkeep\n|turn|19\n|\n|t:|1782830454\n|switch|p2a: Wugtrio|Wugtrio, L91, M|199/212\n|move|p1a: Cryogonal|Freeze-Dry|p2a: Wugtrio\n|-supereffective|p2a: Wugtrio\n|-damage|p2a: Wugtrio|29/212\n|\n|-heal|p2a: Wugtrio|212/212|[from] move: Wish|[wisher] Alomomola\n|upkeep\n|turn|20\n|\n|t:|1782830463\n|switch|p1a: Regirock|Regirock, L83|268/268\n|move|p2a: Wugtrio|Throat Chop|p1a: Regirock\n|-damage|p1a: Regirock|211/268\n|-start|p1a: Regirock|Throat Chop|[silent]\n|\n|-heal|p1a: Regirock|227/268|[from] item: Leftovers\n|upkeep\n|turn|21\n|\n|t:|1782830470\n|switch|p2a: Alomomola|Alomomola, L87, F|309/429 par\n|move|p1a: Regirock|Iron Defense|p1a: Regirock\n|-boost|p1a: Regirock|def|2\n|\n|-heal|p1a: Regirock|243/268|[from] item: Leftovers\n|-end|p1a: Regirock|Throat Chop|[silent]\n|upkeep\n|turn|22\n|\n|t:|1782830477\n|move|p1a: Regirock|Iron Defense|p1a: Regirock\n|-boost|p1a: Regirock|def|2\n|cant|p2a: Alomomola|par\n|\n|-heal|p1a: Regirock|259/268|[from] item: Leftovers\n|upkeep\n|turn|23\n|\n|t:|1782830483\n|move|p1a: Regirock|Body Press|p2a: Alomomola\n|-damage|p2a: Alomomola|0 fnt\n|faint|p2a: Alomomola\n|\n|-heal|p1a: Regirock|268/268|[from] item: Leftovers\n|upkeep\n|-message|FantasyWind forfeited.\n|\n|win|kheladi7\n", "inputlog": ">version f8ac14003a5f27e1bdc8d8c59608a773c1cb96e5\n>start {\"formatid\":\"gen9randombattle\",\"seed\":\"sodium,22070b80a1a9fe4de1225cd849521152\",\"rated\":\"Rated battle\"}\n>player p1 {\"name\":\"kheladi7\",\"avatar\":\"barry\",\"rating\":2049,\"seed\":\"sodium,8ce2db36ec8e77cd64df1a3fd2b5ebc8\"}\n>player p2 {\"name\":\"FantasyWind\",\"avatar\":\"rosa\",\"rating\":2123,\"seed\":\"sodium,aeba25450621b7f628828073eaecd432\"}\n>p1 switch 4\n>p2 move knockoff\n>p1 move bulletseed\n>p2 move willowisp\n>p1 move rocktomb\n>p2 switch 6\n>p1 move bulletseed\n>p2 move shadowsneak\n>p1 move rocktomb\n>p2 move shadowsneak\n>p1 switch 5\n>p1 move stoneedge\n>p2 switch 5\n>p1 switch 6\n>p2 move scald\n>p1 move flamecharge\n>p2 switch 4\n>p1 move steameruption\n>p2 move poisonfang\n>p1 move steameruption\n>p2 move poisonfang\n>p2 switch 2\n>p1 move steameruption\n>p2 move earthquake\n>p2 switch 6\n>p1 move steameruption\n>p2 move knockoff\n>p2 switch 5\n>p1 move steameruption\n>p2 move shadowsneak\n>chat \u2606kheladi7|are you even trying\n>p2 switch 3\n>p1 switch 4\n>p2 move throatchop\n>p1 switch 2\n>p2 move throatchop\n>p1 move glare\n>p2 switch 4\n>p1 switch 2\n>p2 move wish\n>p1 move freezedry\n>p2 move wish\n>p1 move freezedry\n>p2 switch 4\n>p1 switch 6\n>p2 move throatchop\n>p1 move irondefense\n>p2 switch 4\n>p1 move irondefense\n>p2 move scald\n>p1 move bodypress\n>p2 move scald\n>forcelose p2", "uploadtime": 1782830118, "views": 3, "formatid": "gen9randombattle", "rating": null, "private": 0, "password": null, "player_dets": [{"name": "kheladi7", "avatar": "barry", "rating": 2049, "seed": "sodium,8ce2db36ec8e77cd64df1a3fd2b5ebc8"}, {"name": "FantasyWind", "avatar": "rosa", "rating": 2123, "seed": "sodium,aeba25450621b7f628828073eaecd432"}], "teams_full": [{"Cryogonal": {"name": "Cryogonal", "species": "Cryogonal", "speciesId": "cryogonal", "gender": "N", "shiny": false, "level": 89, "moves": ["rapidspin", "recover", "haze", "freezedry"], "ability": "Levitate", "evs": {"hp": 85, "atk": 85, "def": 85, "spa": 85, "spd": 85, "spe": 85}, "ivs": {"hp": 31, "atk": 31, "def": 31, "spa": 31, "spd": 31, "spe": 31}, "item": "Heavy-Duty Boots", "teraType": "Steel", "role": "Bulky Support", "bvs": {"hp": 80, "atk": 50, "def": 50, "spa": 95, "spd": 135, "spe": 105}, "stats": {"hp": 287, "atk": 140, "def": 140, "spa": 220, "spd": 291, "spe": 238}, "types": ["Ice"]}, "Dudunsparce": {"name": "Dudunsparce", "species": "Dudunsparce", "speciesId": "dudunsparce", "gender": "M", "shiny": false, "level": 83, "moves": ["roost", "earthquake", "headbutt", "glare"], "ability": "Serene Grace", "evs": {"hp": 85, "atk": 85, "def": 85, "spa": 85, "spd": 85, "spe": 85}, "ivs": {"hp": 31, "atk": 31, "def": 31, "spa": 31, "spd": 31, "spe": 31}, "item": "Leftovers", "teraType": "Ground", "role": "Bulky Support", "bvs": {"hp": 125, "atk": 100, "def": 80, "spa": 85, "spd": 75, "spe": 55}, "stats": {"hp": 343, "atk": 214, "def": 180, "spa": 189, "spd": 172, "spe": 139}, "types": ["Normal"]}, "Ho-Oh": {"name": "Ho-Oh", "species": "Ho-Oh", "speciesId": "hooh", "gender": "N", "shiny": false, "level": 71, "moves": ["recover", "sacredfire", "bravebird", "earthquake"], "ability": "Regenerator", "evs": {"hp": 85, "atk": 85, "def": 85, "spa": 85, "spd": 85, "spe": 85}, "ivs": {"hp": 31, "atk": 31, "def": 31, "spa": 31, "spd": 31, "spe": 31}, "item": "Heavy-Duty Boots", "teraType": "Ground", "role": "Bulky Attacker", "bvs": {"hp": 106, "atk": 130, "def": 90, "spa": 110, "spd": 154, "spe": 90}, "stats": {"hp": 268, "atk": 226, "def": 169, "spa": 198, "spd": 260, "spe": 169}, "types": ["Fire", "Flying"]}, "Breloom": {"name": "Breloom", "species": "Breloom", "speciesId": "breloom", "gender": "M", "shiny": false, "level": 83, "moves": ["machpunch", "bulletseed", "swordsdance", "rocktomb"], "ability": "Technician", "evs": {"hp": 85, "atk": 85, "def": 85, "spa": 85, "spd": 85, "spe": 85}, "ivs": {"hp": 31, "atk": 31, "def": 31, "spa": 31, "spd": 31, "spe": 31}, "item": "Life Orb", "teraType": "Fighting", "role": "Fast Attacker", "bvs": {"hp": 60, "atk": 130, "def": 80, "spa": 60, "spd": 60, "spe": 70}, "stats": {"hp": 235, "atk": 263, "def": 180, "spa": 147, "spd": 147, "spe": 164}, "types": ["Grass", "Fighting"]}, "Regirock": {"name": "Regirock", "species": "Regirock", "speciesId": "regirock", "gender": "N", "shiny": false, "level": 83, "moves": ["thunderwave", "irondefense", "bodypress", "stoneedge"], "ability": "Clear Body", "evs": {"hp": 85, "atk": 85, "def": 85, "spa": 85, "spd": 85, "spe": 85}, "ivs": {"hp": 31, "atk": 31, "def": 31, "spa": 31, "spd": 31, "spe": 31}, "item": "Leftovers", "teraType": "Fighting", "role": "Bulky Attacker", "bvs": {"hp": 80, "atk": 100, "def": 200, "spa": 50, "spd": 100, "spe": 50}, "stats": {"hp": 268, "atk": 214, "def": 380, "spa": 131, "spd": 214, "spe": 131}, "types": ["Rock"]}, "Volcanion": {"name": "Volcanion", "species": "Volcanion", "speciesId": "volcanion", "gender": "N", "shiny": false, "level": 79, "moves": ["flamecharge", "flamethrower", "sludgebomb", "steameruption"], "ability": "Water Absorb", "evs": {"hp": 81, "atk": 85, "def": 85, "spa": 85, "spd": 85, "spe": 85}, "ivs": {"hp": 31, "atk": 31, "def": 31, "spa": 31, "spd": 31, "spe": 31}, "item": "Assault Vest", "teraType": "Fire", "role": "Bulky Attacker", "bvs": {"hp": 80, "atk": 110, "def": 120, "spa": 130, "spd": 90, "spe": 70}, "stats": {"hp": 255, "atk": 219, "def": 235, "spa": 251, "spd": 188, "spe": 156}, "types": ["Fire", "Water"]}}, {"Sableye": {"name": "Sableye", "species": "Sableye", "speciesId": "sableye", "gender": "F", "shiny": false, "level": 88, "moves": ["encore", "willowisp", "knockoff", "recover"], "ability": "Prankster", "evs": {"hp": 85, "atk": 85, "def": 85, "spa": 85, "spd": 85, "spe": 85}, "ivs": {"hp": 31, "atk": 31, "def": 31, "spa": 31, "spd": 31, "spe": 31}, "item": "Leftovers", "teraType": "Steel", "role": "Bulky Support", "bvs": {"hp": 50, "atk": 75, "def": 75, "spa": 65, "spd": 65, "spe": 50}, "stats": {"hp": 231, "atk": 182, "def": 182, "spa": 165, "spd": 165, "spe": 138}, "types": ["Dark", "Ghost"]}, "Hippowdon": {"name": "Hippowdon", "species": "Hippowdon", "speciesId": "hippowdon", "gender": "F", "shiny": false, "level": 82, "moves": ["slackoff", "stoneedge", "curse", "earthquake"], "ability": "Sand Stream", "evs": {"hp": 85, "atk": 85, "def": 85, "spa": 85, "spd": 85, "spe": 85}, "ivs": {"hp": 31, "atk": 31, "def": 31, "spa": 31, "spd": 31, "spe": 31}, "item": "Leftovers", "teraType": "Rock", "role": "Bulky Setup", "bvs": {"hp": 108, "atk": 112, "def": 118, "spa": 68, "spd": 72, "spe": 47}, "stats": {"hp": 311, "atk": 231, "def": 241, "spa": 159, "spd": 165, "spe": 124}, "types": ["Ground"]}, "Wugtrio": {"name": "Wugtrio", "species": "Wugtrio", "speciesId": "wugtrio", "gender": "M", "shiny": false, "level": 91, "moves": ["aquajet", "liquidation", "throatchop", "stompingtantrum"], "ability": "Gooey", "evs": {"hp": 85, "atk": 85, "def": 85, "spa": 85, "spd": 85, "spe": 85}, "ivs": {"hp": 31, "atk": 31, "def": 31, "spa": 31, "spd": 31, "spe": 31}, "item": "Choice Band", "teraType": "Ground", "role": "Fast Attacker", "bvs": {"hp": 35, "atk": 100, "def": 50, "spa": 50, "spd": 70, "spe": 120}, "stats": {"hp": 212, "atk": 234, "def": 143, "spa": 143, "spd": 179, "spe": 270}, "types": ["Water"]}, "Mightyena": {"name": "Mightyena", "species": "Mightyena", "speciesId": "mightyena", "gender": "M", "shiny": false, "level": 96, "moves": ["throatchop", "poisonfang", "taunt", "suckerpunch"], "ability": "Intimidate", "evs": {"hp": 85, "atk": 85, "def": 85, "spa": 85, "spd": 85, "spe": 85}, "ivs": {"hp": 31, "atk": 31, "def": 31, "spa": 31, "spd": 31, "spe": 31}, "item": "Leftovers", "teraType": "Poison", "role": "Bulky Attacker", "bvs": {"hp": 70, "atk": 90, "def": 70, "spa": 60, "spd": 60, "spe": 70}, "stats": {"hp": 290, "atk": 227, "def": 189, "spa": 170, "spd": 170, "spe": 189}, "types": ["Dark"]}, "Alomomola": {"name": "Alomomola", "species": "Alomomola", "speciesId": "alomomola", "gender": "F", "shiny": false, "level": 87, "moves": ["flipturn", "scald", "wish", "protect"], "ability": "Regenerator", "evs": {"hp": 85, "atk": 85, "def": 85, "spa": 85, "spd": 85, "spe": 85}, "ivs": {"hp": 31, "atk": 31, "def": 31, "spa": 31, "spd": 31, "spe": 31}, "item": "Heavy-Duty Boots", "teraType": "Steel", "role": "Fast Support", "bvs": {"hp": 165, "atk": 75, "def": 80, "spa": 40, "spd": 45, "spe": 65}, "stats": {"hp": 429, "atk": 180, "def": 189, "spa": 119, "spd": 128, "spe": 163}, "types": ["Water"]}, "Banette": {"name": "Banette", "species": "Banette", "speciesId": "banette", "gender": "M", "shiny": false, "level": 93, "moves": ["shadowsneak", "thunderwave", "poltergeist", "gunkshot"], "ability": "Insomnia", "evs": {"hp": 85, "atk": 85, "def": 85, "spa": 85, "spd": 85, "spe": 85}, "ivs": {"hp": 31, "atk": 31, "def": 31, "spa": 31, "spd": 31, "spe": 31}, "item": "Life Orb", "teraType": "Poison", "role": "Wallbreaker", "bvs": {"hp": 64, "atk": 115, "def": 65, "spa": 83, "spd": 63, "spe": 65}, "stats": {"hp": 270, "atk": 267, "def": 174, "spa": 207, "spd": 170, "spe": 174}, "types": ["Ghost"]}}]}