{"id": "gen9randombattle-2641069835", "format": "[Gen 9] Random Battle", "players": ["nortonaf", "Third Mo0n"], "log": "|j|\u2606nortonaf\n|j|\u2606Third Mo0n\n|t:|1782735917\n|gametype|singles\n|player|p1|nortonaf|pokekid|1989\n|player|p2|Third Mo0n|plasmagrunt|1971\n|gen|9\n|tier|[Gen 9] Random Battle\n|rated|\n|rule|Species Clause: Limit one of each Pok\u00e9mon\n|rule|HP Percentage Mod: HP is shown in percentages\n|rule|Sleep Clause Mod: Limit one foe put to sleep\n|rule|Illusion Level Mod: Illusion disguises the Pok\u00e9mon's true level\n|\n|t:|1782735917\n|teamsize|p1|6\n|teamsize|p2|6\n|start\n|switch|p1a: Wugtrio|Wugtrio, L91, F|212/212\n|switch|p2a: Sunflora|Sunflora, M|312/312\n|turn|1\n|inactive|Battle timer is ON: inactive players will automatically lose when time's up. (requested by Third Mo0n)\n|\n|t:|1782735926\n|switch|p1a: Arcanine|Arcanine, L84, M|288/288\n|-ability|p1a: Arcanine|Intimidate|boost\n|-unboost|p2a: Sunflora|atk|1\n|move|p2a: Sunflora|Sunny Day|p2a: Sunflora\n|-weather|SunnyDay\n|\n|-weather|SunnyDay|[upkeep]\n|upkeep\n|turn|2\n|\n|t:|1782735942\n|switch|p2a: Oinkologne|Oinkologne, L92, M|352/352\n|move|p1a: Arcanine|Flare Blitz|p2a: Oinkologne\n|-damage|p2a: Oinkologne|237/352\n|-damage|p1a: Arcanine|250/288|[from] Recoil\n|\n|-weather|SunnyDay|[upkeep]\n|-heal|p2a: Oinkologne|259/352|[from] item: Leftovers\n|upkeep\n|turn|3\n|\n|t:|1782735951\n|move|p1a: Arcanine|Close Combat|p2a: Oinkologne\n|-supereffective|p2a: Oinkologne\n|-damage|p2a: Oinkologne|77/352\n|-unboost|p1a: Arcanine|def|1\n|-unboost|p1a: Arcanine|spd|1\n|move|p2a: Oinkologne|Curse|p2a: Oinkologne\n|-unboost|p2a: Oinkologne|spe|1\n|-boost|p2a: Oinkologne|atk|1\n|-boost|p2a: Oinkologne|def|1\n|\n|-weather|SunnyDay|[upkeep]\n|-heal|p2a: Oinkologne|99/352|[from] item: Leftovers\n|upkeep\n|turn|4\n|\n|t:|1782735962\n|move|p1a: Arcanine|Close Combat|p2a: Oinkologne\n|-supereffective|p2a: Oinkologne\n|-damage|p2a: Oinkologne|0 fnt\n|-unboost|p1a: Arcanine|def|1\n|-unboost|p1a: Arcanine|spd|1\n|faint|p2a: Oinkologne\n|\n|-weather|SunnyDay|[upkeep]\n|upkeep\n|\n|t:|1782735969\n|switch|p2a: Sunflora|Sunflora, M|312/312\n|turn|5\n|\n|t:|1782735974\n|switch|p1a: Decidueye|Decidueye-Hisui, L87, F|295/295\n|move|p2a: Sunflora|Earth Power|p1a: Decidueye\n|-resisted|p1a: Decidueye\n|-damage|p1a: Decidueye|240/295\n|-damage|p2a: Sunflora|281/312|[from] item: Life Orb\n|\n|-weather|none\n|-heal|p1a: Decidueye|258/295|[from] item: Leftovers\n|upkeep\n|turn|6\n|\n|t:|1782735988\n|switch|p1a: Arcanine|Arcanine, L84, M|250/288\n|-ability|p1a: Arcanine|Intimidate|boost\n|-unboost|p2a: Sunflora|atk|1\n|switch|p2a: Victreebel|Victreebel, L90, F|290/290\n|\n|upkeep\n|turn|7\n|\n|t:|1782735998\n|move|p1a: Arcanine|Flare Blitz|p2a: Victreebel\n|-supereffective|p2a: Victreebel\n|-damage|p2a: Victreebel|0 fnt\n|faint|p2a: Victreebel\n|-damage|p1a: Arcanine|154/288|[from] Recoil\n|\n|upkeep\n|\n|t:|1782736003\n|switch|p2a: Golduck|Golduck, L90, M|290/290\n|-ability|p2a: Golduck|Cloud Nine\n|turn|8\n|\n|t:|1782736013\n|switch|p1a: Gumshoos|Gumshoos, L95, M|321/321\n|move|p2a: Golduck|Nasty Plot|p2a: Golduck\n|-boost|p2a: Golduck|spa|2\n|\n|upkeep\n|turn|9\n|\n|t:|1782736019\n|move|p2a: Golduck|Hydro Pump|p1a: Gumshoos|[miss]\n|-miss|p2a: Golduck|p1a: Gumshoos\n|move|p1a: Gumshoos|Double-Edge|p2a: Golduck\n|-damage|p2a: Golduck|25/290\n|-damage|p1a: Gumshoos|234/321|[from] Recoil\n|\n|-heal|p2a: Golduck|43/290|[from] item: Leftovers\n|upkeep\n|turn|10\n|c|\u2606Third Mo0n|ok\n|\n|t:|1782736028\n|move|p2a: Golduck|Hydro Pump|p1a: Gumshoos\n|-damage|p1a: Gumshoos|0 fnt\n|faint|p1a: Gumshoos\n|\n|-heal|p2a: Golduck|61/290|[from] item: Leftovers\n|upkeep\n|\n|t:|1782736038\n|switch|p1a: Arcanine|Arcanine, L84, M|154/288\n|-ability|p1a: Arcanine|Intimidate|boost\n|-unboost|p2a: Golduck|atk|1\n|turn|11\n|\n|t:|1782736042\n|move|p1a: Arcanine|Close Combat|p2a: Golduck\n|-damage|p2a: Golduck|0 fnt\n|-unboost|p1a: Arcanine|def|1\n|-unboost|p1a: Arcanine|spd|1\n|faint|p2a: Golduck\n|\n|upkeep\n|\n|t:|1782736048\n|switch|p2a: Falinks|Falinks, L84|246/246\n|turn|12\n|\n|t:|1782736051\n|switch|p1a: Pecharunt|Pecharunt, L77|262/262\n|move|p2a: Falinks|No Retreat|p2a: Falinks\n|-boost|p2a: Falinks|atk|1\n|-boost|p2a: Falinks|def|1\n|-boost|p2a: Falinks|spa|1\n|-boost|p2a: Falinks|spd|1\n|-boost|p2a: Falinks|spe|1\n|-start|p2a: Falinks|move: No Retreat\n|\n|upkeep\n|turn|13\n|\n|t:|1782736060\n|-terastallize|p2a: Falinks|Dark\n|move|p2a: Falinks|Knock Off|p1a: Pecharunt\n|-supereffective|p1a: Pecharunt\n|-damage|p1a: Pecharunt|0 fnt\n|-enditem|p1a: Pecharunt|Leftovers|[from] move: Knock Off|[of] p2a: Falinks\n|faint|p1a: Pecharunt\n|-damage|p2a: Falinks|222/246|[from] item: Life Orb\n|\n|upkeep\n|\n|t:|1782736067\n|switch|p1a: Decidueye|Decidueye-Hisui, L87, F|258/295\n|turn|14\n|\n|t:|1782736072\n|move|p2a: Falinks|Close Combat|p1a: Decidueye\n|-damage|p1a: Decidueye|0 fnt\n|-unboost|p2a: Falinks|def|1\n|-unboost|p2a: Falinks|spd|1\n|faint|p1a: Decidueye\n|-damage|p2a: Falinks|198/246|[from] item: Life Orb\n|\n|upkeep\n|\n|t:|1782736078\n|switch|p1a: Wugtrio|Wugtrio, L91, F|212/212\n|turn|15\n|\n|t:|1782736085\n|move|p1a: Wugtrio|Liquidation|p2a: Falinks\n|-damage|p2a: Falinks|62/246\n|-unboost|p2a: Falinks|def|1\n|-ability|p2a: Falinks|Defiant|boost\n|-boost|p2a: Falinks|atk|2\n|move|p2a: Falinks|Close Combat|p1a: Wugtrio\n|-damage|p1a: Wugtrio|0 fnt\n|-unboost|p2a: Falinks|def|1\n|-unboost|p2a: Falinks|spd|1\n|-ability|p1a: Wugtrio|Gooey\n|-unboost|p2a: Falinks|spe|1\n|-ability|p2a: Falinks|Defiant|boost\n|-boost|p2a: Falinks|atk|2\n|faint|p1a: Wugtrio\n|-damage|p2a: Falinks|38/246|[from] item: Life Orb\n|\n|upkeep\n|\n|t:|1782736089\n|switch|p1a: Arcanine|Arcanine, L84, M|154/288\n|-ability|p1a: Arcanine|Intimidate|boost\n|-unboost|p2a: Falinks|atk|1\n|-ability|p2a: Falinks|Defiant|boost\n|-boost|p2a: Falinks|atk|2\n|turn|16\n|\n|t:|1782736104\n|move|p1a: Arcanine|Extreme Speed|p2a: Falinks\n|-damage|p2a: Falinks|0 fnt\n|faint|p2a: Falinks\n|\n|upkeep\n|\n|t:|1782736116\n|switch|p2a: Sunflora|Sunflora, M|281/312\n|turn|17\n|\n|t:|1782736120\n|move|p1a: Arcanine|Flare Blitz|p2a: Sunflora\n|-supereffective|p2a: Sunflora\n|-damage|p2a: Sunflora|0 fnt\n|faint|p2a: Sunflora\n|-damage|p1a: Arcanine|61/288|[from] Recoil\n|\n|upkeep\n|\n|t:|1782736125\n|switch|p2a: Zacian|Zacian-Crowned, L64|225/225\n|-ability|p2a: Zacian|Intrepid Sword|boost\n|-boost|p2a: Zacian|atk|1\n|turn|18\n|\n|t:|1782736133\n|move|p2a: Zacian|Close Combat|p1a: Arcanine\n|-damage|p1a: Arcanine|0 fnt\n|-unboost|p2a: Zacian|def|1\n|-unboost|p2a: Zacian|spd|1\n|faint|p1a: Arcanine\n|\n|upkeep\n|\n|t:|1782736135\n|switch|p1a: Iron Boulder|Iron Boulder, L77|265/265\n|-enditem|p1a: Iron Boulder|Booster Energy\n|-activate|p1a: Iron Boulder|ability: Quark Drive|[fromitem]\n|-start|p1a: Iron Boulder|quarkdrivespe\n|turn|19\n|\n|t:|1782736143\n|-terastallize|p1a: Iron Boulder|Fighting\n|move|p1a: Iron Boulder|Swords Dance|p1a: Iron Boulder\n|-boost|p1a: Iron Boulder|atk|2\n|move|p2a: Zacian|Behemoth Blade|p1a: Iron Boulder\n|-damage|p1a: Iron Boulder|108/265\n|\n|upkeep\n|turn|20\n|\n|t:|1782736150\n|move|p1a: Iron Boulder|Close Combat|p2a: Zacian\n|-damage|p2a: Zacian|0 fnt\n|-unboost|p1a: Iron Boulder|def|1\n|-unboost|p1a: Iron Boulder|spd|1\n|faint|p2a: Zacian\n|\n|win|nortonaf\n", "inputlog": ">version 3f8ef8cf60cebd2b18892af2794d10415e14a302\n>start {\"formatid\":\"gen9randombattle\",\"seed\":\"sodium,66a3e9b45492568a5727aa71747d8ca7\",\"rated\":\"Rated battle\"}\n>player p1 {\"name\":\"nortonaf\",\"avatar\":\"pokekid\",\"rating\":1989,\"seed\":\"sodium,b4b5b528a49425e3c60c74ccf8b7297a\"}\n>player p2 {\"name\":\"Third Mo0n\",\"avatar\":\"plasmagrunt\",\"rating\":1971,\"seed\":\"sodium,17c8e411c18430e1219dc6a0eccd5bb7\"}\n>p1 switch 2\n>p2 move sunnyday\n>p1 move flareblitz\n>p2 switch 6\n>p1 move closecombat\n>p2 move curse\n>p1 move closecombat\n>p2 move doubleedge\n>p2 switch 6\n>p1 switch 5\n>p2 move earthpower\n>p1 switch 5\n>p2 switch 3\n>p1 move flareblitz\n>p2 move poisonjab\n>p2 switch 4\n>p1 switch 3\n>p2 move nastyplot\n>p1 move doubleedge\n>p2 move hydropump\n>chat \u2606Third Mo0n|ok\n>p1 move doubleedge\n>p2 move hydropump\n>p1 switch 3\n>p1 move closecombat\n>p2 move hydropump\n>p2 switch 5\n>p1 switch 6\n>p2 move noretreat\n>p1 move malignantchain\n>p2 move knockoff terastallize\n>p1 switch 5\n>p1 move triplearrows\n>p2 move closecombat\n>p1 switch 2\n>p1 move liquidation\n>p2 move closecombat\n>p1 switch 6\n>p1 move extremespeed\n>p2 move closecombat\n>p2 switch 3\n>p1 move flareblitz\n>p2 move earthpower\n>p2 switch 2\n>p1 move flareblitz\n>p2 move closecombat\n>p1 switch 4\n>p1 move swordsdance terastallize\n>p2 move behemothblade\n>p1 move closecombat\n>p2 move behemothblade", "uploadtime": 1782735919, "views": 4, "formatid": "gen9randombattle", "rating": null, "private": 0, "password": null, "player_dets": [{"name": "nortonaf", "avatar": "pokekid", "rating": 1989, "seed": "sodium,b4b5b528a49425e3c60c74ccf8b7297a"}, {"name": "Third Mo0n", "avatar": "plasmagrunt", "rating": 1971, "seed": "sodium,17c8e411c18430e1219dc6a0eccd5bb7"}], "teams_full": [{"Wugtrio": {"name": "Wugtrio", "species": "Wugtrio", "speciesId": "wugtrio", "gender": "F", "shiny": false, "level": 91, "moves": ["stompingtantrum", "liquidation", "throatchop", "aquajet"], "ability": "Gooey", "evs": {"hp": 85, "atk": 85, "def": 85, "spa": 85, "spd": 85, "spe": 85}, "ivs": {"hp": 31, "atk": 31, "def": 31, "spa": 31, "spd": 31, "spe": 31}, "item": "Choice Band", "teraType": "Water", "role": "Fast Attacker", "bvs": {"hp": 35, "atk": 100, "def": 50, "spa": 50, "spd": 70, "spe": 120}, "stats": {"hp": 212, "atk": 234, "def": 143, "spa": 143, "spd": 179, "spe": 270}, "types": ["Water"]}, "Arcanine": {"name": "Arcanine", "species": "Arcanine", "speciesId": "arcanine", "gender": "M", "shiny": false, "level": 84, "moves": ["flareblitz", "closecombat", "extremespeed", "morningsun"], "ability": "Intimidate", "evs": {"hp": 85, "atk": 85, "def": 85, "spa": 85, "spd": 85, "spe": 85}, "ivs": {"hp": 31, "atk": 31, "def": 31, "spa": 31, "spd": 31, "spe": 31}, "item": "Heavy-Duty Boots", "teraType": "Normal", "role": "Bulky Attacker", "bvs": {"hp": 90, "atk": 110, "def": 80, "spa": 100, "spd": 80, "spe": 95}, "stats": {"hp": 288, "atk": 233, "def": 183, "spa": 216, "spd": 183, "spe": 208}, "types": ["Fire"]}, "Gumshoos": {"name": "Gumshoos", "species": "Gumshoos", "speciesId": "gumshoos", "gender": "M", "shiny": false, "level": 95, "moves": ["uturn", "knockoff", "doubleedge", "earthquake"], "ability": "Stakeout", "evs": {"hp": 85, "atk": 85, "def": 85, "spa": 85, "spd": 85, "spe": 85}, "ivs": {"hp": 31, "atk": 31, "def": 31, "spa": 31, "spd": 31, "spe": 31}, "item": "Choice Band", "teraType": "Normal", "role": "Wallbreaker", "bvs": {"hp": 88, "atk": 110, "def": 60, "spa": 55, "spd": 60, "spe": 45}, "stats": {"hp": 321, "atk": 263, "def": 168, "spa": 158, "spd": 168, "spe": 139}, "types": ["Normal"]}, "Iron Boulder": {"name": "Iron Boulder", "species": "Iron Boulder", "speciesId": "ironboulder", "gender": "N", "shiny": false, "level": 77, "moves": ["swordsdance", "mightycleave", "closecombat", "zenheadbutt"], "ability": "Quark Drive", "evs": {"hp": 85, "atk": 85, "def": 85, "spa": 85, "spd": 85, "spe": 85}, "ivs": {"hp": 31, "atk": 31, "def": 31, "spa": 31, "spd": 31, "spe": 31}, "item": "Booster Energy", "teraType": "Fighting", "role": "Fast Bulky Setup", "bvs": {"hp": 90, "atk": 120, "def": 80, "spa": 68, "spd": 108, "spe": 124}, "stats": {"hp": 265, "atk": 229, "def": 168, "spa": 149, "spd": 211, "spe": 236}, "types": ["Rock", "Psychic"]}, "Decidueye": {"name": "Decidueye", "species": "Decidueye-Hisui", "speciesId": "decidueyehisui", "gender": "F", "shiny": false, "level": 87, "moves": ["roost", "leafblade", "triplearrows", "defog"], "ability": "Scrappy", "evs": {"hp": 85, "atk": 85, "def": 85, "spa": 85, "spd": 85, "spe": 85}, "ivs": {"hp": 31, "atk": 31, "def": 31, "spa": 31, "spd": 31, "spe": 31}, "item": "Leftovers", "teraType": "Steel", "role": "Bulky Attacker", "bvs": {"hp": 88, "atk": 112, "def": 80, "spa": 95, "spd": 95, "spe": 60}, "stats": {"hp": 295, "atk": 245, "def": 189, "spa": 215, "spd": 215, "spe": 154}, "types": ["Grass", "Fighting"]}, "Pecharunt": {"name": "Pecharunt", "species": "Pecharunt", "speciesId": "pecharunt", "gender": "N", "shiny": false, "level": 77, "moves": ["malignantchain", "recover", "partingshot", "shadowball"], "ability": "Poison Puppeteer", "evs": {"hp": 85, "atk": 0, "def": 85, "spa": 85, "spd": 85, "spe": 85}, "ivs": {"hp": 31, "atk": 0, "def": 31, "spa": 31, "spd": 31, "spe": 31}, "item": "Leftovers", "teraType": "Dark", "role": "Bulky Attacker", "bvs": {"hp": 88, "atk": 88, "def": 160, "spa": 88, "spd": 88, "spe": 88}, "stats": {"hp": 262, "atk": 140, "def": 291, "spa": 180, "spd": 180, "spe": 180}, "types": ["Poison", "Ghost"]}}, {"Sunflora": {"name": "Sunflora", "species": "Sunflora", "speciesId": "sunflora", "gender": "M", "shiny": false, "level": 100, "moves": ["weatherball", "sunnyday", "earthpower", "solarbeam"], "ability": "Chlorophyll", "evs": {"hp": 85, "atk": 0, "def": 85, "spa": 85, "spd": 85, "spe": 85}, "ivs": {"hp": 31, "atk": 0, "def": 31, "spa": 31, "spd": 31, "spe": 31}, "item": "Life Orb", "teraType": "Fire", "role": "Setup Sweeper", "bvs": {"hp": 75, "atk": 75, "def": 55, "spa": 105, "spd": 85, "spe": 30}, "stats": {"hp": 312, "atk": 155, "def": 167, "spa": 267, "spd": 227, "spe": 117}, "types": ["Grass"]}, "Zacian": {"name": "Zacian", "species": "Zacian", "speciesId": "zaciancrowned", "gender": "N", "shiny": false, "level": 64, "moves": ["swordsdance", "behemothblade", "playrough", "closecombat"], "ability": "Intrepid Sword", "evs": {"hp": 85, "atk": 85, "def": 85, "spa": 85, "spd": 85, "spe": 85}, "ivs": {"hp": 31, "atk": 31, "def": 31, "spa": 31, "spd": 31, "spe": 31}, "item": "Rusted Sword", "teraType": "Fighting", "role": "Setup Sweeper", "bvs": {"hp": 92, "atk": 150, "def": 115, "spa": 80, "spd": 115, "spe": 148}, "stats": {"hp": 225, "atk": 230, "def": 185, "spa": 140, "spd": 185, "spe": 227}, "types": ["Fairy", "Steel"]}, "Victreebel": {"name": "Victreebel", "species": "Victreebel", "speciesId": "victreebel", "gender": "F", "shiny": false, "level": 90, "moves": ["swordsdance", "poisonjab", "powerwhip", "suckerpunch"], "ability": "Chlorophyll", "evs": {"hp": 85, "atk": 85, "def": 85, "spa": 85, "spd": 85, "spe": 85}, "ivs": {"hp": 31, "atk": 31, "def": 31, "spa": 31, "spd": 31, "spe": 31}, "item": "Life Orb", "teraType": "Dark", "role": "Setup Sweeper", "bvs": {"hp": 80, "atk": 105, "def": 65, "spa": 100, "spd": 70, "spe": 70}, "stats": {"hp": 290, "atk": 240, "def": 168, "spa": 231, "spd": 177, "spe": 177}, "types": ["Grass", "Poison"]}, "Golduck": {"name": "Golduck", "species": "Golduck", "speciesId": "golduck", "gender": "M", "shiny": false, "level": 90, "moves": ["hydropump", "icebeam", "nastyplot", "grassknot"], "ability": "Cloud Nine", "evs": {"hp": 85, "atk": 0, "def": 85, "spa": 85, "spd": 85, "spe": 85}, "ivs": {"hp": 31, "atk": 0, "def": 31, "spa": 31, "spd": 31, "spe": 31}, "item": "Leftovers", "teraType": "Water", "role": "Bulky Setup", "bvs": {"hp": 80, "atk": 82, "def": 78, "spa": 95, "spd": 80, "spe": 85}, "stats": {"hp": 290, "atk": 152, "def": 192, "spa": 222, "spd": 195, "spe": 204}, "types": ["Water"]}, "Falinks": {"name": "Falinks", "species": "Falinks", "speciesId": "falinks", "gender": "N", "shiny": false, "level": 84, "moves": ["closecombat", "knockoff", "noretreat", "ironhead"], "ability": "Defiant", "evs": {"hp": 85, "atk": 85, "def": 85, "spa": 85, "spd": 85, "spe": 85}, "ivs": {"hp": 31, "atk": 31, "def": 31, "spa": 31, "spd": 31, "spe": 31}, "item": "Life Orb", "teraType": "Dark", "role": "Setup Sweeper", "bvs": {"hp": 65, "atk": 100, "def": 100, "spa": 70, "spd": 60, "spe": 75}, "stats": {"hp": 246, "atk": 216, "def": 216, "spa": 166, "spd": 149, "spe": 174}, "types": ["Fighting"]}, "Oinkologne": {"name": "Oinkologne", "species": "Oinkologne", "speciesId": "oinkologne", "gender": "M", "shiny": false, "level": 92, "moves": ["lashout", "doubleedge", "highhorsepower", "curse"], "ability": "Thick Fat", "evs": {"hp": 85, "atk": 85, "def": 85, "spa": 85, "spd": 85, "spe": 85}, "ivs": {"hp": 31, "atk": 31, "def": 31, "spa": 31, "spd": 31, "spe": 31}, "item": "Leftovers", "teraType": "Ground", "role": "Bulky Setup", "bvs": {"hp": 110, "atk": 100, "def": 75, "spa": 59, "spd": 80, "spe": 65}, "stats": {"hp": 352, "atk": 236, "def": 190, "spa": 161, "spd": 200, "spe": 172}, "types": ["Normal"]}}]}