{"id": "gen9randombattle-2641256616", "format": "[Gen 9] Random Battle", "players": ["patelsucks", "testbotcif"], "log": "|j|\u2606patelsucks\n|j|\u2606testbotcif\n|t:|1782759895\n|gametype|singles\n|player|p1|patelsucks|265|1205\n|player|p2|testbotcif|266|1215\n|gen|9\n|tier|[Gen 9] Random Battle\n|rated|\n|rule|Species Clause: Limit one of each Pok\u00e9mon\n|rule|HP Percentage Mod: HP is shown in percentages\n|rule|Sleep Clause Mod: Limit one foe put to sleep\n|rule|Illusion Level Mod: Illusion disguises the Pok\u00e9mon's true level\n|\n|t:|1782759895\n|teamsize|p1|6\n|teamsize|p2|6\n|start\n|switch|p1a: Eiscue|Eiscue, L88, F|274/274\n|switch|p2a: Leavanny|Leavanny, L86, M|269/269\n|turn|1\n|c|\u2606testbotcif|rlhf\n|inactive|Battle timer is ON: inactive players will automatically lose when time's up. (requested by testbotcif)\n|\n|t:|1782759909\n|move|p2a: Leavanny|Bullet Seed|p1a: Eiscue\n|-activate|p1a: Eiscue|ability: Ice Face\n|-damage|p1a: Eiscue|274/274\n|detailschange|p1a: Eiscue|Eiscue-Noice, L88, F\n|-damage|p1a: Eiscue|238/274\n|-damage|p1a: Eiscue|202/274\n|-damage|p1a: Eiscue|168/274\n|-damage|p1a: Eiscue|134/274\n|-enditem|p1a: Eiscue|Sitrus Berry|[eat]\n|-heal|p1a: Eiscue|202/274|[from] item: Sitrus Berry\n|-hitcount|p1a: Eiscue|5\n|move|p1a: Eiscue|Belly Drum|p1a: Eiscue\n|-damage|p1a: Eiscue|65/274\n|-setboost|p1a: Eiscue|atk|6|[from] move: Belly Drum\n|\n|upkeep\n|turn|2\n|\n|t:|1782759925\n|move|p1a: Eiscue|Ice Spinner|p2a: Leavanny\n|-supereffective|p2a: Leavanny\n|-damage|p2a: Leavanny|0 fnt\n|faint|p2a: Leavanny\n|\n|upkeep\n|\n|t:|1782759926\n|switch|p2a: Vigoroth|Vigoroth, L85, F|275/275\n|turn|3\n|c|\u2606patelsucks|glhf\n|\n|t:|1782759934\n|move|p1a: Eiscue|Zen Headbutt|p2a: Vigoroth\n|-damage|p2a: Vigoroth|135/275\n|move|p2a: Vigoroth|Bulk Up|p2a: Vigoroth\n|-boost|p2a: Vigoroth|atk|1\n|-boost|p2a: Vigoroth|def|1\n|\n|upkeep\n|turn|4\n|\n|t:|1782759940\n|move|p1a: Eiscue|Ice Spinner|p2a: Vigoroth\n|-damage|p2a: Vigoroth|0 fnt\n|faint|p2a: Vigoroth\n|\n|upkeep\n|\n|t:|1782759941\n|switch|p2a: Oinkologne|Oinkologne, L92, M|352/352\n|turn|5\n|c|\u2606patelsucks|?\n|c|\u2606patelsucks|why\n|\n|t:|1782759948\n|move|p1a: Eiscue|Zen Headbutt|p2a: Oinkologne\n|-damage|p2a: Oinkologne|148/352\n|cant|p2a: Oinkologne|flinch\n|\n|-heal|p2a: Oinkologne|170/352|[from] item: Leftovers\n|upkeep\n|turn|6\n|\n|t:|1782759954\n|move|p1a: Eiscue|Liquidation|p2a: Oinkologne\n|-damage|p2a: Oinkologne|0 fnt\n|faint|p2a: Oinkologne\n|\n|upkeep\n|\n|t:|1782759955\n|switch|p2a: Grimmsnarl|Grimmsnarl, L83, M|293/293\n|turn|7\n|\n|t:|1782759963\n|move|p2a: Grimmsnarl|Sucker Punch|p1a: Eiscue\n|-damage|p1a: Eiscue|0 fnt\n|faint|p1a: Eiscue\n|\n|upkeep\n|\n|t:|1782759992\n|switch|p1a: Skarmory|Skarmory, L80, F|235/235\n|turn|8\n|\n|t:|1782759996\n|switch|p2a: Misdreavus|Misdreavus, L90, F|254/254\n|move|p1a: Skarmory|Stealth Rock|p2a: Misdreavus\n|-sidestart|p2: testbotcif|move: Stealth Rock\n|\n|upkeep\n|turn|9\n|\n|t:|1782760011\n|move|p2a: Misdreavus|Calm Mind|p2a: Misdreavus\n|-boost|p2a: Misdreavus|spa|1\n|-boost|p2a: Misdreavus|spd|1\n|move|p1a: Skarmory|Whirlwind|p2a: Misdreavus\n|drag|p2a: Grimmsnarl|Grimmsnarl, L83, M|293/293\n|-damage|p2a: Grimmsnarl|257/293|[from] Stealth Rock\n|\n|-heal|p2a: Grimmsnarl|275/293|[from] item: Leftovers\n|upkeep\n|turn|10\n|\n|t:|1782760020\n|move|p2a: Grimmsnarl|Sucker Punch|p1a: Skarmory\n|-damage|p1a: Skarmory|177/235\n|move|p1a: Skarmory|Brave Bird|p2a: Grimmsnarl\n|-crit|p2a: Grimmsnarl\n|-damage|p2a: Grimmsnarl|76/293\n|-damage|p1a: Skarmory|111/235|[from] Recoil\n|\n|-heal|p1a: Skarmory|125/235|[from] item: Leftovers\n|-heal|p2a: Grimmsnarl|94/293|[from] item: Leftovers\n|upkeep\n|turn|11\n|\n|t:|1782760030\n|move|p2a: Grimmsnarl|Sucker Punch|p1a: Skarmory\n|-damage|p1a: Skarmory|65/235\n|move|p1a: Skarmory|Brave Bird|p2a: Grimmsnarl\n|-damage|p2a: Grimmsnarl|0 fnt\n|faint|p2a: Grimmsnarl\n|-damage|p1a: Skarmory|34/235|[from] Recoil\n|\n|-heal|p1a: Skarmory|48/235|[from] item: Leftovers\n|upkeep\n|\n|t:|1782760030\n|switch|p2a: Mismagius|Mismagius, L86, M|243/243\n|-damage|p2a: Mismagius|213/243|[from] Stealth Rock\n|turn|12\n|\n|t:|1782760041\n|move|p2a: Mismagius|Mystical Fire|p1a: Skarmory\n|-supereffective|p1a: Skarmory\n|-damage|p1a: Skarmory|0 fnt\n|faint|p1a: Skarmory\n|\n|upkeep\n|\n|t:|1782760058\n|switch|p1a: Manaphy|Manaphy, L78|284/284\n|turn|13\n|\n|t:|1782760061\n|switch|p2a: Misdreavus|Misdreavus, L90, F|254/254\n|-damage|p2a: Misdreavus|223/254|[from] Stealth Rock\n|move|p1a: Manaphy|Tail Glow|p1a: Manaphy\n|-boost|p1a: Manaphy|spa|3\n|\n|upkeep\n|turn|14\n|\n|t:|1782760068\n|-terastallize|p1a: Manaphy|Water\n|move|p2a: Misdreavus|Will-O-Wisp|p1a: Manaphy\n|-status|p1a: Manaphy|brn\n|move|p1a: Manaphy|Hydro Pump|p2a: Misdreavus\n|-damage|p2a: Misdreavus|0 fnt\n|faint|p2a: Misdreavus\n|\n|-damage|p1a: Manaphy|267/284 brn|[from] brn\n|upkeep\n|\n|t:|1782760069\n|switch|p2a: Mismagius|Mismagius, L86, M|213/243\n|-damage|p2a: Mismagius|183/243|[from] Stealth Rock\n|turn|15\n|\n|t:|1782760085\n|-terastallize|p2a: Mismagius|Ghost\n|move|p2a: Mismagius|Thunderbolt|p1a: Manaphy\n|-supereffective|p1a: Manaphy\n|-damage|p1a: Manaphy|45/284 brn\n|move|p1a: Manaphy|Hydro Pump|p2a: Mismagius\n|-damage|p2a: Mismagius|0 fnt\n|faint|p2a: Mismagius\n|\n|win|patelsucks\n|raw|patelsucks's rating: 1205 &rarr; <strong>1231</strong><br />(+26 for winning)\n|raw|testbotcif's rating: 1215 &rarr; <strong>1189</strong><br />(-26 for losing)\n", "inputlog": ">version f8ac14003a5f27e1bdc8d8c59608a773c1cb96e5\n>start {\"formatid\":\"gen9randombattle\",\"seed\":\"sodium,527fb1cc3ae8e5a94046ac8676542368\",\"rated\":\"Rated battle\"}\n>player p1 {\"name\":\"patelsucks\",\"avatar\":\"265\",\"rating\":1205,\"seed\":\"sodium,caa3f942aec5e79fff3286583c65a3cd\"}\n>player p2 {\"name\":\"testbotcif\",\"avatar\":\"266\",\"rating\":1215,\"seed\":\"sodium,05d004a5b3e965a068d04272e2828ebf\"}\n>chat \u2606testbotcif|rlhf\n>p1 move bellydrum\n>p2 move bulletseed\n>p1 move icespinner\n>p2 move bulletseed\n>p2 switch 3\n>chat \u2606patelsucks|glhf\n>p1 move zenheadbutt\n>p2 move bulkup\n>p1 move icespinner\n>p2 move slackoff\n>p2 switch 2\n>chat \u2606patelsucks|?\n>chat \u2606patelsucks|why\n>p1 move zenheadbutt\n>p2 move bodyslam\n>p1 move liquidation\n>p2 move lashout\n>p2 switch 6\n>p1 move icespinner\n>p2 move suckerpunch\n>p1 switch 3\n>p1 move stealthrock\n>p2 switch 5\n>p1 move whirlwind\n>p2 move calmmind\n>p1 move bravebird\n>p2 move suckerpunch\n>p1 move bravebird\n>p2 move suckerpunch\n>p2 switch 4\n>p1 move whirlwind\n>p2 move mysticalfire\n>p1 switch 6\n>p1 move tailglow\n>p2 switch 5\n>p1 move hydropump terastallize\n>p2 move willowisp\n>p2 switch 5\n>p1 move hydropump\n>p2 move thunderbolt terastallize", "uploadtime": 1782760085, "views": 6, "formatid": "gen9randombattle", "rating": 1189, "private": 0, "password": null, "player_dets": [{"name": "patelsucks", "avatar": "265", "rating": 1205, "seed": "sodium,caa3f942aec5e79fff3286583c65a3cd"}, {"name": "testbotcif", "avatar": "266", "rating": 1215, "seed": "sodium,05d004a5b3e965a068d04272e2828ebf"}], "teams_full": [{"Eiscue": {"name": "Eiscue", "species": "Eiscue", "speciesId": "eiscue", "gender": "F", "shiny": false, "level": 88, "moves": ["zenheadbutt", "icespinner", "bellydrum", "liquidation"], "ability": "Ice Face", "evs": {"hp": 81, "atk": 85, "def": 85, "spa": 85, "spd": 85, "spe": 85}, "ivs": {"hp": 31, "atk": 31, "def": 31, "spa": 31, "spd": 31, "spe": 31}, "item": "Sitrus Berry", "teraType": "Water", "role": "Setup Sweeper", "bvs": {"hp": 75, "atk": 80, "def": 110, "spa": 65, "spd": 90, "spe": 50}, "stats": {"hp": 274, "atk": 191, "def": 244, "spa": 165, "spd": 209, "spe": 138}, "types": ["Ice"]}, "Goodra": {"name": "Goodra", "species": "Goodra", "speciesId": "goodra", "gender": "F", "shiny": false, "level": 85, "moves": ["dracometeor", "fireblast", "scald", "dragontail"], "ability": "Sap Sipper", "evs": {"hp": 85, "atk": 85, "def": 85, "spa": 85, "spd": 85, "spe": 85}, "ivs": {"hp": 31, "atk": 31, "def": 31, "spa": 31, "spd": 31, "spe": 31}, "item": "Assault Vest", "teraType": "Steel", "role": "AV Pivot", "bvs": {"hp": 90, "atk": 100, "def": 70, "spa": 110, "spd": 150, "spe": 80}, "stats": {"hp": 292, "atk": 219, "def": 168, "spa": 236, "spd": 304, "spe": 185}, "types": ["Dragon"]}, "Skarmory": {"name": "Skarmory", "species": "Skarmory", "speciesId": "skarmory", "gender": "F", "shiny": false, "level": 80, "moves": ["roost", "whirlwind", "bravebird", "stealthrock"], "ability": "Sturdy", "evs": {"hp": 85, "atk": 85, "def": 85, "spa": 85, "spd": 85, "spe": 85}, "ivs": {"hp": 31, "atk": 31, "def": 31, "spa": 31, "spd": 31, "spe": 31}, "item": "Leftovers", "teraType": "Dragon", "role": "Bulky Support", "bvs": {"hp": 65, "atk": 80, "def": 140, "spa": 40, "spd": 70, "spe": 70}, "stats": {"hp": 235, "atk": 174, "def": 270, "spa": 110, "spd": 158, "spe": 158}, "types": ["Steel", "Flying"]}, "Glaceon": {"name": "Glaceon", "species": "Glaceon", "speciesId": "glaceon", "gender": "M", "shiny": false, "level": 94, "moves": ["freezedry", "calmmind", "protect", "wish"], "ability": "Ice Body", "evs": {"hp": 85, "atk": 0, "def": 85, "spa": 85, "spd": 85, "spe": 85}, "ivs": {"hp": 31, "atk": 0, "def": 31, "spa": 31, "spd": 31, "spe": 31}, "item": "Heavy-Duty Boots", "teraType": "Water", "role": "Bulky Setup", "bvs": {"hp": 65, "atk": 60, "def": 110, "spa": 130, "spd": 95, "spe": 65}, "stats": {"hp": 275, "atk": 117, "def": 260, "spa": 298, "spd": 232, "spe": 176}, "types": ["Ice"]}, "Noivern": {"name": "Noivern", "species": "Noivern", "speciesId": "noivern", "gender": "M", "shiny": false, "level": 82, "moves": ["boomburst", "uturn", "dracometeor", "hurricane"], "ability": "Infiltrator", "evs": {"hp": 85, "atk": 85, "def": 85, "spa": 85, "spd": 85, "spe": 85}, "ivs": {"hp": 31, "atk": 31, "def": 31, "spa": 31, "spd": 31, "spe": 31}, "item": "Choice Specs", "teraType": "Normal", "role": "Fast Attacker", "bvs": {"hp": 85, "atk": 70, "def": 80, "spa": 97, "spd": 80, "spe": 123}, "stats": {"hp": 274, "atk": 162, "def": 178, "spa": 206, "spd": 178, "spe": 249}, "types": ["Flying", "Dragon"]}, "Manaphy": {"name": "Manaphy", "species": "Manaphy", "speciesId": "manaphy", "gender": "N", "shiny": false, "level": 78, "moves": ["icebeam", "hydropump", "tailglow", "energyball"], "ability": "Hydration", "evs": {"hp": 85, "atk": 0, "def": 85, "spa": 85, "spd": 85, "spe": 85}, "ivs": {"hp": 31, "atk": 0, "def": 31, "spa": 31, "spd": 31, "spe": 31}, "item": "Leftovers", "teraType": "Water", "role": "Bulky Setup", "bvs": {"hp": 100, "atk": 100, "def": 100, "spa": 100, "spd": 100, "spe": 100}, "stats": {"hp": 284, "atk": 161, "def": 201, "spa": 201, "spd": 201, "spe": 201}, "types": ["Water"]}}, {"Leavanny": {"name": "Leavanny", "species": "Leavanny", "speciesId": "leavanny", "gender": "M", "shiny": false, "level": 86, "moves": ["stickyweb", "bulletseed", "knockoff", "tripleaxel"], "ability": "Chlorophyll", "evs": {"hp": 85, "atk": 85, "def": 85, "spa": 85, "spd": 85, "spe": 85}, "ivs": {"hp": 31, "atk": 31, "def": 31, "spa": 31, "spd": 31, "spe": 31}, "item": "Loaded Dice", "teraType": "Rock", "role": "Fast Attacker", "bvs": {"hp": 75, "atk": 103, "def": 80, "spa": 70, "spd": 80, "spe": 92}, "stats": {"hp": 269, "atk": 226, "def": 187, "spa": 170, "spd": 187, "spe": 207}, "types": ["Bug", "Grass"]}, "Oinkologne": {"name": "Oinkologne", "species": "Oinkologne", "speciesId": "oinkologne", "gender": "M", "shiny": false, "level": 92, "moves": ["lashout", "highhorsepower", "curse", "bodyslam"], "ability": "Thick Fat", "evs": {"hp": 85, "atk": 85, "def": 85, "spa": 85, "spd": 85, "spe": 85}, "ivs": {"hp": 31, "atk": 31, "def": 31, "spa": 31, "spd": 31, "spe": 31}, "item": "Leftovers", "teraType": "Ground", "role": "Bulky Setup", "bvs": {"hp": 110, "atk": 100, "def": 75, "spa": 59, "spd": 80, "spe": 65}, "stats": {"hp": 352, "atk": 236, "def": 190, "spa": 161, "spd": 200, "spe": 172}, "types": ["Normal"]}, "Vigoroth": {"name": "Vigoroth", "species": "Vigoroth", "speciesId": "vigoroth", "gender": "F", "shiny": false, "level": 85, "moves": ["slackoff", "bulkup", "earthquake", "bodyslam"], "ability": "Vital Spirit", "evs": {"hp": 85, "atk": 85, "def": 85, "spa": 85, "spd": 85, "spe": 85}, "ivs": {"hp": 31, "atk": 31, "def": 31, "spa": 31, "spd": 31, "spe": 31}, "item": "Eviolite", "teraType": "Ground", "role": "Bulky Attacker", "bvs": {"hp": 80, "atk": 80, "def": 80, "spa": 55, "spd": 55, "spe": 90}, "stats": {"hp": 275, "atk": 185, "def": 185, "spa": 142, "spd": 142, "spe": 202}, "types": ["Normal"]}, "Mismagius": {"name": "Mismagius", "species": "Mismagius", "speciesId": "mismagius", "gender": "M", "shiny": false, "level": 86, "moves": ["mysticalfire", "thunderbolt", "shadowball", "energyball"], "ability": "Levitate", "evs": {"hp": 85, "atk": 0, "def": 85, "spa": 85, "spd": 85, "spe": 85}, "ivs": {"hp": 31, "atk": 0, "def": 31, "spa": 31, "spd": 31, "spe": 31}, "item": "Choice Specs", "teraType": "Ghost", "role": "Wallbreaker", "bvs": {"hp": 60, "atk": 60, "def": 60, "spa": 105, "spd": 105, "spe": 105}, "stats": {"hp": 243, "atk": 108, "def": 152, "spa": 230, "spd": 230, "spe": 230}, "types": ["Ghost"]}, "Misdreavus": {"name": "Misdreavus", "species": "Misdreavus", "speciesId": "misdreavus", "gender": "F", "shiny": false, "level": 90, "moves": ["calmmind", "shadowball", "drainingkiss", "willowisp"], "ability": "Levitate", "evs": {"hp": 85, "atk": 0, "def": 85, "spa": 85, "spd": 85, "spe": 85}, "ivs": {"hp": 31, "atk": 0, "def": 31, "spa": 31, "spd": 31, "spe": 31}, "item": "Eviolite", "teraType": "Fairy", "role": "Bulky Setup", "bvs": {"hp": 60, "atk": 60, "def": 60, "spa": 85, "spd": 85, "spe": 85}, "stats": {"hp": 254, "atk": 113, "def": 159, "spa": 204, "spd": 204, "spe": 204}, "types": ["Ghost"]}, "Grimmsnarl": {"name": "Grimmsnarl", "species": "Grimmsnarl", "speciesId": "grimmsnarl", "gender": "M", "shiny": false, "level": 83, "moves": ["partingshot", "suckerpunch", "spiritbreak", "taunt"], "ability": "Prankster", "evs": {"hp": 85, "atk": 85, "def": 85, "spa": 85, "spd": 85, "spe": 85}, "ivs": {"hp": 31, "atk": 31, "def": 31, "spa": 31, "spd": 31, "spe": 31}, "item": "Leftovers", "teraType": "Steel", "role": "Bulky Attacker", "bvs": {"hp": 95, "atk": 120, "def": 65, "spa": 95, "spd": 75, "spe": 60}, "stats": {"hp": 293, "atk": 247, "def": 156, "spa": 205, "spd": 172, "spe": 147}, "types": ["Dark", "Fairy"]}}]}