{"id": "gen9randombattle-2641519286", "format": "[Gen 9] Random Battle", "players": ["yusei1789", "My Life is Dance \u2764"], "log": "|badge|p2|bronze|gen9randombattle|100-9\n|html|<div class=\"broadcast-red\"><strong>This battle is required to be public due to one or more player having a season medal.</strong><br />During the public phase, you can discuss the state of the ladder <a href=\"/seasondiscussion\">in a special chatroom.</a></div>\n|uhtml|medal-msg|<div class=\"broadcast-blue\">Curious what those medals under the avatar are? PS now has Ladder Seasons! For more information, check out the <a href=\"https://www.smogon.com/forums/threads/3740067/\">thread on Smogon.</a></div>\n|j|\u2606yusei1789\n|j|\u2606My Life is Dance \u2764\n|t:|1782799352\n|gametype|singles\n|player|p1|yusei1789|2|2276\n|player|p2|My Life is Dance \u2764|tierno|2284\n|gen|9\n|tier|[Gen 9] Random Battle\n|rated|\n|rule|Species Clause: Limit one of each Pok\u00e9mon\n|rule|HP Percentage Mod: HP is shown in percentages\n|rule|Sleep Clause Mod: Limit one foe put to sleep\n|rule|Illusion Level Mod: Illusion disguises the Pok\u00e9mon's true level\n|\n|t:|1782799352\n|teamsize|p1|6\n|teamsize|p2|6\n|start\n|switch|p1a: Bisharp|Bisharp, L79, M|232/232\n|switch|p2a: Dachsbun|Dachsbun, L92, F|254/254\n|turn|1\n|inactive|Battle timer is ON: inactive players will automatically lose when time's up. (requested by My Life is Dance \u2764)\n|inactive|yusei1789 also wants the timer to be on.\n|\n|t:|1782799369\n|switch|p1a: Spidops|Spidops, L96, M|271/271\n|move|p2a: Dachsbun|Body Press|p1a: Spidops\n|-resisted|p1a: Spidops\n|-damage|p1a: Spidops|240/271\n|\n|upkeep\n|turn|2\n|\n|t:|1782799391\n|switch|p2a: Espeon|Espeon, L84, M|246/246\n|move|p1a: Spidops|Sticky Web|p2a: Espeon\n|move|p2a: Espeon|Sticky Web|p1a: Spidops|[from] ability: Magic Bounce\n|-sidestart|p1: yusei1789|move: Sticky Web\n|\n|upkeep\n|turn|3\n|\n|t:|1782799405\n|move|p2a: Espeon|Psyshock|p1a: Spidops\n|-damage|p1a: Spidops|95/271\n|move|p1a: Spidops|Knock Off|p2a: Espeon\n|-supereffective|p2a: Espeon\n|-damage|p2a: Espeon|36/246\n|-enditem|p2a: Espeon|Choice Specs|[from] move: Knock Off|[of] p1a: Spidops\n|\n|upkeep\n|turn|4\n|\n|t:|1782799414\n|switch|p1a: Bisharp|Bisharp, L79, M|232/232\n|-activate|p1a: Bisharp|move: Sticky Web\n|-unboost|p1a: Bisharp|spe|1\n|-ability|p1a: Bisharp|Defiant|boost\n|-boost|p1a: Bisharp|atk|2\n|move|p2a: Espeon|Psyshock|p1a: Bisharp\n|-immune|p1a: Bisharp\n|\n|upkeep\n|turn|5\n|inactive|My Life is Dance \u2764 has 120 seconds left.\n|\n|t:|1782799457\n|move|p2a: Espeon|Alluring Voice|p1a: Bisharp\n|-damage|p1a: Bisharp|168/232\n|move|p1a: Bisharp|Iron Head|p2a: Espeon\n|-damage|p2a: Espeon|0 fnt\n|faint|p2a: Espeon\n|\n|upkeep\n|\n|t:|1782799469\n|switch|p2a: Greninja|Greninja, L80, M|219/219\n|turn|6\n|\n|t:|1782799492\n|switch|p1a: Swanna|Swanna, L89, F|278/278\n|move|p2a: Greninja|Will-O-Wisp|p1a: Swanna\n|-status|p1a: Swanna|brn\n|\n|-damage|p1a: Swanna|261/278 brn|[from] brn\n|upkeep\n|turn|7\n|inactive|My Life is Dance \u2764 has 120 seconds left.\n|inactive|My Life is Dance \u2764 has 90 seconds left.\n|\n|t:|1782799537\n|switch|p2a: Dachsbun|Dachsbun, L92, F|254/254\n|move|p1a: Swanna|Defog|p2a: Dachsbun\n|-unboost|p2a: Dachsbun|evasion|1\n|-sideend|p1: yusei1789|Sticky Web|[from] move: Defog|[of] p1a: Swanna\n|\n|-damage|p1a: Swanna|244/278 brn|[from] brn\n|upkeep\n|turn|8\n|\n|t:|1782799547\n|move|p2a: Dachsbun|Play Rough|p1a: Swanna\n|-damage|p1a: Swanna|132/278 brn\n|move|p1a: Swanna|Hydro Pump|p2a: Dachsbun\n|-damage|p2a: Dachsbun|130/254\n|\n|-heal|p2a: Dachsbun|145/254|[from] item: Leftovers\n|-damage|p1a: Swanna|115/278 brn|[from] brn\n|upkeep\n|turn|9\n|inactive|My Life is Dance \u2764 has 90 seconds left.\n|inactive|My Life is Dance \u2764 has 60 seconds left.\n|\n|t:|1782799594\n|move|p2a: Dachsbun|Play Rough|p1a: Swanna\n|-damage|p1a: Swanna|6/278 brn\n|move|p1a: Swanna|Roost|p1a: Swanna\n|-heal|p1a: Swanna|145/278 brn\n|-singleturn|p1a: Swanna|move: Roost\n|\n|-heal|p2a: Dachsbun|160/254|[from] item: Leftovers\n|-damage|p1a: Swanna|128/278 brn|[from] brn\n|upkeep\n|turn|10\n|\n|t:|1782799611\n|move|p2a: Dachsbun|Play Rough|p1a: Swanna\n|-damage|p1a: Swanna|16/278 brn\n|move|p1a: Swanna|Hydro Pump|p2a: Dachsbun\n|-damage|p2a: Dachsbun|49/254\n|\n|-heal|p2a: Dachsbun|64/254|[from] item: Leftovers\n|-damage|p1a: Swanna|0 fnt|[from] brn\n|faint|p1a: Swanna\n|upkeep\n|\n|t:|1782799621\n|switch|p1a: Minun|Minun, L95, F|268/268\n|turn|11\n|\n|t:|1782799632\n|move|p1a: Minun|Thunderbolt|p2a: Dachsbun\n|-damage|p2a: Dachsbun|0 fnt\n|faint|p2a: Dachsbun\n|-damage|p1a: Minun|242/268|[from] item: Life Orb\n|\n|upkeep\n|\n|t:|1782799642\n|switch|p2a: Delphox|Delphox, L84, M|263/263\n|turn|12\n|\n|t:|1782799656\n|move|p2a: Delphox|Fire Blast|p1a: Minun\n|-damage|p1a: Minun|122/268\n|move|p1a: Minun|Thunderbolt|p2a: Delphox\n|-damage|p2a: Delphox|138/263\n|-damage|p1a: Minun|96/268|[from] item: Life Orb\n|\n|upkeep\n|turn|13\n|\n|t:|1782799668\n|switch|p1a: Spidops|Spidops, L96, M|95/271\n|move|p2a: Delphox|Fire Blast|p1a: Spidops|[miss]\n|-miss|p2a: Delphox|p1a: Spidops\n|\n|upkeep\n|turn|14\n|\n|t:|1782799672\n|move|p2a: Delphox|Fire Blast|p1a: Spidops\n|-supereffective|p1a: Spidops\n|-damage|p1a: Spidops|0 fnt\n|faint|p1a: Spidops\n|\n|upkeep\n|\n|t:|1782799674\n|switch|p1a: Hoopa|Hoopa, L85|275/275\n|turn|15\n|\n|t:|1782799681\n|switch|p2a: Greninja|Greninja, L80, M|219/219\n|move|p1a: Hoopa|Shadow Ball|p2a: Greninja\n|-immune|p2a: Greninja\n|\n|upkeep\n|turn|16\n|inactive|My Life is Dance \u2764 has 90 seconds left.\n|\n|t:|1782799710\n|switch|p1a: Bisharp|Bisharp, L79, M|168/232\n|move|p2a: Greninja|Focus Blast|p1a: Bisharp|[miss]\n|-miss|p2a: Greninja|p1a: Bisharp\n|\n|upkeep\n|turn|17\n|\n|t:|1782799717\n|-terastallize|p1a: Bisharp|Ghost\n|move|p2a: Greninja|Will-O-Wisp|p1a: Bisharp\n|-status|p1a: Bisharp|brn\n|move|p1a: Bisharp|Throat Chop|p2a: Greninja\n|-supereffective|p2a: Greninja\n|-damage|p2a: Greninja|89/219\n|-start|p2a: Greninja|Throat Chop|[silent]\n|replace|p2a: Zoroark|Zoroark-Hisui, L80, F\n|-end|p2a: Zoroark|Illusion\n|-hint|Illusion Level Mod is active, so this Pok\u00e9mon's true level was hidden.\n|\n|-damage|p1a: Bisharp|154/232 brn|[from] brn\n|upkeep\n|turn|18\n|\n|t:|1782799725\n|move|p2a: Zoroark|Poltergeist|p1a: Bisharp\n|-activate|p1a: Bisharp|move: Poltergeist|Eviolite\n|-supereffective|p1a: Bisharp\n|-damage|p1a: Bisharp|0 fnt\n|faint|p1a: Bisharp\n|-damage|p2a: Zoroark|68/219|[from] item: Life Orb\n|\n|-end|p2a: Zoroark|Throat Chop|[silent]\n|upkeep\n|\n|t:|1782799731\n|switch|p1a: Minun|Minun, L95, F|96/268\n|turn|19\n|\n|t:|1782799740\n|move|p1a: Minun|Thunderbolt|p2a: Zoroark\n|-damage|p2a: Zoroark|0 fnt\n|faint|p2a: Zoroark\n|-damage|p1a: Minun|70/268|[from] item: Life Orb\n|\n|upkeep\n|\n|t:|1782799742\n|switch|p2a: Ribombee|Ribombee, L83, M|235/235\n|turn|20\n|\n|t:|1782799759\n|move|p2a: Ribombee|Sticky Web|p1a: Minun\n|-sidestart|p1: yusei1789|move: Sticky Web\n|move|p1a: Minun|Thunderbolt|p2a: Ribombee\n|-damage|p2a: Ribombee|79/235\n|-damage|p1a: Minun|44/268|[from] item: Life Orb\n|\n|upkeep\n|turn|21\n|\n|t:|1782799765\n|move|p2a: Ribombee|Moonblast|p1a: Minun\n|-damage|p1a: Minun|0 fnt\n|faint|p1a: Minun\n|\n|upkeep\n|\n|t:|1782799767\n|switch|p1a: Ditto|Ditto, L87|225/225\n|-activate|p1a: Ditto|move: Sticky Web\n|-unboost|p1a: Ditto|spe|1\n|-transform|p1a: Ditto|p2a: Ribombee|[from] ability: Imposter\n|turn|22\n|\n|t:|1782799794\n|switch|p2a: Delphox|Delphox, L84, M|138/263\n|move|p1a: Ditto|Moonblast|p2a: Delphox\n|-resisted|p2a: Delphox\n|-damage|p2a: Delphox|90/263\n|-unboost|p2a: Delphox|spa|1\n|\n|upkeep\n|turn|23\n|\n|t:|1782799806\n|move|p1a: Ditto|Moonblast|p2a: Delphox\n|-resisted|p2a: Delphox\n|-damage|p2a: Delphox|48/263\n|move|p2a: Delphox|Fire Blast|p1a: Ditto\n|-supereffective|p1a: Ditto\n|-damage|p1a: Ditto|0 fnt\n|faint|p1a: Ditto\n|\n|upkeep\n|\n|t:|1782799810\n|switch|p1a: Hoopa|Hoopa, L85|275/275\n|-activate|p1a: Hoopa|move: Sticky Web\n|-unboost|p1a: Hoopa|spe|1\n|turn|24\n|-message|yusei1789 forfeited.\n|\n|win|My Life is Dance \u2764\n", "inputlog": ">version f8ac14003a5f27e1bdc8d8c59608a773c1cb96e5\n>start {\"formatid\":\"gen9randombattle\",\"seed\":\"sodium,53a6a308e78b7bea728ad9251b85c392\",\"rated\":\"Rated battle\"}\n>player p1 {\"name\":\"yusei1789\",\"avatar\":\"2\",\"rating\":2276,\"seed\":\"sodium,2f4f178ba2cbe4ad99e2bce1253855a7\"}\n>player p2 {\"name\":\"My Life is Dance \u2764\",\"avatar\":\"tierno\",\"rating\":2284,\"seed\":\"sodium,8aabfcb242486c77046f246bb4757e0a\"}\n>p1 switch 3\n>p2 move bodypress\n>p1 move stickyweb\n>p2 switch 3\n>p1 move knockoff\n>p2 move psyshock\n>p1 switch 3\n>p2 move psyshock\n>p1 move ironhead\n>p2 move alluringvoice\n>p2 switch 2\n>p1 switch 2\n>p2 move willowisp\n>p1 move defog\n>p2 switch 3\n>p1 move hydropump\n>p2 move playrough\n>p1 move roost\n>p2 move playrough\n>p1 move hydropump\n>p2 move playrough\n>p1 switch 4\n>p1 move thunderbolt\n>p2 move playrough\n>p2 switch 4\n>p1 move thunderbolt\n>p2 move fireblast\n>p1 switch 3\n>p2 move fireblast\n>p1 move stickyweb\n>p2 move fireblast\n>p1 switch 5\n>p1 move shadowball\n>p2 switch 3\n>p1 switch 2\n>p2 move focusblast\n>p1 move throatchop terastallize\n>p2 move willowisp\n>p1 move stealthrock\n>p2 move poltergeist\n>p1 switch 3\n>p1 move thunderbolt\n>p2 move poltergeist\n>p2 switch 5\n>p1 move thunderbolt\n>p2 move stickyweb\n>p1 move thunderbolt\n>p2 move moonblast\n>p1 switch 6\n>p1 move moonblast\n>p2 switch 3\n>p1 move moonblast\n>p2 move fireblast\n>p1 switch 2\n>forcelose p1", "uploadtime": 1782799354, "views": 7, "formatid": "gen9randombattle", "rating": null, "private": 0, "password": null, "player_dets": [{"name": "yusei1789", "avatar": "2", "rating": 2276, "seed": "sodium,2f4f178ba2cbe4ad99e2bce1253855a7"}, {"name": "My Life is Dance \u2764", "avatar": "tierno", "rating": 2284, "seed": "sodium,8aabfcb242486c77046f246bb4757e0a"}], "teams_full": [{"Bisharp": {"name": "Bisharp", "species": "Bisharp", "speciesId": "bisharp", "gender": "M", "shiny": false, "level": 79, "moves": ["stealthrock", "suckerpunch", "ironhead", "throatchop"], "ability": "Defiant", "evs": {"hp": 85, "atk": 85, "def": 85, "spa": 85, "spd": 85, "spe": 85}, "ivs": {"hp": 31, "atk": 31, "def": 31, "spa": 31, "spd": 31, "spe": 31}, "item": "Eviolite", "teraType": "Ghost", "role": "Bulky Attacker", "bvs": {"hp": 65, "atk": 125, "def": 100, "spa": 60, "spd": 70, "spe": 70}, "stats": {"hp": 232, "atk": 243, "def": 204, "spa": 140, "spd": 156, "spe": 156}, "types": ["Dark", "Steel"]}, "Swanna": {"name": "Swanna", "species": "Swanna", "speciesId": "swanna", "gender": "F", "shiny": false, "level": 89, "moves": ["hydropump", "defog", "roost", "bravebird"], "ability": "Hydration", "evs": {"hp": 85, "atk": 85, "def": 85, "spa": 85, "spd": 85, "spe": 85}, "ivs": {"hp": 31, "atk": 31, "def": 31, "spa": 31, "spd": 31, "spe": 31}, "item": "Heavy-Duty Boots", "teraType": "Ground", "role": "Bulky Support", "bvs": {"hp": 75, "atk": 87, "def": 63, "spa": 87, "spd": 63, "spe": 98}, "stats": {"hp": 278, "atk": 206, "def": 163, "spa": 206, "spd": 163, "spe": 225}, "types": ["Water", "Flying"]}, "Spidops": {"name": "Spidops", "species": "Spidops", "speciesId": "spidops", "gender": "M", "shiny": false, "level": 96, "moves": ["knockoff", "toxicspikes", "spikes", "stickyweb"], "ability": "Stakeout", "evs": {"hp": 85, "atk": 85, "def": 85, "spa": 85, "spd": 85, "spe": 85}, "ivs": {"hp": 31, "atk": 31, "def": 31, "spa": 31, "spd": 31, "spe": 31}, "item": "Heavy-Duty Boots", "teraType": "Ghost", "role": "Bulky Support", "bvs": {"hp": 60, "atk": 79, "def": 92, "spa": 52, "spd": 86, "spe": 35}, "stats": {"hp": 271, "atk": 206, "def": 231, "spa": 154, "spd": 220, "spe": 122}, "types": ["Bug"]}, "Minun": {"name": "Minun", "species": "Minun", "speciesId": "minun", "gender": "F", "shiny": false, "level": 95, "moves": ["nastyplot", "encore", "thunderbolt", "alluringvoice"], "ability": "Volt Absorb", "evs": {"hp": 85, "atk": 0, "def": 85, "spa": 85, "spd": 85, "spe": 85}, "ivs": {"hp": 31, "atk": 0, "def": 31, "spa": 31, "spd": 31, "spe": 31}, "item": "Life Orb", "teraType": "Electric", "role": "Setup Sweeper", "bvs": {"hp": 60, "atk": 40, "def": 50, "spa": 75, "spd": 85, "spe": 95}, "stats": {"hp": 268, "atk": 81, "def": 149, "spa": 196, "spd": 215, "spe": 234}, "types": ["Electric"]}, "Hoopa": {"name": "Hoopa", "species": "Hoopa", "speciesId": "hoopa", "gender": "N", "shiny": false, "level": 85, "moves": ["trick", "psychic", "shadowball", "focusblast"], "ability": "Magician", "evs": {"hp": 85, "atk": 0, "def": 85, "spa": 85, "spd": 85, "spe": 85}, "ivs": {"hp": 31, "atk": 0, "def": 31, "spa": 31, "spd": 31, "spe": 31}, "item": "Choice Scarf", "teraType": "Psychic", "role": "Fast Attacker", "bvs": {"hp": 80, "atk": 110, "def": 60, "spa": 150, "spd": 130, "spe": 70}, "stats": {"hp": 275, "atk": 192, "def": 151, "spa": 304, "spd": 270, "spe": 168}, "types": ["Psychic", "Ghost"]}, "Ditto": {"name": "Ditto", "species": "Ditto", "speciesId": "ditto", "gender": "N", "shiny": false, "level": 87, "moves": ["transform"], "ability": "Imposter", "evs": {"hp": 85, "atk": 85, "def": 85, "spa": 85, "spd": 85, "spe": 85}, "ivs": {"hp": 31, "atk": 31, "def": 31, "spa": 31, "spd": 31, "spe": 31}, "item": "Choice Scarf", "teraType": "Steel", "role": "Fast Support", "bvs": {"hp": 48, "atk": 48, "def": 48, "spa": 48, "spd": 48, "spe": 48}, "stats": {"hp": 225, "atk": 133, "def": 133, "spa": 133, "spd": 133, "spe": 133}, "types": ["Normal"]}}, {"Dachsbun": {"name": "Dachsbun", "species": "Dachsbun", "speciesId": "dachsbun", "gender": "F", "shiny": false, "level": 92, "moves": ["playrough", "wish", "bodypress", "protect"], "ability": "Well-Baked Body", "evs": {"hp": 85, "atk": 85, "def": 85, "spa": 85, "spd": 85, "spe": 85}, "ivs": {"hp": 31, "atk": 31, "def": 31, "spa": 31, "spd": 31, "spe": 31}, "item": "Leftovers", "teraType": "Steel", "role": "Bulky Support", "bvs": {"hp": 57, "atk": 80, "def": 115, "spa": 50, "spd": 80, "spe": 95}, "stats": {"hp": 254, "atk": 200, "def": 264, "spa": 144, "spd": 200, "spe": 227}, "types": ["Fairy"]}, "Zoroark": {"name": "Zoroark", "species": "Zoroark-Hisui", "speciesId": "zoroarkhisui", "gender": "F", "shiny": false, "level": 80, "moves": ["poltergeist", "hypervoice", "focusblast", "willowisp"], "ability": "Illusion", "evs": {"hp": 85, "atk": 85, "def": 85, "spa": 85, "spd": 85, "spe": 85}, "ivs": {"hp": 31, "atk": 31, "def": 31, "spa": 31, "spd": 31, "spe": 31}, "item": "Life Orb", "teraType": "Normal", "role": "Fast Attacker", "bvs": {"hp": 55, "atk": 100, "def": 60, "spa": 125, "spd": 60, "spe": 110}, "stats": {"hp": 219, "atk": 206, "def": 142, "spa": 246, "spd": 142, "spe": 222}, "types": ["Normal", "Ghost"]}, "Espeon": {"name": "Espeon", "species": "Espeon", "speciesId": "espeon", "gender": "M", "shiny": false, "level": 84, "moves": ["trick", "psyshock", "alluringvoice", "shadowball"], "ability": "Magic Bounce", "evs": {"hp": 85, "atk": 0, "def": 85, "spa": 85, "spd": 85, "spe": 85}, "ivs": {"hp": 31, "atk": 0, "def": 31, "spa": 31, "spd": 31, "spe": 31}, "item": "Choice Specs", "teraType": "Psychic", "role": "Fast Attacker", "bvs": {"hp": 65, "atk": 65, "def": 60, "spa": 130, "spd": 95, "spe": 110}, "stats": {"hp": 246, "atk": 114, "def": 149, "spa": 267, "spd": 208, "spe": 233}, "types": ["Psychic"]}, "Delphox": {"name": "Delphox", "species": "Delphox", "speciesId": "delphox", "gender": "M", "shiny": false, "level": 84, "moves": ["grassknot", "focusblast", "psyshock", "fireblast"], "ability": "Blaze", "evs": {"hp": 85, "atk": 0, "def": 85, "spa": 85, "spd": 85, "spe": 85}, "ivs": {"hp": 31, "atk": 0, "def": 31, "spa": 31, "spd": 31, "spe": 31}, "item": "Choice Scarf", "teraType": "Fire", "role": "Fast Attacker", "bvs": {"hp": 75, "atk": 69, "def": 72, "spa": 114, "spd": 100, "spe": 104}, "stats": {"hp": 263, "atk": 120, "def": 169, "spa": 240, "spd": 216, "spe": 223}, "types": ["Fire", "Psychic"]}, "Ribombee": {"name": "Ribombee", "species": "Ribombee", "speciesId": "ribombee", "gender": "M", "shiny": false, "level": 83, "moves": ["bugbuzz", "stickyweb", "stunspore", "moonblast"], "ability": "Shield Dust", "evs": {"hp": 85, "atk": 0, "def": 85, "spa": 85, "spd": 85, "spe": 85}, "ivs": {"hp": 31, "atk": 0, "def": 31, "spa": 31, "spd": 31, "spe": 31}, "item": "Heavy-Duty Boots", "teraType": "Ghost", "role": "Fast Support", "bvs": {"hp": 60, "atk": 55, "def": 60, "spa": 95, "spd": 70, "spe": 124}, "stats": {"hp": 235, "atk": 96, "def": 147, "spa": 205, "spd": 164, "spe": 254}, "types": ["Bug", "Fairy"]}, "Greninja": {"name": "Greninja", "species": "Greninja-Bond", "speciesId": "greninjabond", "gender": "M", "shiny": false, "level": 80, "moves": ["hydropump", "icebeam", "gunkshot", "darkpulse"], "ability": "Battle Bond", "evs": {"hp": 85, "atk": 85, "def": 85, "spa": 85, "spd": 85, "spe": 85}, "ivs": {"hp": 31, "atk": 31, "def": 31, "spa": 31, "spd": 31, "spe": 31}, "item": "Life Orb", "teraType": "Water", "role": "Fast Attacker", "bvs": {"hp": 72, "atk": 95, "def": 67, "spa": 103, "spd": 71, "spe": 122}, "stats": {"hp": 246, "atk": 198, "def": 153, "spa": 211, "spd": 160, "spe": 241}, "types": ["Water", "Dark"]}}]}