{"id": "gen9randombattle-2641337500", "format": "[Gen 9] Random Battle", "players": ["penguinplayer", "Dfrrnspa97"], "log": "|j|\u2606penguinplayer\n|j|\u2606Dfrrnspa97\n|t:|1782769699\n|gametype|singles\n|player|p1|penguinplayer|brycenman|1866\n|player|p2|Dfrrnspa97|170|1912\n|gen|9\n|tier|[Gen 9] Random Battle\n|rated|\n|rule|Species Clause: Limit one of each Pok\u00e9mon\n|rule|HP Percentage Mod: HP is shown in percentages\n|rule|Sleep Clause Mod: Limit one foe put to sleep\n|rule|Illusion Level Mod: Illusion disguises the Pok\u00e9mon's true level\n|\n|t:|1782769699\n|teamsize|p1|6\n|teamsize|p2|6\n|start\n|switch|p1a: Infernape|Infernape, L82, M|259/259\n|switch|p2a: Suicune|Suicune, L82|298/298\n|-ability|p2a: Suicune|Pressure\n|turn|1\n|\n|t:|1782769707\n|switch|p1a: Hydrapple|Hydrapple, L83, F|312/312\n|move|p2a: Suicune|Calm Mind|p2a: Suicune\n|-boost|p2a: Suicune|spa|1\n|-boost|p2a: Suicune|spd|1\n|\n|upkeep\n|turn|2\n|inactive|Battle timer is ON: inactive players will automatically lose when time's up. (requested by penguinplayer)\n|\n|t:|1782769712\n|switch|p2a: Kilowattrel|Kilowattrel, L83, M|252/252\n|move|p1a: Hydrapple|Leaf Storm|p2a: Kilowattrel\n|-resisted|p2a: Kilowattrel\n|-damage|p2a: Kilowattrel|81/252\n|-unboost|p1a: Hydrapple|spa|2\n|\n|upkeep\n|turn|3\n|\n|t:|1782769717\n|switch|p1a: Toxtricity|Toxtricity, L82, F|257/257\n|move|p2a: Kilowattrel|Roost|p2a: Kilowattrel\n|-heal|p2a: Kilowattrel|207/252\n|-singleturn|p2a: Kilowattrel|move: Roost\n|\n|upkeep\n|turn|4\n|\n|t:|1782769722\n|move|p2a: Kilowattrel|U-turn|p1a: Toxtricity\n|-resisted|p1a: Toxtricity\n|-damage|p1a: Toxtricity|235/257\n|\n|t:|1782769725\n|switch|p2a: Mew|Mew, L82|298/298|[from] U-turn\n|move|p1a: Toxtricity|Boomburst|p2a: Mew\n|-damage|p2a: Mew|120/298\n|\n|-heal|p2a: Mew|138/298|[from] item: Leftovers\n|upkeep\n|turn|5\n|\n|t:|1782769728\n|move|p2a: Mew|U-turn|p1a: Toxtricity\n|-resisted|p1a: Toxtricity\n|-damage|p1a: Toxtricity|204/257\n|\n|t:|1782769730\n|switch|p2a: Iron Hands|Iron Hands, L79|373/373|[from] U-turn\n|move|p1a: Toxtricity|Boomburst|p2a: Iron Hands\n|-damage|p2a: Iron Hands|106/373\n|\n|-heal|p2a: Iron Hands|129/373|[from] item: Leftovers\n|upkeep\n|turn|6\n|l|\u2606Dfrrnspa97\n|inactive|Dfrrnspa97 disconnected and has a minute to reconnect!\n|player|p2|\n|inactive|Dfrrnspa97 has 30 seconds to reconnect!\n|inactive|Dfrrnspa97 has 20 seconds to reconnect!\n|inactive|Dfrrnspa97 has 15 seconds to reconnect!\n|inactive|Dfrrnspa97 has 10 seconds to reconnect!\n|inactive|Dfrrnspa97 has 5 seconds to reconnect!\n|-message|Dfrrnspa97 lost due to inactivity.\n|\n|win|penguinplayer\n|raw|penguinplayer's rating: 1866 &rarr; <strong>1889</strong><br />(+23 for winning)\n|raw|Dfrrnspa97's rating: 1912 &rarr; <strong>1889</strong><br />(-23 for losing)\n", "inputlog": ">version f8ac14003a5f27e1bdc8d8c59608a773c1cb96e5\n>start {\"formatid\":\"gen9randombattle\",\"seed\":\"sodium,40ba63e64665f45808c360342dbf098d\",\"rated\":\"Rated battle\"}\n>player p1 {\"name\":\"penguinplayer\",\"avatar\":\"brycenman\",\"rating\":1866,\"seed\":\"sodium,e7fd1b002c881706290f61ea00a198dd\"}\n>player p2 {\"name\":\"Dfrrnspa97\",\"avatar\":\"170\",\"rating\":1912,\"seed\":\"sodium,77996f70af0746b6e9925660779430c2\"}\n>p1 switch 4\n>p2 move calmmind\n>p1 move leafstorm\n>p2 switch 5\n>p1 switch 6\n>p2 move roost\n>p1 move boomburst\n>p2 move uturn\n>p2 switch 2\n>p1 move boomburst\n>p2 move uturn\n>p2 switch 6\n>forcelose p2", "uploadtime": 1782769790, "views": 3, "formatid": "gen9randombattle", "rating": 1889, "private": 0, "password": null, "player_dets": [{"name": "penguinplayer", "avatar": "brycenman", "rating": 1866, "seed": "sodium,e7fd1b002c881706290f61ea00a198dd"}, {"name": "Dfrrnspa97", "avatar": "170", "rating": 1912, "seed": "sodium,77996f70af0746b6e9925660779430c2"}], "teams_full": [{"Infernape": {"name": "Infernape", "species": "Infernape", "speciesId": "infernape", "gender": "M", "shiny": false, "level": 82, "moves": ["machpunch", "stoneedge", "closecombat", "overheat"], "ability": "Blaze", "evs": {"hp": 85, "atk": 85, "def": 85, "spa": 85, "spd": 85, "spe": 85}, "ivs": {"hp": 31, "atk": 31, "def": 31, "spa": 31, "spd": 31, "spe": 31}, "item": "Life Orb", "teraType": "Fighting", "role": "Fast Attacker", "bvs": {"hp": 76, "atk": 104, "def": 71, "spa": 104, "spd": 71, "spe": 108}, "stats": {"hp": 259, "atk": 218, "def": 164, "spa": 218, "spd": 164, "spe": 224}, "types": ["Fire", "Fighting"]}, "Bellossom": {"name": "Bellossom", "species": "Bellossom", "speciesId": "bellossom", "gender": "F", "shiny": false, "level": 84, "moves": ["quiverdance", "moonblast", "strengthsap", "gigadrain"], "ability": "Chlorophyll", "evs": {"hp": 85, "atk": 0, "def": 85, "spa": 85, "spd": 85, "spe": 85}, "ivs": {"hp": 31, "atk": 0, "def": 31, "spa": 31, "spd": 31, "spe": 31}, "item": "Leftovers", "teraType": "Fairy", "role": "Bulky Setup", "bvs": {"hp": 75, "atk": 80, "def": 95, "spa": 90, "spd": 100, "spe": 50}, "stats": {"hp": 263, "atk": 139, "def": 208, "spa": 199, "spd": 216, "spe": 132}, "types": ["Grass"]}, "Mudsdale": {"name": "Mudsdale", "species": "Mudsdale", "speciesId": "mudsdale", "gender": "M", "shiny": false, "level": 83, "moves": ["heavyslam", "stoneedge", "roar", "earthquake"], "ability": "Stamina", "evs": {"hp": 85, "atk": 85, "def": 85, "spa": 85, "spd": 85, "spe": 85}, "ivs": {"hp": 31, "atk": 31, "def": 31, "spa": 31, "spd": 31, "spe": 31}, "item": "Leftovers", "teraType": "Steel", "role": "Bulky Attacker", "bvs": {"hp": 100, "atk": 125, "def": 100, "spa": 55, "spd": 85, "spe": 35}, "stats": {"hp": 302, "atk": 255, "def": 214, "spa": 139, "spd": 189, "spe": 106}, "types": ["Ground"]}, "Hydrapple": {"name": "Hydrapple", "species": "Hydrapple", "speciesId": "hydrapple", "gender": "F", "shiny": false, "level": 83, "moves": ["ficklebeam", "dracometeor", "earthpower", "leafstorm"], "ability": "Regenerator", "evs": {"hp": 85, "atk": 0, "def": 85, "spa": 85, "spd": 85, "spe": 85}, "ivs": {"hp": 31, "atk": 0, "def": 31, "spa": 31, "spd": 31, "spe": 31}, "item": "Choice Specs", "teraType": "Steel", "role": "Wallbreaker", "bvs": {"hp": 106, "atk": 80, "def": 110, "spa": 120, "spd": 80, "spe": 44}, "stats": {"hp": 312, "atk": 137, "def": 230, "spa": 247, "spd": 180, "spe": 121}, "types": ["Grass", "Dragon"]}, "Weezing": {"name": "Weezing", "species": "Weezing", "speciesId": "weezing", "gender": "M", "shiny": false, "level": 88, "moves": ["gunkshot", "painsplit", "fireblast", "willowisp"], "ability": "Levitate", "evs": {"hp": 85, "atk": 85, "def": 85, "spa": 85, "spd": 85, "spe": 85}, "ivs": {"hp": 31, "atk": 31, "def": 31, "spa": 31, "spd": 31, "spe": 31}, "item": "Leftovers", "teraType": "Steel", "role": "Bulky Attacker", "bvs": {"hp": 65, "atk": 90, "def": 120, "spa": 85, "spd": 70, "spe": 60}, "stats": {"hp": 258, "atk": 209, "def": 261, "spa": 200, "spd": 173, "spe": 156}, "types": ["Poison"]}, "Toxtricity": {"name": "Toxtricity", "species": "Toxtricity", "speciesId": "toxtricity", "gender": "F", "shiny": false, "level": 82, "moves": ["overdrive", "voltswitch", "boomburst", "sludgewave"], "ability": "Punk Rock", "evs": {"hp": 85, "atk": 0, "def": 85, "spa": 85, "spd": 85, "spe": 85}, "ivs": {"hp": 31, "atk": 0, "def": 31, "spa": 31, "spd": 31, "spe": 31}, "item": "Choice Specs", "teraType": "Normal", "role": "Fast Attacker", "bvs": {"hp": 75, "atk": 98, "def": 70, "spa": 114, "spd": 70, "spe": 75}, "stats": {"hp": 257, "atk": 165, "def": 162, "spa": 234, "spd": 162, "spe": 170}, "types": ["Electric", "Poison"]}}, {"Suicune": {"name": "Suicune", "species": "Suicune", "speciesId": "suicune", "gender": "N", "shiny": false, "level": 82, "moves": ["sleeptalk", "rest", "scald", "calmmind"], "ability": "Pressure", "evs": {"hp": 85, "atk": 0, "def": 85, "spa": 85, "spd": 85, "spe": 85}, "ivs": {"hp": 31, "atk": 0, "def": 31, "spa": 31, "spd": 31, "spe": 31}, "item": "Leftovers", "teraType": "Steel", "role": "Bulky Attacker", "bvs": {"hp": 100, "atk": 75, "def": 115, "spa": 90, "spd": 115, "spe": 85}, "stats": {"hp": 298, "atk": 127, "def": 236, "spa": 195, "spd": 236, "spe": 187}, "types": ["Water"]}, "Mew": {"name": "Mew", "species": "Mew", "speciesId": "mew", "gender": "N", "shiny": false, "level": 82, "moves": ["encore", "psychic", "willowisp", "uturn"], "ability": "Synchronize", "evs": {"hp": 85, "atk": 85, "def": 85, "spa": 85, "spd": 85, "spe": 85}, "ivs": {"hp": 31, "atk": 31, "def": 31, "spa": 31, "spd": 31, "spe": 31}, "item": "Leftovers", "teraType": "Steel", "role": "Bulky Support", "bvs": {"hp": 100, "atk": 100, "def": 100, "spa": 100, "spd": 100, "spe": 100}, "stats": {"hp": 298, "atk": 211, "def": 211, "spa": 211, "spd": 211, "spe": 211}, "types": ["Psychic"]}, "Ogerpon": {"name": "Ogerpon", "species": "Ogerpon-Wellspring", "speciesId": "ogerponwellspring", "gender": "F", "shiny": false, "level": 76, "moves": ["knockoff", "ivycudgel", "hornleech", "swordsdance"], "ability": "Water Absorb", "evs": {"hp": 85, "atk": 85, "def": 85, "spa": 85, "spd": 85, "spe": 85}, "ivs": {"hp": 31, "atk": 31, "def": 31, "spa": 31, "spd": 31, "spe": 31}, "item": "Wellspring Mask", "teraType": "Water", "role": "Setup Sweeper", "bvs": {"hp": 80, "atk": 120, "def": 84, "spa": 60, "spd": 96, "spe": 110}, "stats": {"hp": 247, "atk": 226, "def": 172, "spa": 135, "spd": 190, "spe": 211}, "types": ["Grass", "Water"]}, "Sceptile": {"name": "Sceptile", "species": "Sceptile", "speciesId": "sceptile", "gender": "F", "shiny": false, "level": 87, "moves": ["swordsdance", "earthquake", "leafblade", "rockslide"], "ability": "Overgrow", "evs": {"hp": 85, "atk": 85, "def": 85, "spa": 85, "spd": 85, "spe": 85}, "ivs": {"hp": 31, "atk": 31, "def": 31, "spa": 31, "spd": 31, "spe": 31}, "item": "Life Orb", "teraType": "Rock", "role": "Setup Sweeper", "bvs": {"hp": 70, "atk": 85, "def": 65, "spa": 105, "spd": 85, "spe": 120}, "stats": {"hp": 264, "atk": 198, "def": 163, "spa": 232, "spd": 198, "spe": 259}, "types": ["Grass"]}, "Kilowattrel": {"name": "Kilowattrel", "species": "Kilowattrel", "speciesId": "kilowattrel", "gender": "M", "shiny": false, "level": 83, "moves": ["hurricane", "discharge", "roost", "uturn"], "ability": "Volt Absorb", "evs": {"hp": 85, "atk": 85, "def": 85, "spa": 85, "spd": 85, "spe": 85}, "ivs": {"hp": 31, "atk": 31, "def": 31, "spa": 31, "spd": 31, "spe": 31}, "item": "Heavy-Duty Boots", "teraType": "Water", "role": "Bulky Attacker", "bvs": {"hp": 70, "atk": 70, "def": 60, "spa": 105, "spd": 60, "spe": 125}, "stats": {"hp": 252, "atk": 164, "def": 147, "spa": 222, "spd": 147, "spe": 255}, "types": ["Electric", "Flying"]}, "Iron Hands": {"name": "Iron Hands", "species": "Iron Hands", "speciesId": "ironhands", "gender": "N", "shiny": false, "level": 79, "moves": ["drainpunch", "thunderpunch", "icepunch", "swordsdance"], "ability": "Quark Drive", "evs": {"hp": 85, "atk": 85, "def": 85, "spa": 85, "spd": 85, "spe": 85}, "ivs": {"hp": 31, "atk": 31, "def": 31, "spa": 31, "spd": 31, "spe": 31}, "item": "Leftovers", "teraType": "Fighting", "role": "Bulky Attacker", "bvs": {"hp": 154, "atk": 140, "def": 108, "spa": 50, "spd": 68, "spe": 50}, "stats": {"hp": 373, "atk": 267, "def": 216, "spa": 125, "spd": 153, "spe": 125}, "types": ["Fighting", "Electric"]}}]}