{"id": "gen9randombattle-2641745987", "format": "[Gen 9] Random Battle", "players": ["jsjsiis", "doggoking104"], "log": "|j|\u2606jsjsiis\n|j|\u2606doggoking104\n|t:|1782836967\n|gametype|singles\n|player|p1|jsjsiis|170|2043\n|player|p2|doggoking104|hiker-gen4|2097\n|gen|9\n|tier|[Gen 9] Random Battle\n|rated|\n|rule|Species Clause: Limit one of each Pok\u00e9mon\n|rule|HP Percentage Mod: HP is shown in percentages\n|rule|Sleep Clause Mod: Limit one foe put to sleep\n|rule|Illusion Level Mod: Illusion disguises the Pok\u00e9mon's true level\n|\n|t:|1782836967\n|teamsize|p1|6\n|teamsize|p2|6\n|start\n|switch|p1a: Raikou|Raikou, L81|278/278\n|switch|p2a: Altaria|Altaria, L89, F|278/278\n|-ability|p1a: Raikou|Pressure\n|turn|1\n|inactive|Battle timer is ON: inactive players will automatically lose when time's up. (requested by jsjsiis)\n|\n|t:|1782836978\n|move|p1a: Raikou|Volt Switch|p2a: Altaria\n|-damage|p2a: Altaria|176/278\n|\n|t:|1782836985\n|switch|p1a: Crabominable|Crabominable, L90, M|321/321|[from] Volt Switch\n|move|p2a: Altaria|Dragon Dance|p2a: Altaria\n|-boost|p2a: Altaria|atk|1\n|-boost|p2a: Altaria|spe|1\n|\n|upkeep\n|turn|2\n|\n|t:|1782836990\n|move|p2a: Altaria|Brave Bird|p1a: Crabominable\n|-supereffective|p1a: Crabominable\n|-damage|p1a: Crabominable|0 fnt\n|faint|p1a: Crabominable\n|-damage|p2a: Altaria|70/278|[from] Recoil\n|\n|upkeep\n|\n|t:|1782836999\n|switch|p1a: Raikou|Raikou, L81|278/278\n|-ability|p1a: Raikou|Pressure\n|turn|3\n|\n|t:|1782837006\n|move|p2a: Altaria|Earthquake|p1a: Raikou\n|-supereffective|p1a: Raikou\n|-damage|p1a: Raikou|62/278\n|move|p1a: Raikou|Scald|p2a: Altaria\n|-resisted|p2a: Altaria\n|-crit|p2a: Altaria\n|-damage|p2a: Altaria|11/278\n|\n|upkeep\n|turn|4\n|\n|t:|1782837010\n|move|p2a: Altaria|Roost|p2a: Altaria\n|-heal|p2a: Altaria|150/278\n|-singleturn|p2a: Altaria|move: Roost\n|move|p1a: Raikou|Scald|p2a: Altaria\n|-resisted|p2a: Altaria\n|-damage|p2a: Altaria|111/278\n|\n|upkeep\n|turn|5\n|-message|jsjsiis forfeited.\n|\n|win|doggoking104\n|raw|jsjsiis's rating: 2043 &rarr; <strong>2026</strong><br />(-17 for losing)\n|raw|doggoking104's rating: 2097 &rarr; <strong>2114</strong><br />(+17 for winning)\n", "inputlog": ">version f8ac14003a5f27e1bdc8d8c59608a773c1cb96e5\n>start {\"formatid\":\"gen9randombattle\",\"seed\":\"sodium,7ce6e267a3ed086c89a73f3f945206b9\",\"rated\":\"Rated battle\"}\n>player p1 {\"name\":\"jsjsiis\",\"avatar\":\"170\",\"rating\":2043,\"seed\":\"sodium,7e18afc83c730ab615a456c32265e300\"}\n>player p2 {\"name\":\"doggoking104\",\"avatar\":\"hiker-gen4\",\"rating\":2097,\"seed\":\"sodium,66267415730f3544014ad86fe627df0a\"}\n>p1 move voltswitch\n>p2 move dragondance\n>p1 switch 4\n>p1 move icehammer\n>p2 move bravebird\n>p1 switch 4\n>p1 move scald\n>p2 move earthquake\n>p1 move scald\n>p2 move roost\n>forcelose p1", "uploadtime": 1782836971, "views": 4, "formatid": "gen9randombattle", "rating": 2026, "private": 0, "password": null, "player_dets": [{"name": "jsjsiis", "avatar": "170", "rating": 2043, "seed": "sodium,7e18afc83c730ab615a456c32265e300"}, {"name": "doggoking104", "avatar": "hiker-gen4", "rating": 2097, "seed": "sodium,66267415730f3544014ad86fe627df0a"}], "teams_full": [{"Raikou": {"name": "Raikou", "species": "Raikou", "speciesId": "raikou", "gender": "N", "shiny": false, "level": 81, "moves": ["shadowball", "voltswitch", "thunderbolt", "scald"], "ability": "Pressure", "evs": {"hp": 85, "atk": 0, "def": 85, "spa": 85, "spd": 85, "spe": 85}, "ivs": {"hp": 31, "atk": 0, "def": 31, "spa": 31, "spd": 31, "spe": 31}, "item": "Choice Specs", "teraType": "Water", "role": "Bulky Attacker", "bvs": {"hp": 90, "atk": 85, "def": 75, "spa": 115, "spd": 100, "spe": 115}, "stats": {"hp": 278, "atk": 142, "def": 168, "spa": 233, "spd": 209, "spe": 233}, "types": ["Electric"]}, "Scyther": {"name": "Scyther", "species": "Scyther", "speciesId": "scyther", "gender": "F", "shiny": false, "level": 82, "moves": ["dualwingbeat", "swordsdance", "bugbite", "closecombat"], "ability": "Technician", "evs": {"hp": 85, "atk": 85, "def": 85, "spa": 85, "spd": 85, "spe": 85}, "ivs": {"hp": 31, "atk": 31, "def": 31, "spa": 31, "spd": 31, "spe": 31}, "item": "Heavy-Duty Boots", "teraType": "Fighting", "role": "Setup Sweeper", "bvs": {"hp": 70, "atk": 110, "def": 80, "spa": 55, "spd": 80, "spe": 105}, "stats": {"hp": 249, "atk": 228, "def": 178, "spa": 137, "spd": 178, "spe": 219}, "types": ["Bug", "Flying"]}, "Gastrodon": {"name": "Gastrodon", "species": "Gastrodon", "speciesId": "gastrodon", "gender": "M", "shiny": false, "level": 86, "moves": ["spikes", "icebeam", "recover", "earthquake"], "ability": "Storm Drain", "evs": {"hp": 85, "atk": 85, "def": 85, "spa": 85, "spd": 85, "spe": 85}, "ivs": {"hp": 31, "atk": 31, "def": 31, "spa": 31, "spd": 31, "spe": 31}, "item": "Leftovers", "teraType": "Poison", "role": "Bulky Attacker", "bvs": {"hp": 111, "atk": 83, "def": 68, "spa": 92, "spd": 82, "spe": 39}, "stats": {"hp": 331, "atk": 192, "def": 166, "spa": 207, "spd": 190, "spe": 116}, "types": ["Water", "Ground"]}, "Crabominable": {"name": "Crabominable", "species": "Crabominable", "speciesId": "crabominable", "gender": "M", "shiny": false, "level": 90, "moves": ["drainpunch", "earthquake", "icehammer", "knockoff"], "ability": "Iron Fist", "evs": {"hp": 85, "atk": 85, "def": 85, "spa": 85, "spd": 85, "spe": 85}, "ivs": {"hp": 31, "atk": 31, "def": 31, "spa": 31, "spd": 31, "spe": 31}, "item": "Assault Vest", "teraType": "Water", "role": "AV Pivot", "bvs": {"hp": 97, "atk": 132, "def": 77, "spa": 62, "spd": 67, "spe": 43}, "stats": {"hp": 321, "atk": 289, "def": 190, "spa": 163, "spd": 172, "spe": 129}, "types": ["Fighting", "Ice"]}, "Vikavolt": {"name": "Vikavolt", "species": "Vikavolt", "speciesId": "vikavolt", "gender": "M", "shiny": false, "level": 83, "moves": ["stickyweb", "discharge", "bugbuzz", "voltswitch"], "ability": "Levitate", "evs": {"hp": 85, "atk": 0, "def": 85, "spa": 85, "spd": 85, "spe": 85}, "ivs": {"hp": 31, "atk": 0, "def": 31, "spa": 31, "spd": 31, "spe": 31}, "item": "Heavy-Duty Boots", "teraType": "Electric", "role": "Bulky Support", "bvs": {"hp": 77, "atk": 70, "def": 90, "spa": 145, "spd": 75, "spe": 43}, "stats": {"hp": 263, "atk": 121, "def": 197, "spa": 288, "spd": 172, "spe": 119}, "types": ["Bug", "Electric"]}, "Cinccino": {"name": "Cinccino", "species": "Cinccino", "speciesId": "cinccino", "gender": "M", "shiny": false, "level": 83, "moves": ["tidyup", "tripleaxel", "bulletseed", "tailslap"], "ability": "Technician", "evs": {"hp": 85, "atk": 85, "def": 85, "spa": 85, "spd": 85, "spe": 85}, "ivs": {"hp": 31, "atk": 31, "def": 31, "spa": 31, "spd": 31, "spe": 31}, "item": "Loaded Dice", "teraType": "Ice", "role": "Fast Attacker", "bvs": {"hp": 75, "atk": 95, "def": 60, "spa": 65, "spd": 60, "spe": 115}, "stats": {"hp": 260, "atk": 205, "def": 147, "spa": 156, "spd": 147, "spe": 239}, "types": ["Normal"]}}, {"Altaria": {"name": "Altaria", "species": "Altaria", "speciesId": "altaria", "gender": "F", "shiny": false, "level": 89, "moves": ["dragondance", "earthquake", "bravebird", "roost"], "ability": "Natural Cure", "evs": {"hp": 85, "atk": 85, "def": 85, "spa": 85, "spd": 85, "spe": 85}, "ivs": {"hp": 31, "atk": 31, "def": 31, "spa": 31, "spd": 31, "spe": 31}, "item": "Heavy-Duty Boots", "teraType": "Ground", "role": "Bulky Setup", "bvs": {"hp": 75, "atk": 70, "def": 90, "spa": 70, "spd": 105, "spe": 80}, "stats": {"hp": 278, "atk": 175, "def": 211, "spa": 175, "spd": 238, "spe": 193}, "types": ["Dragon", "Flying"]}, "Chi-Yu": {"name": "Chi-Yu", "species": "Chi-Yu", "speciesId": "chiyu", "gender": "N", "shiny": false, "level": 77, "moves": ["overheat", "darkpulse", "psychic", "flamethrower"], "ability": "Beads of Ruin", "evs": {"hp": 85, "atk": 0, "def": 85, "spa": 85, "spd": 85, "spe": 85}, "ivs": {"hp": 31, "atk": 0, "def": 31, "spa": 31, "spd": 31, "spe": 31}, "item": "Choice Scarf", "teraType": "Dark", "role": "Fast Attacker", "bvs": {"hp": 55, "atk": 80, "def": 80, "spa": 135, "spd": 120, "spe": 100}, "stats": {"hp": 211, "atk": 128, "def": 168, "spa": 252, "spd": 229, "spe": 199}, "types": ["Dark", "Fire"]}, "Grumpig": {"name": "Grumpig", "species": "Grumpig", "speciesId": "grumpig", "gender": "M", "shiny": false, "level": 92, "moves": ["shadowball", "psyshock", "focusblast", "nastyplot"], "ability": "Thick Fat", "evs": {"hp": 85, "atk": 0, "def": 85, "spa": 85, "spd": 85, "spe": 85}, "ivs": {"hp": 31, "atk": 0, "def": 31, "spa": 31, "spd": 31, "spe": 31}, "item": "Leftovers", "teraType": "Fighting", "role": "Bulky Setup", "bvs": {"hp": 80, "atk": 45, "def": 65, "spa": 90, "spd": 110, "spe": 80}, "stats": {"hp": 297, "atk": 87, "def": 172, "spa": 218, "spd": 255, "spe": 200}, "types": ["Psychic"]}, "Tinkaton": {"name": "Tinkaton", "species": "Tinkaton", "speciesId": "tinkaton", "gender": "F", "shiny": false, "level": 82, "moves": ["playrough", "gigatonhammer", "knockoff", "swordsdance"], "ability": "Mold Breaker", "evs": {"hp": 85, "atk": 85, "def": 85, "spa": 85, "spd": 85, "spe": 85}, "ivs": {"hp": 31, "atk": 31, "def": 31, "spa": 31, "spd": 31, "spe": 31}, "item": "Leftovers", "teraType": "Steel", "role": "Bulky Setup", "bvs": {"hp": 85, "atk": 75, "def": 77, "spa": 70, "spd": 105, "spe": 94}, "stats": {"hp": 274, "atk": 170, "def": 173, "spa": 162, "spd": 219, "spe": 201}, "types": ["Fairy", "Steel"]}, "Raikou": {"name": "Raikou", "species": "Raikou", "speciesId": "raikou", "gender": "N", "shiny": false, "level": 81, "moves": ["voltswitch", "shadowball", "scald", "thunderbolt"], "ability": "Pressure", "evs": {"hp": 85, "atk": 0, "def": 85, "spa": 85, "spd": 85, "spe": 85}, "ivs": {"hp": 31, "atk": 0, "def": 31, "spa": 31, "spd": 31, "spe": 31}, "item": "Choice Specs", "teraType": "Electric", "role": "Bulky Attacker", "bvs": {"hp": 90, "atk": 85, "def": 75, "spa": 115, "spd": 100, "spe": 115}, "stats": {"hp": 278, "atk": 142, "def": 168, "spa": 233, "spd": 209, "spe": 233}, "types": ["Electric"]}, "Clefable": {"name": "Clefable", "species": "Clefable", "speciesId": "clefable", "gender": "M", "shiny": false, "level": 83, "moves": ["calmmind", "moonblast", "fireblast", "moonlight"], "ability": "Unaware", "evs": {"hp": 85, "atk": 0, "def": 85, "spa": 85, "spd": 85, "spe": 85}, "ivs": {"hp": 31, "atk": 0, "def": 31, "spa": 31, "spd": 31, "spe": 31}, "item": "Leftovers", "teraType": "Fire", "role": "Bulky Setup", "bvs": {"hp": 95, "atk": 70, "def": 73, "spa": 95, "spd": 90, "spe": 60}, "stats": {"hp": 293, "atk": 121, "def": 169, "spa": 205, "spd": 197, "spe": 147}, "types": ["Fairy"]}}]}