{"id": "gen9randombattle-2641076379", "format": "[Gen 9] Random Battle", "players": ["wheresmysupasuit", "katsuge5"], "log": "|badge|p2|bronze|gen9randombattle|100-9\n|html|<div class=\"broadcast-red\"><strong>This battle is required to be public due to one or more player having a season medal.</strong><br />During the public phase, you can discuss the state of the ladder <a href=\"/seasondiscussion\">in a special chatroom.</a></div>\n|uhtml|medal-msg|<div class=\"broadcast-blue\">Curious what those medals under the avatar are? PS now has Ladder Seasons! For more information, check out the <a href=\"https://www.smogon.com/forums/threads/3740067/\">thread on Smogon.</a></div>\n|raw|<div class=\"broadcast-blue\"><strong>This battle is required to be public due to a player having a name starting with 'medal'.</div>\n|j|\u2606wheresmysupasuit\n|j|\u2606katsuge5\n|t:|1782736941\n|gametype|singles\n|player|p1|wheresmysupasuit|101|2210\n|player|p2|katsuge5|265|2295\n|gen|9\n|tier|[Gen 9] Random Battle\n|rated|\n|rule|Species Clause: Limit one of each Pok\u00e9mon\n|rule|HP Percentage Mod: HP is shown in percentages\n|rule|Sleep Clause Mod: Limit one foe put to sleep\n|rule|Illusion Level Mod: Illusion disguises the Pok\u00e9mon's true level\n|\n|t:|1782736941\n|teamsize|p1|6\n|teamsize|p2|6\n|start\n|switch|p1a: Roaring Moon|Roaring Moon, L72|270/270\n|switch|p2a: Vikavolt|Vikavolt, L83, M|263/263\n|turn|1\n|inactive|Battle timer is ON: inactive players will automatically lose when time's up. (requested by wheresmysupasuit)\n|\n|t:|1782736957\n|move|p1a: Roaring Moon|U-turn|p2a: Vikavolt\n|-damage|p2a: Vikavolt|188/263\n|\n|t:|1782736961\n|-end|p1a: Roaring Moon|Protosynthesis|[silent]\n|switch|p1a: Hariyama|Hariyama, L87, M|392/392|[from] U-turn\n|move|p2a: Vikavolt|Sticky Web|p1a: Hariyama\n|-sidestart|p1: wheresmysupasuit|move: Sticky Web\n|\n|-status|p1a: Hariyama|brn|[from] item: Flame Orb\n|upkeep\n|turn|2\n|inactive|katsuge5 has 120 seconds left.\n|inactive|katsuge5 has 90 seconds left.\n|\n|t:|1782737047\n|switch|p2a: Misdreavus|Misdreavus, L90, M|254/254\n|move|p1a: Hariyama|Knock Off|p2a: Misdreavus\n|-supereffective|p2a: Misdreavus\n|-damage|p2a: Misdreavus|50/254\n|-enditem|p2a: Misdreavus|Eviolite|[from] move: Knock Off|[of] p1a: Hariyama\n|\n|-damage|p1a: Hariyama|368/392 brn|[from] brn\n|upkeep\n|turn|3\n|\n|t:|1782737061\n|move|p2a: Misdreavus|Draining Kiss|p1a: Hariyama\n|-supereffective|p1a: Hariyama\n|-damage|p1a: Hariyama|264/392 brn\n|-heal|p2a: Misdreavus|128/254|[from] drain|[of] p1a: Hariyama\n|move|p1a: Hariyama|Knock Off|p2a: Misdreavus\n|-supereffective|p2a: Misdreavus\n|-damage|p2a: Misdreavus|0 fnt\n|faint|p2a: Misdreavus\n|\n|-damage|p1a: Hariyama|240/392 brn|[from] brn\n|upkeep\n|\n|t:|1782737066\n|switch|p2a: Braviary|Braviary, L85, M|309/309\n|turn|4\n|l|\u2606wheresmysupasuit\n|inactive|wheresmysupasuit disconnected and has a minute to reconnect!\n|player|p1|\n|j|\u2606wheresmysupasuit\n|inactive|wheresmysupasuit reconnected and has 130 seconds left.\n|player|p1|wheresmysupasuit|101|\n|\n|t:|1782737088\n|move|p2a: Braviary|Bulk Up|p2a: Braviary\n|-boost|p2a: Braviary|atk|1\n|-boost|p2a: Braviary|def|1\n|move|p1a: Hariyama|Close Combat|p2a: Braviary\n|-damage|p2a: Braviary|129/309\n|-unboost|p1a: Hariyama|def|1\n|-unboost|p1a: Hariyama|spd|1\n|\n|-damage|p1a: Hariyama|216/392 brn|[from] brn\n|upkeep\n|turn|5\n|inactive|katsuge5 has 90 seconds left.\n|\n|t:|1782737103\n|move|p2a: Braviary|Close Combat|p1a: Hariyama\n|-damage|p1a: Hariyama|0 fnt\n|-unboost|p2a: Braviary|def|1\n|-unboost|p2a: Braviary|spd|1\n|faint|p1a: Hariyama\n|\n|upkeep\n|\n|t:|1782737121\n|switch|p1a: Roaring Moon|Roaring Moon, L72|270/270\n|-activate|p1a: Roaring Moon|move: Sticky Web\n|-unboost|p1a: Roaring Moon|spe|1\n|turn|6\n|inactive|katsuge5 has 90 seconds left.\n|inactive|wheresmysupasuit has 120 seconds left.\n|\n|t:|1782737149\n|-end|p1a: Roaring Moon|Protosynthesis|[silent]\n|switch|p1a: Venusaur|Venusaur, L84, F|272/272\n|-activate|p1a: Venusaur|move: Sticky Web\n|-unboost|p1a: Venusaur|spe|1\n|move|p2a: Braviary|Close Combat|p1a: Venusaur\n|-resisted|p1a: Venusaur\n|-damage|p1a: Venusaur|187/272\n|-unboost|p2a: Braviary|def|1\n|-unboost|p2a: Braviary|spd|1\n|\n|-heal|p1a: Venusaur|204/272|[from] item: Leftovers\n|upkeep\n|turn|7\n|\n|t:|1782737163\n|move|p2a: Braviary|Brave Bird|p1a: Venusaur\n|-supereffective|p1a: Venusaur\n|-damage|p1a: Venusaur|0 fnt\n|faint|p1a: Venusaur\n|-damage|p2a: Braviary|62/309|[from] Recoil\n|\n|upkeep\n|\n|t:|1782737166\n|switch|p1a: Sneasler|Sneasler, L74, M|240/240\n|-activate|p1a: Sneasler|move: Sticky Web\n|-unboost|p1a: Sneasler|spe|1\n|-enditem|p1a: Sneasler|White Herb\n|-clearnegativeboost|p1a: Sneasler|[silent]\n|turn|8\n|inactive|wheresmysupasuit has 120 seconds left.\n|\n|t:|1782737179\n|move|p1a: Sneasler|Acrobatics|p2a: Braviary\n|-crit|p2a: Braviary\n|-damage|p2a: Braviary|0 fnt\n|faint|p2a: Braviary\n|\n|upkeep\n|inactive|katsuge5 has 90 seconds left.\n|\n|t:|1782737207\n|switch|p2a: Vikavolt|Vikavolt, L83, M|188/263\n|turn|9\n|inactive|wheresmysupasuit has 120 seconds left.\n|\n|t:|1782737237\n|move|p1a: Sneasler|Dire Claw|p2a: Vikavolt\n|-damage|p2a: Vikavolt|109/263\n|move|p2a: Vikavolt|Thunderbolt|p1a: Sneasler\n|-damage|p1a: Sneasler|86/240\n|\n|upkeep\n|turn|10\n|\n|t:|1782737249\n|move|p1a: Sneasler|Dire Claw|p2a: Vikavolt\n|-damage|p2a: Vikavolt|28/263\n|move|p2a: Vikavolt|Thunderbolt|p1a: Sneasler\n|-damage|p1a: Sneasler|0 fnt\n|faint|p1a: Sneasler\n|\n|upkeep\n|\n|t:|1782737258\n|switch|p1a: Morpeko|Morpeko, L88, M|245/245\n|-activate|p1a: Morpeko|move: Sticky Web\n|-unboost|p1a: Morpeko|spe|1\n|turn|11\n|\n|t:|1782737263\n|move|p1a: Morpeko|Rapid Spin|p2a: Vikavolt\n|-damage|p2a: Vikavolt|0 fnt\n|-boost|p1a: Morpeko|spe|1\n|-sideend|p1: wheresmysupasuit|Sticky Web|[from] move: Rapid Spin|[of] p1a: Morpeko\n|faint|p2a: Vikavolt\n|\n|-formechange|p1a: Morpeko|Morpeko-Hangry||[from] ability: Hunger Switch\n|upkeep\n|\n|t:|1782737291\n|switch|p2a: Blaziken|Blaziken, L76, M|247/247\n|turn|12\n|inactive|wheresmysupasuit has 120 seconds left.\n|\n|t:|1782737301\n|move|p1a: Morpeko|Knock Off|p2a: Blaziken\n|-resisted|p2a: Blaziken\n|-crit|p2a: Blaziken\n|-damage|p2a: Blaziken|141/247\n|-enditem|p2a: Blaziken|Life Orb|[from] move: Knock Off|[of] p1a: Morpeko\n|move|p2a: Blaziken|Close Combat|p1a: Morpeko\n|-supereffective|p1a: Morpeko\n|-damage|p1a: Morpeko|0 fnt\n|-unboost|p2a: Blaziken|def|1\n|-unboost|p2a: Blaziken|spd|1\n|faint|p1a: Morpeko\n|\n|-ability|p2a: Blaziken|Speed Boost|boost\n|-boost|p2a: Blaziken|spe|1\n|upkeep\n|inactive|wheresmysupasuit has 120 seconds left.\n|\n|t:|1782737323\n|switch|p1a: Enamorus|Enamorus-Therian, L83, F|259/259\n|turn|13\n|\n|t:|1782737334\n|move|p2a: Blaziken|Flare Blitz|p1a: Enamorus\n|-damage|p1a: Enamorus|147/259\n|-damage|p2a: Blaziken|104/247|[from] Recoil\n|move|p1a: Enamorus|Moonblast|p2a: Blaziken\n|-damage|p2a: Blaziken|0 fnt\n|faint|p2a: Blaziken\n|\n|upkeep\n|inactive|katsuge5 has 60 seconds left.\n|\n|t:|1782737367\n|switch|p2a: Hariyama|Hariyama, L87, F|392/392\n|turn|14\n|inactive|wheresmysupasuit has 120 seconds left.\n|\n|t:|1782737392\n|move|p2a: Hariyama|Fake Out|p1a: Enamorus\n|-damage|p1a: Enamorus|114/259\n|cant|p1a: Enamorus|flinch\n|\n|-status|p2a: Hariyama|brn|[from] item: Flame Orb\n|upkeep\n|turn|15\n|\n|t:|1782737401\n|move|p2a: Hariyama|Facade|p1a: Enamorus\n|-crit|p1a: Enamorus\n|-damage|p1a: Enamorus|0 fnt\n|faint|p1a: Enamorus\n|\n|-damage|p2a: Hariyama|368/392 brn|[from] brn\n|upkeep\n|\n|t:|1782737408\n|switch|p1a: Roaring Moon|Roaring Moon, L72|270/270\n|turn|16\n|inactive|katsuge5 has 60 seconds left.\n|\n|t:|1782737434\n|switch|p2a: Regigigas|Regigigas, L84|322/322\n|-start|p2a: Regigigas|ability: Slow Start\n|-terastallize|p1a: Roaring Moon|Dragon\n|move|p1a: Roaring Moon|Outrage|p2a: Regigigas\n|-damage|p2a: Regigigas|116/322\n|\n|-heal|p2a: Regigigas|136/322|[from] item: Leftovers\n|upkeep\n|turn|17\n|inactive|wheresmysupasuit has 120 seconds left.\n|\n|t:|1782737444\n|move|p1a: Roaring Moon|Outrage|p2a: Regigigas|[from] lockedmove\n|-damage|p2a: Regigigas|0 fnt\n|faint|p2a: Regigigas\n|-end|p2a: Regigigas|Slow Start|[silent]\n|\n|upkeep\n|inactive|katsuge5 has 60 seconds left.\n|\n|t:|1782737463\n|switch|p2a: Hariyama|Hariyama, L87, F|368/392 brn\n|turn|18\n|inactive|katsuge5 has 60 seconds left.\n|\n|t:|1782737475\n|-terastallize|p2a: Hariyama|Normal\n|move|p1a: Roaring Moon|Outrage|p2a: Hariyama|[from] lockedmove\n|-damage|p2a: Hariyama|50/392 brn\n|-start|p1a: Roaring Moon|confusion|[fatigue]\n|move|p2a: Hariyama|Facade|p1a: Roaring Moon\n|-damage|p1a: Roaring Moon|0 fnt\n|faint|p1a: Roaring Moon\n|-end|p1a: Roaring Moon|Protosynthesis|[silent]\n|\n|win|katsuge5\n|raw|wheresmysupasuit's rating: 2210 &rarr; <strong>2195</strong><br />(-15 for losing)\n|raw|katsuge5's rating: 2295 &rarr; <strong>2310</strong><br />(+15 for winning)\n", "inputlog": ">version 3f8ef8cf60cebd2b18892af2794d10415e14a302\n>start {\"formatid\":\"gen9randombattle\",\"seed\":\"sodium,13ac264589d12133465c08138620fcc3\",\"rated\":\"Rated battle\"}\n>player p1 {\"name\":\"wheresmysupasuit\",\"avatar\":\"101\",\"rating\":2210,\"seed\":\"sodium,8b37c7de68aebeeba63fc419498603aa\"}\n>player p2 {\"name\":\"katsuge5\",\"avatar\":\"265\",\"rating\":2295,\"seed\":\"sodium,197e1e388ba3e63b6c202586364c6f44\"}\n>p1 move uturn\n>p2 move stickyweb\n>p1 switch 3\n>p1 move knockoff\n>p2 switch 3\n>p1 move knockoff\n>p2 move drainingkiss\n>p2 switch 6\n>p1 move closecombat\n>p2 move bulkup\n>p1 move closecombat\n>p2 move closecombat\n>p1 switch 3\n>p1 switch 2\n>p2 move closecombat\n>p1 move sludgebomb\n>p2 move bravebird\n>p1 switch 6\n>p1 move acrobatics\n>p2 move bravebird\n>p2 switch 3\n>p1 move direclaw\n>p2 move thunderbolt\n>p1 move direclaw\n>p2 move thunderbolt\n>p1 switch 4\n>p1 move rapidspin\n>p2 move bugbuzz\n>p2 switch 5\n>p1 move knockoff\n>p2 move closecombat\n>p1 switch 5\n>p1 move moonblast\n>p2 move flareblitz\n>p2 switch 4\n>p1 move moonblast\n>p2 move fakeout\n>p1 move moonblast\n>p2 move facade\n>p1 switch 2\n>p1 move outrage terastallize\n>p2 switch 2\n>p1 move outrage\n>p2 move bodyslam\n>p2 switch 2\n>p1 move outrage\n>p2 move facade terastallize", "uploadtime": 1782737475, "views": 5, "formatid": "gen9randombattle", "rating": 2195, "private": 0, "password": null, "player_dets": [{"name": "wheresmysupasuit", "avatar": "101", "rating": 2210, "seed": "sodium,8b37c7de68aebeeba63fc419498603aa"}, {"name": "katsuge5", "avatar": "265", "rating": 2295, "seed": "sodium,197e1e388ba3e63b6c202586364c6f44"}], "teams_full": [{"Roaring Moon": {"name": "Roaring Moon", "species": "Roaring Moon", "speciesId": "roaringmoon", "gender": "N", "shiny": false, "level": 72, "moves": ["ironhead", "knockoff", "uturn", "outrage"], "ability": "Protosynthesis", "evs": {"hp": 85, "atk": 85, "def": 85, "spa": 85, "spd": 85, "spe": 85}, "ivs": {"hp": 31, "atk": 31, "def": 31, "spa": 31, "spd": 31, "spe": 31}, "item": "Choice Band", "teraType": "Dragon", "role": "Bulky Attacker", "bvs": {"hp": 105, "atk": 139, "def": 71, "spa": 55, "spd": 101, "spe": 119}, "stats": {"hp": 270, "atk": 242, "def": 144, "spa": 121, "spd": 187, "spe": 213}, "types": ["Dragon", "Dark"]}, "Venusaur": {"name": "Venusaur", "species": "Venusaur", "speciesId": "venusaur", "gender": "F", "shiny": false, "level": 84, "moves": ["earthpower", "synthesis", "sludgebomb", "knockoff"], "ability": "Chlorophyll", "evs": {"hp": 85, "atk": 85, "def": 85, "spa": 85, "spd": 85, "spe": 85}, "ivs": {"hp": 31, "atk": 31, "def": 31, "spa": 31, "spd": 31, "spe": 31}, "item": "Leftovers", "teraType": "Dark", "role": "Bulky Attacker", "bvs": {"hp": 80, "atk": 82, "def": 83, "spa": 100, "spd": 100, "spe": 80}, "stats": {"hp": 272, "atk": 186, "def": 188, "spa": 216, "spd": 216, "spe": 183}, "types": ["Grass", "Poison"]}, "Hariyama": {"name": "Hariyama", "species": "Hariyama", "speciesId": "hariyama", "gender": "M", "shiny": false, "level": 87, "moves": ["closecombat", "knockoff", "facade", "bulletpunch"], "ability": "Guts", "evs": {"hp": 85, "atk": 85, "def": 85, "spa": 85, "spd": 85, "spe": 85}, "ivs": {"hp": 31, "atk": 31, "def": 31, "spa": 31, "spd": 31, "spe": 31}, "item": "Flame Orb", "teraType": "Normal", "role": "Wallbreaker", "bvs": {"hp": 144, "atk": 120, "def": 60, "spa": 40, "spd": 60, "spe": 50}, "stats": {"hp": 392, "atk": 259, "def": 154, "spa": 119, "spd": 154, "spe": 137}, "types": ["Fighting"]}, "Morpeko": {"name": "Morpeko", "species": "Morpeko", "speciesId": "morpeko", "gender": "M", "shiny": false, "level": 88, "moves": ["protect", "rapidspin", "knockoff", "aurawheel"], "ability": "Hunger Switch", "evs": {"hp": 85, "atk": 85, "def": 85, "spa": 85, "spd": 85, "spe": 85}, "ivs": {"hp": 31, "atk": 31, "def": 31, "spa": 31, "spd": 31, "spe": 31}, "item": "Leftovers", "teraType": "Electric", "role": "Bulky Attacker", "bvs": {"hp": 58, "atk": 95, "def": 58, "spa": 70, "spd": 58, "spe": 97}, "stats": {"hp": 245, "atk": 217, "def": 152, "spa": 173, "spd": 152, "spe": 221}, "types": ["Electric", "Dark"]}, "Enamorus": {"name": "Enamorus", "species": "Enamorus-Therian", "speciesId": "enamorustherian", "gender": "F", "shiny": false, "level": 83, "moves": ["psychic", "mysticalfire", "moonblast", "earthpower"], "ability": "Overcoat", "evs": {"hp": 85, "atk": 0, "def": 85, "spa": 85, "spd": 85, "spe": 85}, "ivs": {"hp": 31, "atk": 0, "def": 31, "spa": 31, "spd": 31, "spe": 31}, "item": "Choice Specs", "teraType": "Ground", "role": "Bulky Attacker", "bvs": {"hp": 74, "atk": 115, "def": 110, "spa": 135, "spd": 100, "spe": 46}, "stats": {"hp": 259, "atk": 195, "def": 230, "spa": 272, "spd": 214, "spe": 124}, "types": ["Fairy", "Flying"]}, "Sneasler": {"name": "Sneasler", "species": "Sneasler", "speciesId": "sneasler", "gender": "M", "shiny": false, "level": 74, "moves": ["acrobatics", "swordsdance", "closecombat", "direclaw"], "ability": "Unburden", "evs": {"hp": 85, "atk": 85, "def": 85, "spa": 85, "spd": 85, "spe": 85}, "ivs": {"hp": 31, "atk": 31, "def": 31, "spa": 31, "spd": 31, "spe": 31}, "item": "White Herb", "teraType": "Flying", "role": "Setup Sweeper", "bvs": {"hp": 80, "atk": 130, "def": 60, "spa": 40, "spd": 80, "spe": 120}, "stats": {"hp": 240, "atk": 235, "def": 132, "spa": 102, "spd": 161, "spe": 221}, "types": ["Fighting", "Poison"]}}, {"Vikavolt": {"name": "Vikavolt", "species": "Vikavolt", "speciesId": "vikavolt", "gender": "M", "shiny": false, "level": 83, "moves": ["bugbuzz", "voltswitch", "thunderbolt", "stickyweb"], "ability": "Levitate", "evs": {"hp": 85, "atk": 0, "def": 85, "spa": 85, "spd": 85, "spe": 85}, "ivs": {"hp": 31, "atk": 0, "def": 31, "spa": 31, "spd": 31, "spe": 31}, "item": "Heavy-Duty Boots", "teraType": "Electric", "role": "Bulky Support", "bvs": {"hp": 77, "atk": 70, "def": 90, "spa": 145, "spd": 75, "spe": 43}, "stats": {"hp": 263, "atk": 121, "def": 197, "spa": 288, "spd": 172, "spe": 119}, "types": ["Bug", "Electric"]}, "Regigigas": {"name": "Regigigas", "species": "Regigigas", "speciesId": "regigigas", "gender": "N", "shiny": false, "level": 84, "moves": ["rest", "knockoff", "bodyslam", "sleeptalk"], "ability": "Slow Start", "evs": {"hp": 85, "atk": 85, "def": 85, "spa": 85, "spd": 85, "spe": 85}, "ivs": {"hp": 31, "atk": 31, "def": 31, "spa": 31, "spd": 31, "spe": 31}, "item": "Leftovers", "teraType": "Ghost", "role": "Bulky Support", "bvs": {"hp": 110, "atk": 160, "def": 110, "spa": 80, "spd": 110, "spe": 100}, "stats": {"hp": 322, "atk": 317, "def": 233, "spa": 183, "spd": 233, "spe": 216}, "types": ["Normal"]}, "Misdreavus": {"name": "Misdreavus", "species": "Misdreavus", "speciesId": "misdreavus", "gender": "M", "shiny": false, "level": 90, "moves": ["shadowball", "drainingkiss", "willowisp", "calmmind"], "ability": "Levitate", "evs": {"hp": 85, "atk": 0, "def": 85, "spa": 85, "spd": 85, "spe": 85}, "ivs": {"hp": 31, "atk": 0, "def": 31, "spa": 31, "spd": 31, "spe": 31}, "item": "Eviolite", "teraType": "Fairy", "role": "Bulky Setup", "bvs": {"hp": 60, "atk": 60, "def": 60, "spa": 85, "spd": 85, "spe": 85}, "stats": {"hp": 254, "atk": 113, "def": 159, "spa": 204, "spd": 204, "spe": 204}, "types": ["Ghost"]}, "Hariyama": {"name": "Hariyama", "species": "Hariyama", "speciesId": "hariyama", "gender": "F", "shiny": false, "level": 87, "moves": ["fakeout", "knockoff", "closecombat", "facade"], "ability": "Guts", "evs": {"hp": 85, "atk": 85, "def": 85, "spa": 85, "spd": 85, "spe": 85}, "ivs": {"hp": 31, "atk": 31, "def": 31, "spa": 31, "spd": 31, "spe": 31}, "item": "Flame Orb", "teraType": "Normal", "role": "Wallbreaker", "bvs": {"hp": 144, "atk": 120, "def": 60, "spa": 40, "spd": 60, "spe": 50}, "stats": {"hp": 392, "atk": 259, "def": 154, "spa": 119, "spd": 154, "spe": 137}, "types": ["Fighting"]}, "Blaziken": {"name": "Blaziken", "species": "Blaziken", "speciesId": "blaziken", "gender": "M", "shiny": false, "level": 76, "moves": ["flareblitz", "swordsdance", "knockoff", "closecombat"], "ability": "Speed Boost", "evs": {"hp": 85, "atk": 85, "def": 85, "spa": 85, "spd": 85, "spe": 85}, "ivs": {"hp": 31, "atk": 31, "def": 31, "spa": 31, "spd": 31, "spe": 31}, "item": "Life Orb", "teraType": "Dark", "role": "Setup Sweeper", "bvs": {"hp": 80, "atk": 120, "def": 70, "spa": 110, "spd": 70, "spe": 80}, "stats": {"hp": 247, "atk": 226, "def": 150, "spa": 211, "spd": 150, "spe": 166}, "types": ["Fire", "Fighting"]}, "Braviary": {"name": "Braviary", "species": "Braviary", "speciesId": "braviary", "gender": "M", "shiny": false, "level": 85, "moves": ["bravebird", "bulkup", "roost", "closecombat"], "ability": "Defiant", "evs": {"hp": 85, "atk": 85, "def": 85, "spa": 85, "spd": 85, "spe": 85}, "ivs": {"hp": 31, "atk": 31, "def": 31, "spa": 31, "spd": 31, "spe": 31}, "item": "Heavy-Duty Boots", "teraType": "Fighting", "role": "Fast Bulky Setup", "bvs": {"hp": 100, "atk": 123, "def": 75, "spa": 57, "spd": 75, "spe": 80}, "stats": {"hp": 309, "atk": 258, "def": 176, "spa": 146, "spd": 176, "spe": 185}, "types": ["Normal", "Flying"]}}]}