{"id": "gen9randombattle-2641130749", "format": "[Gen 9] Random Battle", "players": ["tokonibia2", "purotijuana"], "log": "|j|\u2606tokonibia2\n|j|\u2606purotijuana\n|t:|1782744330\n|gametype|singles\n|player|p1|tokonibia2|pilot|1000\n|player|p2|purotijuana|265|1021\n|gen|9\n|tier|[Gen 9] Random Battle\n|rated|\n|rule|Species Clause: Limit one of each Pok\u00e9mon\n|rule|HP Percentage Mod: HP is shown in percentages\n|rule|Sleep Clause Mod: Limit one foe put to sleep\n|rule|Illusion Level Mod: Illusion disguises the Pok\u00e9mon's true level\n|\n|t:|1782744330\n|teamsize|p1|6\n|teamsize|p2|6\n|start\n|switch|p1a: Magcargo|Magcargo, L95, F|268/268\n|switch|p2a: Snorlax|Snorlax, L82, M|397/397\n|turn|1\n|inactive|Battle timer is ON: inactive players will automatically lose when time's up. (requested by tokonibia2)\n|inactive|purotijuana has 120 seconds left.\n|inactive|purotijuana has 90 seconds left.\n|\n|t:|1782744404\n|move|p1a: Magcargo|Yawn|p2a: Snorlax\n|-start|p2a: Snorlax|move: Yawn|[of] p1a: Magcargo\n|move|p2a: Snorlax|Body Slam|p1a: Magcargo\n|-resisted|p1a: Magcargo\n|-damage|p1a: Magcargo|238/268\n|\n|upkeep\n|turn|2\n|\n|t:|1782744422\n|move|p1a: Magcargo|Stealth Rock|p2a: Snorlax\n|-sidestart|p2: purotijuana|move: Stealth Rock\n|move|p2a: Snorlax|Curse|p2a: Snorlax\n|-unboost|p2a: Snorlax|spe|1\n|-boost|p2a: Snorlax|atk|1\n|-boost|p2a: Snorlax|def|1\n|\n|-end|p2a: Snorlax|move: Yawn|[silent]\n|-status|p2a: Snorlax|slp\n|upkeep\n|-enditem|p2a: Snorlax|Chesto Berry|[eat]\n|-curestatus|p2a: Snorlax|slp|[msg]\n|turn|3\n|\n|t:|1782744435\n|move|p1a: Magcargo|Lava Plume|p2a: Snorlax\n|-damage|p2a: Snorlax|352/397\n|move|p2a: Snorlax|Crunch|p1a: Magcargo\n|-damage|p1a: Magcargo|180/268\n|\n|upkeep\n|turn|4\n|\n|t:|1782744450\n|move|p1a: Magcargo|Lava Plume|p2a: Snorlax\n|-damage|p2a: Snorlax|306/397\n|-status|p2a: Snorlax|brn\n|move|p2a: Snorlax|Curse|p2a: Snorlax\n|-unboost|p2a: Snorlax|spe|1\n|-boost|p2a: Snorlax|atk|1\n|-boost|p2a: Snorlax|def|1\n|\n|-damage|p2a: Snorlax|282/397 brn|[from] brn\n|upkeep\n|turn|5\n|\n|t:|1782744467\n|move|p1a: Magcargo|Lava Plume|p2a: Snorlax\n|-damage|p2a: Snorlax|236/397 brn\n|move|p2a: Snorlax|Curse|p2a: Snorlax\n|-unboost|p2a: Snorlax|spe|1\n|-boost|p2a: Snorlax|atk|1\n|-boost|p2a: Snorlax|def|1\n|\n|-damage|p2a: Snorlax|212/397 brn|[from] brn\n|upkeep\n|turn|6\n|\n|t:|1782744477\n|move|p1a: Magcargo|Lava Plume|p2a: Snorlax\n|-damage|p2a: Snorlax|170/397 brn\n|move|p2a: Snorlax|Crunch|p1a: Magcargo\n|-damage|p1a: Magcargo|127/268\n|\n|-damage|p2a: Snorlax|146/397 brn|[from] brn\n|upkeep\n|turn|7\n|\n|t:|1782744486\n|move|p1a: Magcargo|Recover|p1a: Magcargo\n|-heal|p1a: Magcargo|261/268\n|move|p2a: Snorlax|Body Slam|p1a: Magcargo\n|-resisted|p1a: Magcargo\n|-damage|p1a: Magcargo|219/268\n|\n|-damage|p2a: Snorlax|122/397 brn|[from] brn\n|upkeep\n|turn|8\n|\n|t:|1782744500\n|move|p1a: Magcargo|Lava Plume|p2a: Snorlax\n|-damage|p2a: Snorlax|79/397 brn\n|move|p2a: Snorlax|Body Slam|p1a: Magcargo\n|-resisted|p1a: Magcargo\n|-damage|p1a: Magcargo|179/268\n|\n|-damage|p2a: Snorlax|55/397 brn|[from] brn\n|upkeep\n|turn|9\n|\n|t:|1782744529\n|move|p1a: Magcargo|Lava Plume|p2a: Snorlax\n|-damage|p2a: Snorlax|7/397 brn\n|move|p2a: Snorlax|Rest|p2a: Snorlax\n|-status|p2a: Snorlax|slp|[from] move: Rest\n|-heal|p2a: Snorlax|397/397 slp|[silent]\n|\n|upkeep\n|turn|10\n|inactive|tokonibia2 has 120 seconds left.\n|\n|t:|1782744546\n|switch|p1a: Electivire|Electivire, L84, M|263/263\n|cant|p2a: Snorlax|slp\n|\n|upkeep\n|turn|11\n|inactive|tokonibia2 has 120 seconds left.\n|\n|t:|1782744561\n|switch|p2a: Gastrodon|Gastrodon-East, L86, F|331/331\n|-damage|p2a: Gastrodon|311/331|[from] Stealth Rock\n|move|p1a: Electivire|Ice Punch|p2a: Gastrodon\n|-damage|p2a: Gastrodon|215/331\n|-damage|p1a: Electivire|237/263|[from] item: Life Orb\n|\n|-heal|p2a: Gastrodon|235/331|[from] item: Leftovers\n|upkeep\n|turn|12\n|inactive|tokonibia2 has 120 seconds left.\n|\n|t:|1782744582\n|-terastallize|p1a: Electivire|Dark\n|move|p1a: Electivire|Knock Off|p2a: Gastrodon\n|-damage|p2a: Gastrodon|56/331\n|-enditem|p2a: Gastrodon|Leftovers|[from] move: Knock Off|[of] p1a: Electivire\n|-damage|p1a: Electivire|211/263|[from] item: Life Orb\n|move|p2a: Gastrodon|Ice Beam|p1a: Electivire\n|-damage|p1a: Electivire|142/263\n|\n|upkeep\n|turn|13\n|\n|t:|1782744596\n|move|p1a: Electivire|Knock Off|p2a: Gastrodon\n|-damage|p2a: Gastrodon|0 fnt\n|faint|p2a: Gastrodon\n|-damage|p1a: Electivire|116/263|[from] item: Life Orb\n|\n|upkeep\n|inactive|purotijuana has 120 seconds left.\n|\n|t:|1782744629\n|switch|p2a: Heatran|Heatran, L79, M|273/273\n|-damage|p2a: Heatran|239/273|[from] Stealth Rock\n|-item|p2a: Heatran|Air Balloon\n|turn|14\n|\n|t:|1782744647\n|move|p1a: Electivire|Knock Off|p2a: Heatran\n|-damage|p2a: Heatran|87/273\n|-enditem|p2a: Heatran|Air Balloon\n|-damage|p1a: Electivire|90/263|[from] item: Life Orb\n|move|p2a: Heatran|Earth Power|p1a: Electivire\n|-damage|p1a: Electivire|16/263\n|\n|upkeep\n|turn|15\n|\n|t:|1782744658\n|move|p1a: Electivire|Knock Off|p2a: Heatran\n|-damage|p2a: Heatran|0 fnt\n|faint|p2a: Heatran\n|-damage|p1a: Electivire|0 fnt|[from] item: Life Orb\n|faint|p1a: Electivire\n|\n|upkeep\n|\n|t:|1782744676\n|switch|p1a: Magcargo|Magcargo, L95, F|179/268\n|switch|p2a: Snorlax|Snorlax, L82, M|397/397 slp\n|-damage|p2a: Snorlax|348/397 slp|[from] Stealth Rock\n|turn|16\n|\n|t:|1782744686\n|move|p1a: Magcargo|Lava Plume|p2a: Snorlax\n|-damage|p2a: Snorlax|302/397 slp\n|cant|p2a: Snorlax|slp\n|\n|upkeep\n|turn|17\n|\n|t:|1782744692\n|move|p1a: Magcargo|Lava Plume|p2a: Snorlax\n|-damage|p2a: Snorlax|256/397 slp\n|-curestatus|p2a: Snorlax|slp|[msg]\n|move|p2a: Snorlax|Curse|p2a: Snorlax\n|-unboost|p2a: Snorlax|spe|1\n|-boost|p2a: Snorlax|atk|1\n|-boost|p2a: Snorlax|def|1\n|\n|upkeep\n|turn|18\n|inactive|tokonibia2 has 120 seconds left.\n|\n|t:|1782744708\n|switch|p1a: Persian|Persian-Alola, L86, M|252/252\n|move|p2a: Snorlax|Body Slam|p1a: Persian\n|-damage|p1a: Persian|167/252\n|\n|upkeep\n|turn|19\n|\n|t:|1782744720\n|move|p1a: Persian|Foul Play|p2a: Snorlax\n|-damage|p2a: Snorlax|124/397\n|move|p2a: Snorlax|Body Slam|p1a: Persian\n|-damage|p1a: Persian|71/252\n|-status|p1a: Persian|par\n|\n|upkeep\n|turn|20\n|\n|t:|1782744729\n|move|p1a: Persian|Foul Play|p2a: Snorlax\n|-damage|p2a: Snorlax|0 fnt\n|faint|p2a: Snorlax\n|\n|upkeep\n|\n|t:|1782744742\n|switch|p2a: Cramorant|Cramorant, L86, M|261/261\n|turn|21\n|inactive|tokonibia2 has 120 seconds left.\n|\n|t:|1782744764\n|move|p2a: Cramorant|Surf|p1a: Persian\n|-formechange|p2a: Cramorant|Cramorant-Gulping|\n|-damage|p1a: Persian|0 fnt\n|faint|p1a: Persian\n|\n|upkeep\n|\n|t:|1782744771\n|switch|p1a: Latias|Latias, L79, F|256/256\n|turn|22\n|inactive|purotijuana has 120 seconds left.\n|\n|t:|1782744798\n|switch|p2a: Grafaiai|Grafaiai, L86, F|249/249\n|move|p1a: Latias|Calm Mind|p1a: Latias\n|-boost|p1a: Latias|spa|1\n|-boost|p1a: Latias|spd|1\n|\n|upkeep\n|turn|23\n|\n|t:|1782744812\n|move|p2a: Grafaiai|Knock Off|p1a: Latias\n|-supereffective|p1a: Latias\n|-damage|p1a: Latias|118/256\n|-enditem|p1a: Latias|Soul Dew|[from] move: Knock Off|[of] p2a: Grafaiai\n|move|p1a: Latias|Psyshock|p2a: Grafaiai\n|-supereffective|p2a: Grafaiai\n|-damage|p2a: Grafaiai|0 fnt\n|faint|p2a: Grafaiai\n|\n|upkeep\n|\n|t:|1782744828\n|switch|p2a: Shaymin|Shaymin-Sky, L73|266/266\n|turn|24\n|inactive|tokonibia2 has 120 seconds left.\n|\n|t:|1782744839\n|move|p2a: Shaymin|Seed Flare|p1a: Latias\n|-resisted|p1a: Latias\n|-damage|p1a: Latias|85/256\n|-unboost|p1a: Latias|spd|2\n|move|p1a: Latias|Recover|p1a: Latias\n|-heal|p1a: Latias|213/256\n|\n|upkeep\n|turn|25\n|inactive|tokonibia2 has 120 seconds left.\n|\n|t:|1782744851\n|move|p2a: Shaymin|Air Slash|p1a: Latias\n|-damage|p1a: Latias|135/256\n|move|p1a: Latias|Draco Meteor|p2a: Shaymin\n|-damage|p2a: Shaymin|7/266\n|-unboost|p1a: Latias|spa|2\n|\n|upkeep\n|turn|26\n|\n|t:|1782744860\n|switch|p1a: Hitmontop|Hitmontop, L88, M|231/231\n|move|p2a: Shaymin|Seed Flare|p1a: Hitmontop|[miss]\n|-miss|p2a: Shaymin|p1a: Hitmontop\n|\n|upkeep\n|turn|27\n|\n|t:|1782744869\n|move|p2a: Shaymin|Synthesis|p2a: Shaymin\n|-heal|p2a: Shaymin|140/266\n|move|p1a: Hitmontop|Rapid Spin|p2a: Shaymin\n|-damage|p2a: Shaymin|59/266\n|-boost|p1a: Hitmontop|spe|1\n|\n|upkeep\n|turn|28\n|\n|t:|1782744876\n|move|p1a: Hitmontop|Triple Axel|p2a: Shaymin\n|-supereffective|p2a: Shaymin\n|-damage|p2a: Shaymin|0 fnt\n|faint|p2a: Shaymin\n|-hitcount|p2: Shaymin|1\n|\n|upkeep\n|\n|t:|1782744882\n|switch|p2a: Cramorant|Cramorant, L86, M|261/261\n|turn|29\n|\n|t:|1782744888\n|move|p1a: Hitmontop|Triple Axel|p2a: Cramorant\n|-damage|p2a: Cramorant|229/261\n|-damage|p2a: Cramorant|164/261\n|-damage|p2a: Cramorant|74/261\n|-hitcount|p2a: Cramorant|3\n|move|p2a: Cramorant|Brave Bird|p1a: Hitmontop\n|-supereffective|p1a: Hitmontop\n|-damage|p1a: Hitmontop|19/231\n|-damage|p2a: Cramorant|4/261|[from] Recoil\n|\n|-heal|p1a: Hitmontop|33/231|[from] item: Leftovers\n|upkeep\n|turn|30\n|inactive|purotijuana has 120 seconds left.\n|c|\u2606tokonibia2|gg\n|\n|t:|1782744903\n|move|p1a: Hitmontop|Triple Axel|p2a: Cramorant\n|-damage|p2a: Cramorant|0 fnt\n|faint|p2a: Cramorant\n|-hitcount|p2: Cramorant|1\n|\n|win|tokonibia2\n|raw|tokonibia2's rating: 1000 &rarr; <strong>1042</strong><br />(+42 for winning)\n|raw|purotijuana's rating: 1021 &rarr; <strong>1007</strong><br />(-14 for losing)\n|l|\u2606purotijuana\n|player|p2|\n", "inputlog": ">version f8ac14003a5f27e1bdc8d8c59608a773c1cb96e5\n>start {\"formatid\":\"gen9randombattle\",\"seed\":\"sodium,665e99884ac6aedec5532eeca4e07df4\",\"rated\":\"Rated battle\"}\n>player p1 {\"name\":\"tokonibia2\",\"avatar\":\"pilot\",\"rating\":1000,\"seed\":\"sodium,abdbba9d8e75e5a48d781c728a579a9b\"}\n>player p2 {\"name\":\"purotijuana\",\"avatar\":\"265\",\"rating\":1021,\"seed\":\"sodium,d42efd8994df02efba7e04d90af3a8c4\"}\n>p1 move yawn\n>p2 move bodyslam\n>p1 move stealthrock\n>p2 move curse\n>p1 move lavaplume\n>p2 move crunch\n>p1 move lavaplume\n>p2 move curse\n>p1 move lavaplume\n>p2 move curse\n>p1 move lavaplume\n>p2 move crunch\n>p1 move recover\n>p2 move bodyslam\n>p1 move lavaplume\n>p2 move bodyslam\n>p1 move lavaplume\n>p2 move rest\n>p1 switch 5\n>p2 move crunch\n>p1 move icepunch\n>p2 switch 2\n>p1 move knockoff terastallize\n>p2 move icebeam\n>p1 move knockoff\n>p2 move recover\n>p2 switch 6\n>p1 move knockoff\n>p2 move earthpower\n>p1 move knockoff\n>p2 move heavyslam\n>p1 switch 5\n>p2 switch 2\n>p1 move lavaplume\n>p2 move curse\n>p1 move lavaplume\n>p2 move curse\n>p1 switch 2\n>p2 move bodyslam\n>p1 move foulplay\n>p2 move bodyslam\n>p1 move foulplay\n>p2 move bodyslam\n>p2 switch 5\n>p1 move thunderwave\n>p2 move surf\n>p1 switch 6\n>p1 move calmmind\n>p2 switch 3\n>p1 move psyshock\n>p2 move knockoff\n>p2 switch 4\n>p1 move recover\n>p2 move seedflare\n>p1 move dracometeor\n>p2 move airslash\n>p1 switch 4\n>p2 move seedflare\n>p1 move rapidspin\n>p2 move synthesis\n>p1 move tripleaxel\n>p2 move airslash\n>p2 switch 3\n>p1 move tripleaxel\n>p2 move bravebird\n>chat \u2606tokonibia2|gg\n>p1 move tripleaxel\n>p2 move roost", "uploadtime": 1782744910, "views": 4, "formatid": "gen9randombattle", "rating": 1007, "private": 0, "password": null, "player_dets": [{"name": "tokonibia2", "avatar": "pilot", "rating": 1000, "seed": "sodium,abdbba9d8e75e5a48d781c728a579a9b"}, {"name": "purotijuana", "avatar": "265", "rating": 1021, "seed": "sodium,d42efd8994df02efba7e04d90af3a8c4"}], "teams_full": [{"Magcargo": {"name": "Magcargo", "species": "Magcargo", "speciesId": "magcargo", "gender": "F", "shiny": false, "level": 95, "moves": ["lavaplume", "stealthrock", "recover", "yawn"], "ability": "Flame Body", "evs": {"hp": 85, "atk": 0, "def": 85, "spa": 85, "spd": 85, "spe": 85}, "ivs": {"hp": 31, "atk": 0, "def": 31, "spa": 31, "spd": 31, "spe": 31}, "item": "Heavy-Duty Boots", "teraType": "Grass", "role": "Bulky Support", "bvs": {"hp": 60, "atk": 50, "def": 120, "spa": 90, "spd": 80, "spe": 30}, "stats": {"hp": 268, "atk": 100, "def": 282, "spa": 225, "spd": 206, "spe": 111}, "types": ["Fire", "Rock"]}, "Persian": {"name": "Persian", "species": "Persian-Alola", "speciesId": "persianalola", "gender": "M", "shiny": false, "level": 86, "moves": ["thunderwave", "taunt", "partingshot", "foulplay"], "ability": "Fur Coat", "evs": {"hp": 85, "atk": 0, "def": 85, "spa": 85, "spd": 85, "spe": 85}, "ivs": {"hp": 31, "atk": 0, "def": 31, "spa": 31, "spd": 31, "spe": 31}, "item": "Heavy-Duty Boots", "teraType": "Fairy", "role": "Fast Support", "bvs": {"hp": 65, "atk": 60, "def": 60, "spa": 75, "spd": 65, "spe": 115}, "stats": {"hp": 252, "atk": 108, "def": 152, "spa": 178, "spd": 161, "spe": 247}, "types": ["Dark"]}, "Rampardos": {"name": "Rampardos", "species": "Rampardos", "speciesId": "rampardos", "gender": "F", "shiny": false, "level": 90, "moves": ["zenheadbutt", "rockslide", "earthquake", "firepunch"], "ability": "Sheer Force", "evs": {"hp": 85, "atk": 85, "def": 85, "spa": 85, "spd": 85, "spe": 85}, "ivs": {"hp": 31, "atk": 31, "def": 31, "spa": 31, "spd": 31, "spe": 31}, "item": "Life Orb", "teraType": "Psychic", "role": "Wallbreaker", "bvs": {"hp": 97, "atk": 165, "def": 60, "spa": 65, "spd": 50, "spe": 58}, "stats": {"hp": 321, "atk": 348, "def": 159, "spa": 168, "spd": 141, "spe": 156}, "types": ["Rock"]}, "Hitmontop": {"name": "Hitmontop", "species": "Hitmontop", "speciesId": "hitmontop", "gender": "M", "shiny": false, "level": 88, "moves": ["rapidspin", "closecombat", "tripleaxel", "bulkup"], "ability": "Technician", "evs": {"hp": 85, "atk": 85, "def": 85, "spa": 85, "spd": 85, "spe": 85}, "ivs": {"hp": 31, "atk": 31, "def": 31, "spa": 31, "spd": 31, "spe": 31}, "item": "Leftovers", "teraType": "Ice", "role": "Bulky Setup", "bvs": {"hp": 50, "atk": 95, "def": 95, "spa": 35, "spd": 110, "spe": 70}, "stats": {"hp": 231, "atk": 217, "def": 217, "spa": 112, "spd": 244, "spe": 173}, "types": ["Fighting"]}, "Electivire": {"name": "Electivire", "species": "Electivire", "speciesId": "electivire", "gender": "M", "shiny": false, "level": 84, "moves": ["flamethrower", "supercellslam", "icepunch", "knockoff"], "ability": "Motor Drive", "evs": {"hp": 85, "atk": 85, "def": 85, "spa": 85, "spd": 85, "spe": 85}, "ivs": {"hp": 31, "atk": 31, "def": 31, "spa": 31, "spd": 31, "spe": 31}, "item": "Life Orb", "teraType": "Dark", "role": "Fast Attacker", "bvs": {"hp": 75, "atk": 123, "def": 67, "spa": 95, "spd": 85, "spe": 95}, "stats": {"hp": 263, "atk": 255, "def": 161, "spa": 208, "spd": 191, "spe": 208}, "types": ["Electric"]}, "Latias": {"name": "Latias", "species": "Latias", "speciesId": "latias", "gender": "F", "shiny": false, "level": 79, "moves": ["calmmind", "psyshock", "dracometeor", "recover"], "ability": "Levitate", "evs": {"hp": 85, "atk": 0, "def": 85, "spa": 85, "spd": 85, "spe": 85}, "ivs": {"hp": 31, "atk": 0, "def": 31, "spa": 31, "spd": 31, "spe": 31}, "item": "Soul Dew", "teraType": "Steel", "role": "Fast Bulky Setup", "bvs": {"hp": 80, "atk": 80, "def": 90, "spa": 110, "spd": 130, "spe": 110}, "stats": {"hp": 256, "atk": 131, "def": 188, "spa": 219, "spd": 251, "spe": 219}, "types": ["Dragon", "Psychic"]}}, {"Snorlax": {"name": "Snorlax", "species": "Snorlax", "speciesId": "snorlax", "gender": "M", "shiny": false, "level": 82, "moves": ["bodyslam", "curse", "crunch", "rest"], "ability": "Thick Fat", "evs": {"hp": 85, "atk": 85, "def": 85, "spa": 85, "spd": 85, "spe": 85}, "ivs": {"hp": 31, "atk": 31, "def": 31, "spa": 31, "spd": 31, "spe": 31}, "item": "Chesto Berry", "teraType": "Poison", "role": "Bulky Setup", "bvs": {"hp": 160, "atk": 110, "def": 65, "spa": 65, "spd": 110, "spe": 30}, "stats": {"hp": 397, "atk": 228, "def": 154, "spa": 154, "spd": 228, "spe": 96}, "types": ["Normal"]}, "Gastrodon": {"name": "Gastrodon", "species": "Gastrodon-East", "speciesId": "gastrodon", "gender": "F", "shiny": false, "level": 86, "moves": ["icebeam", "recover", "earthquake", "surf"], "ability": "Storm Drain", "evs": {"hp": 85, "atk": 85, "def": 85, "spa": 85, "spd": 85, "spe": 85}, "ivs": {"hp": 31, "atk": 31, "def": 31, "spa": 31, "spd": 31, "spe": 31}, "item": "Leftovers", "teraType": "Poison", "role": "Bulky Attacker", "bvs": {"hp": 111, "atk": 83, "def": 68, "spa": 92, "spd": 82, "spe": 39}, "stats": {"hp": 331, "atk": 192, "def": 166, "spa": 207, "spd": 190, "spe": 116}, "types": ["Water", "Ground"]}, "Grafaiai": {"name": "Grafaiai", "species": "Grafaiai", "speciesId": "grafaiai", "gender": "F", "shiny": false, "level": 86, "moves": ["encore", "partingshot", "knockoff", "gunkshot"], "ability": "Prankster", "evs": {"hp": 85, "atk": 85, "def": 85, "spa": 85, "spd": 85, "spe": 85}, "ivs": {"hp": 31, "atk": 31, "def": 31, "spa": 31, "spd": 31, "spe": 31}, "item": "Heavy-Duty Boots", "teraType": "Dark", "role": "Fast Support", "bvs": {"hp": 63, "atk": 95, "def": 65, "spa": 80, "spd": 72, "spe": 110}, "stats": {"hp": 249, "atk": 213, "def": 161, "spa": 187, "spd": 173, "spe": 238}, "types": ["Poison", "Normal"]}, "Shaymin": {"name": "Shaymin", "species": "Shaymin-Sky", "speciesId": "shayminsky", "gender": "N", "shiny": false, "level": 73, "moves": ["synthesis", "earthpower", "seedflare", "airslash"], "ability": "Serene Grace", "evs": {"hp": 85, "atk": 0, "def": 85, "spa": 85, "spd": 85, "spe": 85}, "ivs": {"hp": 31, "atk": 0, "def": 31, "spa": 31, "spd": 31, "spe": 31}, "item": "Heavy-Duty Boots", "teraType": "Water", "role": "Bulky Attacker", "bvs": {"hp": 100, "atk": 103, "def": 75, "spa": 120, "spd": 75, "spe": 127}, "stats": {"hp": 266, "atk": 155, "def": 152, "spa": 218, "spd": 152, "spe": 228}, "types": ["Grass", "Flying"]}, "Cramorant": {"name": "Cramorant", "species": "Cramorant", "speciesId": "cramorant", "gender": "M", "shiny": false, "level": 86, "moves": ["bravebird", "roost", "defog", "surf"], "ability": "Gulp Missile", "evs": {"hp": 85, "atk": 85, "def": 85, "spa": 85, "spd": 85, "spe": 85}, "ivs": {"hp": 31, "atk": 31, "def": 31, "spa": 31, "spd": 31, "spe": 31}, "item": "Heavy-Duty Boots", "teraType": "Ground", "role": "Bulky Support", "bvs": {"hp": 70, "atk": 85, "def": 55, "spa": 85, "spd": 95, "spe": 85}, "stats": {"hp": 261, "atk": 195, "def": 144, "spa": 195, "spd": 213, "spe": 195}, "types": ["Flying", "Water"]}, "Heatran": {"name": "Heatran", "species": "Heatran", "speciesId": "heatran", "gender": "M", "shiny": false, "level": 79, "moves": ["magmastorm", "earthpower", "stealthrock", "heavyslam"], "ability": "Flash Fire", "evs": {"hp": 85, "atk": 85, "def": 85, "spa": 85, "spd": 85, "spe": 85}, "ivs": {"hp": 31, "atk": 31, "def": 31, "spa": 31, "spd": 31, "spe": 31}, "item": "Air Balloon", "teraType": "Flying", "role": "Bulky Support", "bvs": {"hp": 91, "atk": 90, "def": 106, "spa": 130, "spd": 106, "spe": 77}, "stats": {"hp": 273, "atk": 188, "def": 213, "spa": 251, "spd": 213, "spe": 167}, "types": ["Fire", "Steel"]}}]}