{"id": "gen9randombattle-2641316698", "format": "[Gen 9] Random Battle", "players": ["notmetbh102", "fosdfo"], "log": "|badge|p1|bronze|gen9randombattle|100-9\n|html|<div class=\"broadcast-red\"><strong>This battle is required to be public due to one or more player having a season medal.</strong><br />During the public phase, you can discuss the state of the ladder <a href=\"/seasondiscussion\">in a special chatroom.</a></div>\n|uhtml|medal-msg|<div class=\"broadcast-blue\">Curious what those medals under the avatar are? PS now has Ladder Seasons! For more information, check out the <a href=\"https://www.smogon.com/forums/threads/3740067/\">thread on Smogon.</a></div>\n|badge|p2|bronze|gen9randombattle|100-9\n|uhtml|medal-msg|<div class=\"broadcast-blue\">Curious what those medals under the avatar are? PS now has Ladder Seasons! For more information, check out the <a href=\"https://www.smogon.com/forums/threads/3740067/\">thread on Smogon.</a></div>\n|j|\u2606notmetbh102\n|j|\u2606fosdfo\n|t:|1782767043\n|gametype|singles\n|player|p1|notmetbh102|2|2317\n|player|p2|fosdfo|2|2294\n|gen|9\n|tier|[Gen 9] Random Battle\n|rated|\n|rule|Species Clause: Limit one of each Pok\u00e9mon\n|rule|HP Percentage Mod: HP is shown in percentages\n|rule|Sleep Clause Mod: Limit one foe put to sleep\n|rule|Illusion Level Mod: Illusion disguises the Pok\u00e9mon's true level\n|\n|t:|1782767043\n|teamsize|p1|6\n|teamsize|p2|6\n|start\n|switch|p1a: Kingdra|Kingdra, L84, F|263/263\n|switch|p2a: Mandibuzz|Mandibuzz, L85, F|326/326\n|turn|1\n|inactive|Battle timer is ON: inactive players will automatically lose when time's up. (requested by notmetbh102)\n|c|\u2606notmetbh102|hf\n|\n|t:|1782767072\n|switch|p1a: Chi-Yu|Chi-Yu, L77|211/211\n|-ability|p1a: Chi-Yu|Beads of Ruin\n|move|p2a: Mandibuzz|Foul Play|p1a: Chi-Yu\n|-resisted|p1a: Chi-Yu\n|-damage|p1a: Chi-Yu|172/211\n|\n|upkeep\n|turn|2\n|\n|t:|1782767083\n|move|p1a: Chi-Yu|Dark Pulse|p2a: Mandibuzz\n|-resisted|p2a: Mandibuzz\n|-damage|p2a: Mandibuzz|234/326\n|move|p2a: Mandibuzz|Brave Bird|p1a: Chi-Yu\n|-damage|p1a: Chi-Yu|55/211\n|-damage|p2a: Mandibuzz|195/326|[from] Recoil\n|\n|upkeep\n|turn|3\n|\n|t:|1782767088\n|move|p1a: Chi-Yu|Dark Pulse|p2a: Mandibuzz\n|-resisted|p2a: Mandibuzz\n|-damage|p2a: Mandibuzz|111/326\n|move|p2a: Mandibuzz|Roost|p2a: Mandibuzz\n|-heal|p2a: Mandibuzz|274/326\n|-singleturn|p2a: Mandibuzz|move: Roost\n|\n|upkeep\n|turn|4\n|\n|t:|1782767092\n|switch|p1a: Clodsire|Clodsire, L81, F|343/343\n|move|p2a: Mandibuzz|Brave Bird|p1a: Clodsire\n|-damage|p1a: Clodsire|207/343\n|-damage|p2a: Mandibuzz|229/326|[from] Recoil\n|\n|-heal|p1a: Clodsire|228/343|[from] item: Leftovers\n|upkeep\n|turn|5\n|\n|t:|1782767096\n|switch|p2a: Gothitelle|Gothitelle, L90, F|272/272\n|move|p1a: Clodsire|Recover|p1a: Clodsire\n|-heal|p1a: Clodsire|343/343\n|\n|upkeep\n|turn|6\n|\n|t:|1782767104\n|move|p2a: Gothitelle|Calm Mind|p2a: Gothitelle\n|-boost|p2a: Gothitelle|spa|1\n|-boost|p2a: Gothitelle|spd|1\n|move|p1a: Clodsire|Stealth Rock|p2a: Gothitelle\n|-sidestart|p2: fosdfo|move: Stealth Rock\n|\n|upkeep\n|turn|7\n|\n|t:|1782767105\n|move|p2a: Gothitelle|Psychic Noise|p1a: Clodsire\n|-supereffective|p1a: Clodsire\n|-damage|p1a: Clodsire|79/343\n|-start|p1a: Clodsire|move: Heal Block\n|move|p1a: Clodsire|Gunk Shot|p2a: Gothitelle\n|-damage|p2a: Gothitelle|187/272\n|-status|p2a: Gothitelle|psn\n|\n|-heal|p2a: Gothitelle|204/272 psn|[from] item: Leftovers\n|-damage|p2a: Gothitelle|170/272 psn|[from] psn\n|upkeep\n|turn|8\n|\n|t:|1782767110\n|move|p2a: Gothitelle|Psychic Noise|p1a: Clodsire\n|-supereffective|p1a: Clodsire\n|-damage|p1a: Clodsire|0 fnt\n|faint|p1a: Clodsire\n|\n|-heal|p2a: Gothitelle|187/272 psn|[from] item: Leftovers\n|-damage|p2a: Gothitelle|153/272 psn|[from] psn\n|upkeep\n|\n|t:|1782767111\n|switch|p1a: Chi-Yu|Chi-Yu, L77|55/211\n|-ability|p1a: Chi-Yu|Beads of Ruin\n|turn|9\n|\n|t:|1782767115\n|move|p1a: Chi-Yu|Flamethrower|p2a: Gothitelle\n|-damage|p2a: Gothitelle|48/272 psn\n|move|p2a: Gothitelle|Thunderbolt|p1a: Chi-Yu\n|-damage|p1a: Chi-Yu|0 fnt\n|faint|p1a: Chi-Yu\n|\n|-heal|p2a: Gothitelle|65/272 psn|[from] item: Leftovers\n|-damage|p2a: Gothitelle|31/272 psn|[from] psn\n|upkeep\n|\n|t:|1782767116\n|switch|p1a: Oinkologne|Oinkologne-F, L92, F|361/361\n|turn|10\n|\n|t:|1782767119\n|move|p1a: Oinkologne|Body Slam|p2a: Gothitelle\n|-damage|p2a: Gothitelle|0 fnt\n|faint|p2a: Gothitelle\n|\n|upkeep\n|\n|t:|1782767129\n|switch|p2a: Archaludon|Archaludon, L78, M|268/268\n|-damage|p2a: Archaludon|252/268|[from] Stealth Rock\n|turn|11\n|\n|t:|1782767132\n|-terastallize|p1a: Oinkologne|Ground\n|move|p2a: Archaludon|Body Press|p1a: Oinkologne\n|-damage|p1a: Oinkologne|296/361\n|move|p1a: Oinkologne|High Horsepower|p2a: Archaludon\n|-supereffective|p2a: Archaludon\n|-damage|p2a: Archaludon|60/268\n|-ability|p2a: Archaludon|Stamina|boost\n|-boost|p2a: Archaludon|def|1\n|\n|-heal|p2a: Archaludon|76/268|[from] item: Leftovers\n|-heal|p1a: Oinkologne|318/361|[from] item: Leftovers\n|upkeep\n|turn|12\n|\n|t:|1782767137\n|move|p2a: Archaludon|Draco Meteor|p1a: Oinkologne\n|-damage|p1a: Oinkologne|197/361\n|-unboost|p2a: Archaludon|spa|2\n|move|p1a: Oinkologne|Curse|p1a: Oinkologne\n|-unboost|p1a: Oinkologne|spe|1\n|-boost|p1a: Oinkologne|atk|1\n|-boost|p1a: Oinkologne|def|1\n|\n|-heal|p2a: Archaludon|92/268|[from] item: Leftovers\n|-heal|p1a: Oinkologne|219/361|[from] item: Leftovers\n|upkeep\n|turn|13\n|\n|t:|1782767140\n|move|p2a: Archaludon|Draco Meteor|p1a: Oinkologne\n|-damage|p1a: Oinkologne|146/361\n|-unboost|p2a: Archaludon|spa|2\n|move|p1a: Oinkologne|Curse|p1a: Oinkologne\n|-unboost|p1a: Oinkologne|spe|1\n|-boost|p1a: Oinkologne|atk|1\n|-boost|p1a: Oinkologne|def|1\n|\n|-heal|p2a: Archaludon|108/268|[from] item: Leftovers\n|-heal|p1a: Oinkologne|168/361|[from] item: Leftovers\n|upkeep\n|turn|14\n|\n|t:|1782767145\n|move|p2a: Archaludon|Draco Meteor|p1a: Oinkologne\n|-damage|p1a: Oinkologne|126/361\n|-unboost|p2a: Archaludon|spa|2\n|move|p1a: Oinkologne|Body Slam|p2a: Archaludon\n|-resisted|p2a: Archaludon\n|-damage|p2a: Archaludon|56/268\n|-ability|p2a: Archaludon|Stamina|boost\n|-boost|p2a: Archaludon|def|1\n|\n|-heal|p2a: Archaludon|72/268|[from] item: Leftovers\n|-heal|p1a: Oinkologne|148/361|[from] item: Leftovers\n|upkeep\n|turn|15\n|\n|t:|1782767153\n|move|p2a: Archaludon|Draco Meteor|p1a: Oinkologne|[miss]\n|-miss|p2a: Archaludon|p1a: Oinkologne\n|move|p1a: Oinkologne|Curse|p1a: Oinkologne\n|-unboost|p1a: Oinkologne|spe|1\n|-boost|p1a: Oinkologne|atk|1\n|-boost|p1a: Oinkologne|def|1\n|\n|-heal|p2a: Archaludon|88/268|[from] item: Leftovers\n|-heal|p1a: Oinkologne|170/361|[from] item: Leftovers\n|upkeep\n|turn|16\n|\n|t:|1782767155\n|move|p2a: Archaludon|Draco Meteor|p1a: Oinkologne\n|-damage|p1a: Oinkologne|137/361\n|move|p1a: Oinkologne|Curse|p1a: Oinkologne\n|-unboost|p1a: Oinkologne|spe|1\n|-boost|p1a: Oinkologne|atk|1\n|-boost|p1a: Oinkologne|def|1\n|\n|-heal|p2a: Archaludon|104/268|[from] item: Leftovers\n|-heal|p1a: Oinkologne|159/361|[from] item: Leftovers\n|upkeep\n|turn|17\n|\n|t:|1782767159\n|move|p2a: Archaludon|Draco Meteor|p1a: Oinkologne\n|-damage|p1a: Oinkologne|126/361\n|move|p1a: Oinkologne|Curse|p1a: Oinkologne\n|-unboost|p1a: Oinkologne|spe|1\n|-boost|p1a: Oinkologne|atk|1\n|-boost|p1a: Oinkologne|def|1\n|\n|-heal|p2a: Archaludon|120/268|[from] item: Leftovers\n|-heal|p1a: Oinkologne|148/361|[from] item: Leftovers\n|upkeep\n|turn|18\n|\n|t:|1782767163\n|move|p2a: Archaludon|Body Press|p1a: Oinkologne\n|-damage|p1a: Oinkologne|107/361\n|move|p1a: Oinkologne|Curse|p1a: Oinkologne\n|-unboost|p1a: Oinkologne|spe|1\n|-boost|p1a: Oinkologne|atk|1\n|-boost|p1a: Oinkologne|def|1\n|\n|-heal|p2a: Archaludon|136/268|[from] item: Leftovers\n|-heal|p1a: Oinkologne|129/361|[from] item: Leftovers\n|upkeep\n|turn|19\n|\n|t:|1782767166\n|move|p2a: Archaludon|Body Press|p1a: Oinkologne\n|-damage|p1a: Oinkologne|94/361\n|move|p1a: Oinkologne|Body Slam|p2a: Archaludon\n|-resisted|p2a: Archaludon\n|-damage|p2a: Archaludon|61/268\n|-ability|p2a: Archaludon|Stamina|boost\n|-boost|p2a: Archaludon|def|1\n|\n|-heal|p2a: Archaludon|77/268|[from] item: Leftovers\n|-heal|p1a: Oinkologne|116/361|[from] item: Leftovers\n|upkeep\n|turn|20\n|\n|t:|1782767168\n|move|p2a: Archaludon|Body Press|p1a: Oinkologne\n|-damage|p1a: Oinkologne|75/361\n|move|p1a: Oinkologne|Body Slam|p2a: Archaludon\n|-resisted|p2a: Archaludon\n|-damage|p2a: Archaludon|12/268\n|-ability|p2a: Archaludon|Stamina|boost\n|-boost|p2a: Archaludon|def|1\n|\n|-heal|p2a: Archaludon|28/268|[from] item: Leftovers\n|-heal|p1a: Oinkologne|97/361|[from] item: Leftovers\n|upkeep\n|turn|21\n|\n|t:|1782767174\n|move|p2a: Archaludon|Body Press|p1a: Oinkologne\n|-damage|p1a: Oinkologne|44/361\n|move|p1a: Oinkologne|Curse|p1a: Oinkologne\n|\n|-heal|p2a: Archaludon|44/268|[from] item: Leftovers\n|-heal|p1a: Oinkologne|66/361|[from] item: Leftovers\n|upkeep\n|turn|22\n|\n|t:|1782767177\n|move|p2a: Archaludon|Body Press|p1a: Oinkologne\n|-damage|p1a: Oinkologne|17/361\n|move|p1a: Oinkologne|Body Slam|p2a: Archaludon\n|-resisted|p2a: Archaludon\n|-damage|p2a: Archaludon|0 fnt\n|faint|p2a: Archaludon\n|\n|-heal|p1a: Oinkologne|39/361|[from] item: Leftovers\n|upkeep\n|\n|t:|1782767192\n|switch|p2a: Mandibuzz|Mandibuzz, L85, F|229/326\n|turn|23\n|\n|t:|1782767194\n|switch|p1a: Keldeo|Keldeo-Resolute, L79|273/273\n|move|p2a: Mandibuzz|Foul Play|p1a: Keldeo\n|-resisted|p1a: Keldeo\n|-damage|p1a: Keldeo|231/273\n|-ability|p1a: Keldeo|Justified|boost\n|-boost|p1a: Keldeo|atk|1\n|\n|upkeep\n|turn|24\n|\n|t:|1782767197\n|move|p1a: Keldeo|Flip Turn|p2a: Mandibuzz\n|-damage|p2a: Mandibuzz|174/326\n|\n|t:|1782767198\n|switch|p1a: Maushold|Maushold-Four, L76|238/238|[from] Flip Turn\n|move|p2a: Mandibuzz|Brave Bird|p1a: Maushold\n|-damage|p1a: Maushold|102/238\n|-damage|p2a: Mandibuzz|129/326|[from] Recoil\n|\n|upkeep\n|turn|25\n|\n|t:|1782767201\n|move|p1a: Maushold|Population Bomb|p2a: Mandibuzz\n|-damage|p2a: Mandibuzz|107/326\n|-crit|p2a: Mandibuzz\n|-damage|p2a: Mandibuzz|77/326\n|-damage|p2a: Mandibuzz|56/326\n|-damage|p2a: Mandibuzz|37/326\n|-damage|p2a: Mandibuzz|16/326\n|-damage|p2a: Mandibuzz|0 fnt\n|faint|p2a: Mandibuzz\n|-hitcount|p2: Mandibuzz|6\n|\n|upkeep\n|\n|t:|1782767204\n|switch|p2a: Duraludon|Duraludon, L82, M|249/249\n|-damage|p2a: Duraludon|234/249|[from] Stealth Rock\n|turn|26\n|\n|t:|1782767206\n|switch|p1a: Keldeo|Keldeo-Resolute, L79|231/273\n|move|p2a: Duraludon|Body Press|p1a: Keldeo\n|-damage|p1a: Keldeo|169/273\n|\n|upkeep\n|turn|27\n|\n|t:|1782767210\n|move|p1a: Keldeo|Hydro Pump|p2a: Duraludon\n|-resisted|p2a: Duraludon\n|-damage|p2a: Duraludon|171/249\n|move|p2a: Duraludon|Draco Meteor|p1a: Keldeo\n|-damage|p1a: Keldeo|4/273\n|-unboost|p2a: Duraludon|spa|2\n|\n|upkeep\n|turn|28\n|\n|t:|1782767216\n|move|p1a: Keldeo|Hydro Pump|p2a: Duraludon\n|-resisted|p2a: Duraludon\n|-damage|p2a: Duraludon|111/249\n|move|p2a: Duraludon|Body Press|p1a: Keldeo\n|-damage|p1a: Keldeo|0 fnt\n|faint|p1a: Keldeo\n|\n|upkeep\n|\n|t:|1782767217\n|switch|p1a: Kingdra|Kingdra, L84, F|263/263\n|turn|29\n|\n|t:|1782767219\n|move|p1a: Kingdra|Dragon Dance|p1a: Kingdra\n|-boost|p1a: Kingdra|atk|1\n|-boost|p1a: Kingdra|spe|1\n|move|p2a: Duraludon|Dragon Tail|p1a: Kingdra\n|-supereffective|p1a: Kingdra\n|-damage|p1a: Kingdra|147/263\n|drag|p1a: Maushold|Maushold-Four, L76|102/238\n|\n|upkeep\n|turn|30\n|\n|t:|1782767223\n|move|p1a: Maushold|Encore|p2a: Duraludon\n|-start|p2a: Duraludon|Encore\n|move|p2a: Duraludon|Dragon Tail|p1a: Maushold|[miss]\n|-miss|p2a: Duraludon|p1a: Maushold\n|\n|upkeep\n|turn|31\n|\n|t:|1782767225\n|move|p1a: Maushold|Population Bomb|p2a: Duraludon\n|-resisted|p2a: Duraludon\n|-damage|p2a: Duraludon|104/249\n|-resisted|p2a: Duraludon\n|-damage|p2a: Duraludon|98/249\n|-resisted|p2a: Duraludon\n|-damage|p2a: Duraludon|92/249\n|-resisted|p2a: Duraludon\n|-damage|p2a: Duraludon|86/249\n|-resisted|p2a: Duraludon\n|-crit|p2a: Duraludon\n|-damage|p2a: Duraludon|77/249\n|-resisted|p2a: Duraludon\n|-damage|p2a: Duraludon|71/249\n|-resisted|p2a: Duraludon\n|-damage|p2a: Duraludon|65/249\n|-resisted|p2a: Duraludon\n|-damage|p2a: Duraludon|59/249\n|-resisted|p2a: Duraludon\n|-damage|p2a: Duraludon|53/249\n|-resisted|p2a: Duraludon\n|-damage|p2a: Duraludon|47/249\n|-hitcount|p2a: Duraludon|10\n|move|p2a: Duraludon|Dragon Tail|p1a: Maushold\n|-damage|p1a: Maushold|20/238\n|drag|p1a: Oinkologne|Oinkologne-F, L92, F, tera:Ground|39/361\n|\n|-heal|p1a: Oinkologne|61/361|[from] item: Leftovers\n|upkeep\n|turn|32\n|\n|t:|1782767227\n|move|p1a: Oinkologne|Lash Out|p2a: Duraludon\n|-damage|p2a: Duraludon|10/249\n|move|p2a: Duraludon|Dragon Tail|p1a: Oinkologne\n|-damage|p1a: Oinkologne|0 fnt\n|faint|p1a: Oinkologne\n|\n|-end|p2a: Duraludon|Encore\n|upkeep\n|\n|t:|1782767228\n|switch|p1a: Maushold|Maushold-Four, L76|20/238\n|turn|33\n|\n|t:|1782767230\n|switch|p1a: Kingdra|Kingdra, L84, F|147/263\n|move|p2a: Duraludon|Body Press|p1a: Kingdra\n|-damage|p1a: Kingdra|93/263\n|\n|upkeep\n|turn|34\n|\n|t:|1782767233\n|switch|p1a: Maushold|Maushold-Four, L76|20/238\n|move|p2a: Duraludon|Dragon Tail|p1a: Maushold|[miss]\n|-miss|p2a: Duraludon|p1a: Maushold\n|\n|upkeep\n|turn|35\n|\n|t:|1782767235\n|move|p1a: Maushold|Tidy Up|p1a: Maushold\n|-sideend|p2: fosdfo|Stealth Rock\n|-activate|p1a: Maushold|move: Tidy Up\n|-boost|p1a: Maushold|atk|1\n|-boost|p1a: Maushold|spe|1\n|move|p2a: Duraludon|Body Press|p1a: Maushold\n|-supereffective|p1a: Maushold\n|-damage|p1a: Maushold|0 fnt\n|faint|p1a: Maushold\n|\n|upkeep\n|\n|t:|1782767236\n|switch|p1a: Kingdra|Kingdra, L84, F|93/263\n|turn|36\n|\n|t:|1782767238\n|move|p1a: Kingdra|Outrage|p2a: Duraludon\n|-damage|p2a: Duraludon|0 fnt\n|faint|p2a: Duraludon\n|\n|upkeep\n|\n|t:|1782767241\n|switch|p2a: Bruxish|Bruxish, L85, F|254/254\n|turn|37\n|\n|t:|1782767243\n|move|p2a: Bruxish|Psychic Fangs|p1a: Kingdra\n|-damage|p1a: Kingdra|0 fnt\n|faint|p1a: Kingdra\n|-damage|p2a: Bruxish|229/254|[from] item: Life Orb\n|\n|win|fosdfo\n|raw|notmetbh102's rating: 2317 &rarr; <strong>2296</strong><br />(-21 for losing)\n|raw|fosdfo's rating: 2294 &rarr; <strong>2315</strong><br />(+21 for winning)\n|c|\u2606notmetbh102|gg\n", "inputlog": ">version f8ac14003a5f27e1bdc8d8c59608a773c1cb96e5\n>start {\"formatid\":\"gen9randombattle\",\"seed\":\"sodium,72a5f25d0c0fdf31e0ac5d4e27d5d60f\",\"rated\":\"Rated battle\"}\n>player p1 {\"name\":\"notmetbh102\",\"avatar\":\"2\",\"rating\":2317,\"seed\":\"sodium,44af19452d48febfdc986f3dde376070\"}\n>player p2 {\"name\":\"fosdfo\",\"avatar\":\"2\",\"rating\":2294,\"seed\":\"sodium,9c46bad4e274a146b9e3b34fe78f1df6\"}\n>chat \u2606notmetbh102|hf\n>p1 switch 6\n>p2 move foulplay\n>p1 move darkpulse\n>p2 move bravebird\n>p1 move darkpulse\n>p2 move roost\n>p1 switch 5\n>p2 move bravebird\n>p1 move recover\n>p2 switch 6\n>p1 move stealthrock\n>p2 move calmmind\n>p1 move gunkshot\n>p2 move psychicnoise\n>p1 move gunkshot\n>p2 move psychicnoise\n>p1 switch 5\n>p1 move flamethrower\n>p2 move thunderbolt\n>p1 switch 3\n>p1 move bodyslam\n>p2 move focusblast\n>p2 switch 3\n>p1 move highhorsepower terastallize\n>p2 move bodypress\n>p1 move curse\n>p2 move dracometeor\n>p1 move curse\n>p2 move dracometeor\n>p1 move bodyslam\n>p2 move dracometeor\n>p1 move curse\n>p2 move dracometeor\n>p1 move curse\n>p2 move dracometeor\n>p1 move curse\n>p2 move dracometeor\n>p1 move curse\n>p2 move bodypress\n>p1 move bodyslam\n>p2 move bodypress\n>p1 move bodyslam\n>p2 move bodypress\n>p1 move curse\n>p2 move bodypress\n>p1 move bodyslam\n>p2 move bodypress\n>p2 switch 6\n>p1 switch 2\n>p2 move foulplay\n>p1 move flipturn\n>p2 move bravebird\n>p1 switch 4\n>p1 move populationbomb\n>p2 move foulplay\n>p2 switch 5\n>p1 switch 4\n>p2 move bodypress\n>p1 move hydropump\n>p2 move dracometeor\n>p1 move hydropump\n>p2 move bodypress\n>p1 switch 6\n>p1 move dragondance\n>p2 move dragontail\n>p1 move encore\n>p2 move bodypress\n>p1 move populationbomb\n>p2 move dragontail\n>p1 move lashout\n>p2 move dragontail\n>p1 switch 2\n>p1 switch 4\n>p2 move bodypress\n>p1 switch 4\n>p2 move dragontail\n>p1 move tidyup\n>p2 move bodypress\n>p1 switch 4\n>p1 move outrage\n>p2 move dragontail\n>p2 switch 2\n>p1 move outrage\n>p2 move psychicfangs", "uploadtime": 1782767243, "views": 5, "formatid": "gen9randombattle", "rating": 2296, "private": 0, "password": null, "player_dets": [{"name": "notmetbh102", "avatar": "2", "rating": 2317, "seed": "sodium,44af19452d48febfdc986f3dde376070"}, {"name": "fosdfo", "avatar": "2", "rating": 2294, "seed": "sodium,9c46bad4e274a146b9e3b34fe78f1df6"}], "teams_full": [{"Kingdra": {"name": "Kingdra", "species": "Kingdra", "speciesId": "kingdra", "gender": "F", "shiny": false, "level": 84, "moves": ["dragondance", "ironhead", "outrage", "wavecrash"], "ability": "Sniper", "evs": {"hp": 85, "atk": 85, "def": 85, "spa": 85, "spd": 85, "spe": 85}, "ivs": {"hp": 31, "atk": 31, "def": 31, "spa": 31, "spd": 31, "spe": 31}, "item": "Lum Berry", "teraType": "Steel", "role": "Fast Bulky Setup", "bvs": {"hp": 75, "atk": 95, "def": 95, "spa": 95, "spd": 95, "spe": 85}, "stats": {"hp": 263, "atk": 208, "def": 208, "spa": 208, "spd": 208, "spe": 191}, "types": ["Water", "Dragon"]}, "Keldeo": {"name": "Keldeo", "species": "Keldeo-Resolute", "speciesId": "keldeoresolute", "gender": "N", "shiny": false, "level": 79, "moves": ["flipturn", "airslash", "secretsword", "hydropump"], "ability": "Justified", "evs": {"hp": 85, "atk": 85, "def": 85, "spa": 85, "spd": 85, "spe": 85}, "ivs": {"hp": 31, "atk": 31, "def": 31, "spa": 31, "spd": 31, "spe": 31}, "item": "Choice Scarf", "teraType": "Water", "role": "Fast Attacker", "bvs": {"hp": 91, "atk": 72, "def": 90, "spa": 129, "spd": 90, "spe": 108}, "stats": {"hp": 273, "atk": 159, "def": 188, "spa": 249, "spd": 188, "spe": 216}, "types": ["Water", "Fighting"]}, "Oinkologne": {"name": "Oinkologne", "species": "Oinkologne-F", "speciesId": "oinkolognef", "gender": "F", "shiny": false, "level": 92, "moves": ["highhorsepower", "lashout", "curse", "bodyslam"], "ability": "Thick Fat", "evs": {"hp": 85, "atk": 85, "def": 85, "spa": 85, "spd": 85, "spe": 85}, "ivs": {"hp": 31, "atk": 31, "def": 31, "spa": 31, "spd": 31, "spe": 31}, "item": "Leftovers", "teraType": "Ground", "role": "Bulky Setup", "bvs": {"hp": 115, "atk": 90, "def": 70, "spa": 59, "spd": 90, "spe": 65}, "stats": {"hp": 361, "atk": 218, "def": 181, "spa": 161, "spd": 218, "spe": 172}, "types": ["Normal"]}, "Maushold": {"name": "Maushold", "species": "Maushold-Four", "speciesId": "maushold", "gender": "N", "shiny": false, "level": 76, "moves": ["populationbomb", "bite", "encore", "tidyup"], "ability": "Technician", "evs": {"hp": 85, "atk": 85, "def": 85, "spa": 85, "spd": 85, "spe": 85}, "ivs": {"hp": 31, "atk": 31, "def": 31, "spa": 31, "spd": 31, "spe": 31}, "item": "Wide Lens", "teraType": "Ghost", "role": "Setup Sweeper", "bvs": {"hp": 74, "atk": 75, "def": 70, "spa": 65, "spd": 75, "spe": 111}, "stats": {"hp": 238, "atk": 158, "def": 150, "spa": 143, "spd": 158, "spe": 213}, "types": ["Normal"]}, "Clodsire": {"name": "Clodsire", "species": "Clodsire", "speciesId": "clodsire", "gender": "F", "shiny": false, "level": 81, "moves": ["gunkshot", "recover", "earthquake", "stealthrock"], "ability": "Water Absorb", "evs": {"hp": 85, "atk": 85, "def": 85, "spa": 85, "spd": 85, "spe": 85}, "ivs": {"hp": 31, "atk": 31, "def": 31, "spa": 31, "spd": 31, "spe": 31}, "item": "Leftovers", "teraType": "Flying", "role": "Bulky Attacker", "bvs": {"hp": 130, "atk": 75, "def": 60, "spa": 45, "spd": 100, "spe": 20}, "stats": {"hp": 343, "atk": 168, "def": 144, "spa": 120, "spd": 209, "spe": 79}, "types": ["Poison", "Ground"]}, "Chi-Yu": {"name": "Chi-Yu", "species": "Chi-Yu", "speciesId": "chiyu", "gender": "N", "shiny": false, "level": 77, "moves": ["overheat", "psychic", "darkpulse", "flamethrower"], "ability": "Beads of Ruin", "evs": {"hp": 85, "atk": 0, "def": 85, "spa": 85, "spd": 85, "spe": 85}, "ivs": {"hp": 31, "atk": 0, "def": 31, "spa": 31, "spd": 31, "spe": 31}, "item": "Choice Specs", "teraType": "Dark", "role": "Fast Attacker", "bvs": {"hp": 55, "atk": 80, "def": 80, "spa": 135, "spd": 120, "spe": 100}, "stats": {"hp": 211, "atk": 128, "def": 168, "spa": 252, "spd": 229, "spe": 199}, "types": ["Dark", "Fire"]}}, {"Mandibuzz": {"name": "Mandibuzz", "species": "Mandibuzz", "speciesId": "mandibuzz", "gender": "F", "shiny": false, "level": 85, "moves": ["foulplay", "defog", "bravebird", "roost"], "ability": "Overcoat", "evs": {"hp": 85, "atk": 85, "def": 85, "spa": 85, "spd": 85, "spe": 85}, "ivs": {"hp": 31, "atk": 31, "def": 31, "spa": 31, "spd": 31, "spe": 31}, "item": "Heavy-Duty Boots", "teraType": "Steel", "role": "Bulky Attacker", "bvs": {"hp": 110, "atk": 65, "def": 105, "spa": 55, "spd": 95, "spe": 80}, "stats": {"hp": 326, "atk": 159, "def": 227, "spa": 142, "spd": 210, "spe": 185}, "types": ["Dark", "Flying"]}, "Bruxish": {"name": "Bruxish", "species": "Bruxish", "speciesId": "bruxish", "gender": "F", "shiny": false, "level": 85, "moves": ["swordsdance", "crunch", "wavecrash", "psychicfangs"], "ability": "Strong Jaw", "evs": {"hp": 85, "atk": 85, "def": 85, "spa": 85, "spd": 85, "spe": 85}, "ivs": {"hp": 31, "atk": 31, "def": 31, "spa": 31, "spd": 31, "spe": 31}, "item": "Life Orb", "teraType": "Dark", "role": "Fast Attacker", "bvs": {"hp": 68, "atk": 105, "def": 70, "spa": 70, "spd": 70, "spe": 92}, "stats": {"hp": 254, "atk": 227, "def": 168, "spa": 168, "spd": 168, "spe": 205}, "types": ["Water", "Psychic"]}, "Archaludon": {"name": "Archaludon", "species": "Archaludon", "speciesId": "archaludon", "gender": "M", "shiny": false, "level": 78, "moves": ["bodypress", "dracometeor", "flashcannon", "thunderwave"], "ability": "Stamina", "evs": {"hp": 85, "atk": 0, "def": 85, "spa": 85, "spd": 85, "spe": 85}, "ivs": {"hp": 31, "atk": 0, "def": 31, "spa": 31, "spd": 31, "spe": 31}, "item": "Leftovers", "teraType": "Fighting", "role": "Bulky Attacker", "bvs": {"hp": 90, "atk": 105, "def": 130, "spa": 125, "spd": 65, "spe": 85}, "stats": {"hp": 268, "atk": 168, "def": 248, "spa": 240, "spd": 146, "spe": 178}, "types": ["Steel", "Dragon"]}, "Sandy Shocks": {"name": "Sandy Shocks", "species": "Sandy Shocks", "speciesId": "sandyshocks", "gender": "N", "shiny": false, "level": 80, "moves": ["thunderwave", "stealthrock", "earthpower", "thunderbolt"], "ability": "Protosynthesis", "evs": {"hp": 85, "atk": 0, "def": 85, "spa": 85, "spd": 85, "spe": 85}, "ivs": {"hp": 31, "atk": 0, "def": 31, "spa": 31, "spd": 31, "spe": 31}, "item": "Leftovers", "teraType": "Ground", "role": "Fast Support", "bvs": {"hp": 85, "atk": 81, "def": 97, "spa": 121, "spd": 85, "spe": 101}, "stats": {"hp": 267, "atk": 134, "def": 201, "spa": 240, "spd": 182, "spe": 208}, "types": ["Electric", "Ground"]}, "Duraludon": {"name": "Duraludon", "species": "Duraludon", "speciesId": "duraludon", "gender": "M", "shiny": false, "level": 82, "moves": ["flashcannon", "dracometeor", "bodypress", "dragontail"], "ability": "Light Metal", "evs": {"hp": 85, "atk": 85, "def": 85, "spa": 85, "spd": 85, "spe": 85}, "ivs": {"hp": 31, "atk": 31, "def": 31, "spa": 31, "spd": 31, "spe": 31}, "item": "Eviolite", "teraType": "Fighting", "role": "Bulky Attacker", "bvs": {"hp": 70, "atk": 95, "def": 115, "spa": 120, "spd": 50, "spe": 85}, "stats": {"hp": 249, "atk": 203, "def": 236, "spa": 244, "spd": 129, "spe": 187}, "types": ["Steel", "Dragon"]}, "Gothitelle": {"name": "Gothitelle", "species": "Gothitelle", "speciesId": "gothitelle", "gender": "F", "shiny": false, "level": 90, "moves": ["psychicnoise", "calmmind", "thunderbolt", "focusblast"], "ability": "Shadow Tag", "evs": {"hp": 85, "atk": 0, "def": 85, "spa": 85, "spd": 85, "spe": 85}, "ivs": {"hp": 31, "atk": 0, "def": 31, "spa": 31, "spd": 31, "spe": 31}, "item": "Leftovers", "teraType": "Fighting", "role": "Bulky Setup", "bvs": {"hp": 70, "atk": 55, "def": 95, "spa": 95, "spd": 110, "spe": 65}, "stats": {"hp": 272, "atk": 104, "def": 222, "spa": 222, "spd": 249, "spe": 168}, "types": ["Psychic"]}}]}