{"id": "gen9randombattle-2641194122", "format": "[Gen 9] Random Battle", "players": ["Fabiang", "notmetbh102"], "log": "|badge|p2|bronze|gen9randombattle|100-9\n|html|<div class=\"broadcast-red\"><strong>This battle is required to be public due to one or more player having a season medal.</strong><br />During the public phase, you can discuss the state of the ladder <a href=\"/seasondiscussion\">in a special chatroom.</a></div>\n|uhtml|medal-msg|<div class=\"broadcast-blue\">Curious what those medals under the avatar are? PS now has Ladder Seasons! For more information, check out the <a href=\"https://www.smogon.com/forums/threads/3740067/\">thread on Smogon.</a></div>\n|j|\u2606Fabiang\n|j|\u2606notmetbh102\n|t:|1782752020\n|gametype|singles\n|player|p1|Fabiang|emmet|2107\n|player|p2|notmetbh102|2|2328\n|gen|9\n|tier|[Gen 9] Random Battle\n|rated|\n|rule|Species Clause: Limit one of each Pok\u00e9mon\n|rule|HP Percentage Mod: HP is shown in percentages\n|rule|Sleep Clause Mod: Limit one foe put to sleep\n|rule|Illusion Level Mod: Illusion disguises the Pok\u00e9mon's true level\n|\n|t:|1782752020\n|teamsize|p1|6\n|teamsize|p2|6\n|start\n|switch|p1a: Banette|Banette, L93, M|270/270\n|switch|p2a: Rayquaza|Rayquaza, L72|270/270\n|-ability|p2a: Rayquaza|Air Lock\n|turn|1\n|inactive|Battle timer is ON: inactive players will automatically lose when time's up. (requested by notmetbh102)\n|inactive|Fabiang also wants the timer to be on.\n|c|\u2606notmetbh102|hf\n|\n|t:|1782752047\n|move|p2a: Rayquaza|Dragon Ascent|p1a: Banette\n|-damage|p1a: Banette|41/270\n|-unboost|p2a: Rayquaza|def|1\n|-unboost|p2a: Rayquaza|spd|1\n|move|p1a: Banette|Thunder Wave|p2a: Rayquaza\n|-status|p2a: Rayquaza|par\n|\n|upkeep\n|turn|2\n|\n|t:|1782752051\n|switch|p2a: Dunsparce|Dunsparce, L86, M|312/312\n|move|p1a: Banette|Poltergeist|p2a: Dunsparce\n|-immune|p2a: Dunsparce\n|\n|upkeep\n|turn|3\n|\n|t:|1782752073\n|move|p1a: Banette|Thunder Wave|p2a: Dunsparce\n|-status|p2a: Dunsparce|par\n|cant|p2a: Dunsparce|par\n|\n|upkeep\n|turn|4\n|\n|t:|1782752077\n|move|p1a: Banette|Gunk Shot|p2a: Dunsparce\n|-damage|p2a: Dunsparce|185/312 par\n|-damage|p1a: Banette|14/270|[from] item: Life Orb\n|move|p2a: Dunsparce|Body Slam|p1a: Banette\n|-immune|p1a: Banette\n|\n|upkeep\n|turn|5\n|\n|t:|1782752083\n|switch|p2a: Ninetales|Ninetales, L85, M|263/263\n|-weather|SunnyDay|[from] ability: Drought|[of] p2a: Ninetales\n|move|p1a: Banette|Gunk Shot|p2a: Ninetales|[miss]\n|-miss|p1a: Banette|p2a: Ninetales\n|\n|-weather|SunnyDay|[upkeep]\n|upkeep\n|turn|6\n|\n|t:|1782752095\n|move|p1a: Banette|Shadow Sneak|p2a: Ninetales\n|-damage|p2a: Ninetales|181/263\n|-damage|p1a: Banette|0 fnt|[from] item: Life Orb\n|faint|p1a: Banette\n|move|p2a: Ninetales|Fire Blast|p1: Banette|[notarget]\n|-fail|p2a: Ninetales\n|\n|-weather|SunnyDay|[upkeep]\n|upkeep\n|\n|t:|1782752108\n|switch|p1a: Iron Bundle|Iron Bundle, L78|215/215\n|turn|7\n|\n|t:|1782752110\n|move|p1a: Iron Bundle|Hydro Pump|p2a: Ninetales\n|-supereffective|p2a: Ninetales\n|-damage|p2a: Ninetales|73/263\n|move|p2a: Ninetales|Fire Blast|p1a: Iron Bundle\n|-damage|p1a: Iron Bundle|0 fnt\n|faint|p1a: Iron Bundle\n|-end|p1a: Iron Bundle|Quark Drive|[silent]\n|\n|-weather|SunnyDay|[upkeep]\n|upkeep\n|\n|t:|1782752117\n|switch|p1a: Plusle|Plusle, L95, M|268/268\n|turn|8\n|\n|t:|1782752119\n|switch|p2a: Dunsparce|Dunsparce, L86, M|185/312 par\n|move|p1a: Plusle|Thunderbolt|p2a: Dunsparce\n|-damage|p2a: Dunsparce|68/312 par\n|-damage|p1a: Plusle|242/268|[from] item: Life Orb\n|\n|-weather|SunnyDay|[upkeep]\n|upkeep\n|turn|9\n|\n|t:|1782752133\n|move|p1a: Plusle|Nasty Plot|p1a: Plusle\n|-boost|p1a: Plusle|spa|2\n|move|p2a: Dunsparce|Roost|p2a: Dunsparce\n|-heal|p2a: Dunsparce|224/312 par\n|-singleturn|p2a: Dunsparce|move: Roost\n|\n|-weather|none\n|upkeep\n|turn|10\n|\n|t:|1782752135\n|move|p1a: Plusle|Thunderbolt|p2a: Dunsparce\n|-damage|p2a: Dunsparce|0 fnt\n|faint|p2a: Dunsparce\n|-damage|p1a: Plusle|216/268|[from] item: Life Orb\n|\n|upkeep\n|\n|t:|1782752136\n|switch|p2a: Dodrio|Dodrio, L85, M|241/241\n|turn|11\n|\n|t:|1782752140\n|move|p2a: Dodrio|Drill Run|p1a: Plusle\n|-supereffective|p1a: Plusle\n|-damage|p1a: Plusle|8/268\n|move|p1a: Plusle|Thunderbolt|p2a: Dodrio\n|-supereffective|p2a: Dodrio\n|-damage|p2a: Dodrio|0 fnt\n|faint|p2a: Dodrio\n|-damage|p1a: Plusle|0 fnt|[from] item: Life Orb\n|faint|p1a: Plusle\n|\n|upkeep\n|\n|t:|1782752149\n|switch|p2a: Espathra|Espathra, L80, M|283/283\n|switch|p1a: Diancie|Diancie, L82|216/216\n|turn|12\n|\n|t:|1782752152\n|-terastallize|p2a: Espathra|Psychic\n|move|p2a: Espathra|Lumina Crash|p1a: Diancie\n|-crit|p1a: Diancie\n|-damage|p1a: Diancie|68/216\n|move|p1a: Diancie|Calm Mind|p1a: Diancie\n|-boost|p1a: Diancie|spa|1\n|-boost|p1a: Diancie|spd|1\n|\n|-heal|p1a: Diancie|81/216|[from] item: Leftovers\n|-ability|p2a: Espathra|Speed Boost|boost\n|-boost|p2a: Espathra|spe|1\n|upkeep\n|turn|13\n|\n|t:|1782752161\n|switch|p2a: Milotic|Milotic, L83, M|293/293\n|move|p1a: Diancie|Draining Kiss|p2a: Milotic\n|-damage|p2a: Milotic|230/293\n|-heal|p1a: Diancie|128/216|[from] drain|[of] p2a: Milotic\n|\n|-heal|p2a: Milotic|248/293|[from] item: Leftovers\n|-heal|p1a: Diancie|141/216|[from] item: Leftovers\n|upkeep\n|turn|14\n|\n|t:|1782752170\n|move|p2a: Milotic|Haze|p2a: Milotic\n|-clearallboost\n|move|p1a: Diancie|Calm Mind|p1a: Diancie\n|-boost|p1a: Diancie|spa|1\n|-boost|p1a: Diancie|spd|1\n|\n|-heal|p2a: Milotic|266/293|[from] item: Leftovers\n|-heal|p1a: Diancie|154/216|[from] item: Leftovers\n|upkeep\n|turn|15\n|\n|t:|1782752173\n|move|p2a: Milotic|Haze|p2a: Milotic\n|-clearallboost\n|move|p1a: Diancie|Draining Kiss|p2a: Milotic\n|-damage|p2a: Milotic|221/293\n|-heal|p1a: Diancie|188/216|[from] drain|[of] p2a: Milotic\n|\n|-heal|p2a: Milotic|239/293|[from] item: Leftovers\n|-heal|p1a: Diancie|201/216|[from] item: Leftovers\n|upkeep\n|turn|16\n|\n|t:|1782752178\n|switch|p1a: Reuniclus|Reuniclus, L88, F|337/337\n|move|p2a: Milotic|Ice Beam|p1a: Reuniclus\n|-damage|p1a: Reuniclus|276/337\n|\n|-heal|p2a: Milotic|257/293|[from] item: Leftovers\n|upkeep\n|turn|17\n|\n|t:|1782752182\n|switch|p2a: Espathra|Espathra, L80, M, tera:Psychic|283/283\n|move|p1a: Reuniclus|Calm Mind|p1a: Reuniclus\n|-boost|p1a: Reuniclus|spa|1\n|-boost|p1a: Reuniclus|spd|1\n|\n|upkeep\n|turn|18\n|\n|t:|1782752187\n|move|p2a: Espathra|Lumina Crash|p1a: Reuniclus\n|-resisted|p1a: Reuniclus\n|-damage|p1a: Reuniclus|218/337\n|-unboost|p1a: Reuniclus|spd|2\n|move|p1a: Reuniclus|Psyshock|p2a: Espathra\n|-resisted|p2a: Espathra\n|-damage|p2a: Espathra|139/283\n|\n|-ability|p2a: Espathra|Speed Boost|boost\n|-boost|p2a: Espathra|spe|1\n|upkeep\n|turn|19\n|\n|t:|1782752195\n|move|p2a: Espathra|Lumina Crash|p1a: Reuniclus\n|-resisted|p1a: Reuniclus\n|-damage|p1a: Reuniclus|89/337\n|-unboost|p1a: Reuniclus|spd|2\n|move|p1a: Reuniclus|Psyshock|p2a: Espathra\n|-resisted|p2a: Espathra\n|-damage|p2a: Espathra|0 fnt\n|faint|p2a: Espathra\n|\n|upkeep\n|\n|t:|1782752195\n|switch|p2a: Milotic|Milotic, L83, M|257/293\n|turn|20\n|\n|t:|1782752203\n|move|p2a: Milotic|Scald|p1a: Reuniclus\n|-damage|p1a: Reuniclus|0 fnt\n|faint|p1a: Reuniclus\n|\n|-heal|p2a: Milotic|275/293|[from] item: Leftovers\n|upkeep\n|\n|t:|1782752207\n|switch|p1a: Overqwil|Overqwil, L82, F|274/274\n|-ability|p1a: Overqwil|Intimidate|boost\n|-unboost|p2a: Milotic|atk|1\n|-ability|p2a: Milotic|Competitive|boost\n|-boost|p2a: Milotic|spa|2\n|turn|21\n|\n|t:|1782752213\n|-terastallize|p1a: Overqwil|Dragon\n|move|p1a: Overqwil|Swords Dance|p1a: Overqwil\n|-boost|p1a: Overqwil|atk|2\n|move|p2a: Milotic|Scald|p1a: Overqwil\n|-resisted|p1a: Overqwil\n|-damage|p1a: Overqwil|166/274\n|\n|-heal|p2a: Milotic|293/293|[from] item: Leftovers\n|upkeep\n|turn|22\n|\n|t:|1782752218\n|move|p1a: Overqwil|Scale Shot|p2a: Milotic\n|-damage|p2a: Milotic|229/293\n|-damage|p2a: Milotic|168/293\n|-damage|p2a: Milotic|101/293\n|-damage|p2a: Milotic|32/293\n|-damage|p2a: Milotic|0 fnt\n|faint|p2a: Milotic\n|-hitcount|p2: Milotic|5\n|-unboost|p1a: Overqwil|def|1\n|-boost|p1a: Overqwil|spe|1\n|\n|upkeep\n|\n|t:|1782752219\n|switch|p2a: Rayquaza|Rayquaza, L72|270/270 par\n|-ability|p2a: Rayquaza|Air Lock\n|turn|23\n|\n|t:|1782752229\n|switch|p2a: Ninetales|Ninetales, L85, M|73/263\n|-weather|SunnyDay|[from] ability: Drought|[of] p2a: Ninetales\n|move|p1a: Overqwil|Scale Shot|p2a: Ninetales|[miss]\n|-miss|p1a: Overqwil|p2a: Ninetales\n|\n|-weather|SunnyDay|[upkeep]\n|upkeep\n|turn|24\n|\n|t:|1782752233\n|switch|p2a: Rayquaza|Rayquaza, L72|270/270 par\n|-ability|p2a: Rayquaza|Air Lock\n|move|p1a: Overqwil|Crunch|p2a: Rayquaza\n|-damage|p2a: Rayquaza|44/270 par\n|\n|-weather|SunnyDay|[upkeep]\n|upkeep\n|turn|25\n|\n|t:|1782752236\n|move|p2a: Rayquaza|Extreme Speed|p1a: Overqwil\n|-damage|p1a: Overqwil|40/274\n|move|p1a: Overqwil|Crunch|p2a: Rayquaza\n|-damage|p2a: Rayquaza|0 fnt\n|faint|p2a: Rayquaza\n|\n|-weather|SunnyDay|[upkeep]\n|upkeep\n|\n|t:|1782752236\n|switch|p2a: Ninetales|Ninetales, L85, M|73/263\n|turn|26\n|\n|t:|1782752240\n|move|p1a: Overqwil|Crunch|p2a: Ninetales\n|-damage|p2a: Ninetales|0 fnt\n|faint|p2a: Ninetales\n|\n|win|Fabiang\n|raw|Fabiang's rating: 2107 &rarr; <strong>2138</strong><br />(+31 for winning)\n|raw|notmetbh102's rating: 2328 &rarr; <strong>2297</strong><br />(-31 for losing)\n|c|\u2606notmetbh102|gg\n", "inputlog": ">version f8ac14003a5f27e1bdc8d8c59608a773c1cb96e5\n>start {\"formatid\":\"gen9randombattle\",\"seed\":\"sodium,c2dd9976eeec8fbc46ca7a2db68d9112\",\"rated\":\"Rated battle\"}\n>player p1 {\"name\":\"Fabiang\",\"avatar\":\"emmet\",\"rating\":2107,\"seed\":\"sodium,8982c6a1c26124569c0b6f79959f22c6\"}\n>player p2 {\"name\":\"notmetbh102\",\"avatar\":\"2\",\"rating\":2328,\"seed\":\"sodium,7465565ca753834ac4afe9084b8a6dd1\"}\n>chat \u2606notmetbh102|hf\n>p1 move thunderwave\n>p2 move dragonascent\n>p1 move poltergeist\n>p2 switch 2\n>p1 move thunderwave\n>p2 move earthquake\n>p1 move gunkshot\n>p2 move bodyslam\n>p1 move gunkshot\n>p2 switch 3\n>p1 move shadowsneak\n>p2 move fireblast\n>p1 switch 6\n>p1 move hydropump\n>p2 move fireblast\n>p1 switch 3\n>p1 move thunderbolt\n>p2 switch 3\n>p1 move nastyplot\n>p2 move roost\n>p1 move thunderbolt\n>p2 move earthquake\n>p2 switch 6\n>p1 move thunderbolt\n>p2 move drillrun\n>p1 switch 5\n>p2 switch 5\n>p1 move calmmind\n>p2 move luminacrash terastallize\n>p1 move drainingkiss\n>p2 switch 4\n>p1 move calmmind\n>p2 move haze\n>p1 move drainingkiss\n>p2 move haze\n>p1 switch 2\n>p2 move icebeam\n>p1 move calmmind\n>p2 switch 4\n>p1 move psyshock\n>p2 move luminacrash\n>p1 move psyshock\n>p2 move luminacrash\n>p2 switch 4\n>p1 move psyshock\n>p2 move scald\n>p1 switch 4\n>p1 move swordsdance terastallize\n>p2 move scald\n>p1 move scaleshot\n>p2 move icebeam\n>p2 switch 2\n>p1 move scaleshot\n>p2 switch 3\n>p1 move crunch\n>p2 switch 3\n>p1 move crunch\n>p2 move extremespeed\n>p2 switch 3\n>p1 move crunch\n>p2 move nastyplot", "uploadtime": 1782752241, "views": 7, "formatid": "gen9randombattle", "rating": 2138, "private": 0, "password": null, "player_dets": [{"name": "Fabiang", "avatar": "emmet", "rating": 2107, "seed": "sodium,8982c6a1c26124569c0b6f79959f22c6"}, {"name": "notmetbh102", "avatar": "2", "rating": 2328, "seed": "sodium,7465565ca753834ac4afe9084b8a6dd1"}], "teams_full": [{"Banette": {"name": "Banette", "species": "Banette", "speciesId": "banette", "gender": "M", "shiny": false, "level": 93, "moves": ["poltergeist", "thunderwave", "gunkshot", "shadowsneak"], "ability": "Insomnia", "evs": {"hp": 85, "atk": 85, "def": 85, "spa": 85, "spd": 85, "spe": 85}, "ivs": {"hp": 31, "atk": 31, "def": 31, "spa": 31, "spd": 31, "spe": 31}, "item": "Life Orb", "teraType": "Ghost", "role": "Wallbreaker", "bvs": {"hp": 64, "atk": 115, "def": 65, "spa": 83, "spd": 63, "spe": 65}, "stats": {"hp": 270, "atk": 267, "def": 174, "spa": 207, "spd": 170, "spe": 174}, "types": ["Ghost"]}, "Reuniclus": {"name": "Reuniclus", "species": "Reuniclus", "speciesId": "reuniclus", "gender": "F", "shiny": false, "level": 88, "moves": ["calmmind", "psyshock", "recover", "focusblast"], "ability": "Magic Guard", "evs": {"hp": 85, "atk": 0, "def": 85, "spa": 85, "spd": 85, "spe": 85}, "ivs": {"hp": 31, "atk": 0, "def": 31, "spa": 31, "spd": 31, "spe": 31}, "item": "Life Orb", "teraType": "Steel", "role": "Bulky Setup", "bvs": {"hp": 110, "atk": 65, "def": 75, "spa": 125, "spd": 85, "spe": 30}, "stats": {"hp": 337, "atk": 119, "def": 182, "spa": 270, "spd": 200, "spe": 103}, "types": ["Psychic"]}, "Plusle": {"name": "Plusle", "species": "Plusle", "speciesId": "plusle", "gender": "M", "shiny": false, "level": 95, "moves": ["thunderbolt", "alluringvoice", "grassknot", "nastyplot"], "ability": "Lightning Rod", "evs": {"hp": 85, "atk": 0, "def": 85, "spa": 85, "spd": 85, "spe": 85}, "ivs": {"hp": 31, "atk": 0, "def": 31, "spa": 31, "spd": 31, "spe": 31}, "item": "Life Orb", "teraType": "Electric", "role": "Setup Sweeper", "bvs": {"hp": 60, "atk": 50, "def": 40, "spa": 85, "spd": 75, "spe": 95}, "stats": {"hp": 268, "atk": 100, "def": 130, "spa": 215, "spd": 196, "spe": 234}, "types": ["Electric"]}, "Overqwil": {"name": "Overqwil", "species": "Overqwil", "speciesId": "overqwil", "gender": "F", "shiny": false, "level": 82, "moves": ["gunkshot", "crunch", "scaleshot", "swordsdance"], "ability": "Intimidate", "evs": {"hp": 85, "atk": 85, "def": 85, "spa": 85, "spd": 85, "spe": 85}, "ivs": {"hp": 31, "atk": 31, "def": 31, "spa": 31, "spd": 31, "spe": 31}, "item": "Loaded Dice", "teraType": "Dragon", "role": "Setup Sweeper", "bvs": {"hp": 85, "atk": 115, "def": 95, "spa": 65, "spd": 65, "spe": 85}, "stats": {"hp": 274, "atk": 236, "def": 203, "spa": 154, "spd": 154, "spe": 187}, "types": ["Dark", "Poison"]}, "Diancie": {"name": "Diancie", "species": "Diancie", "speciesId": "diancie", "gender": "N", "shiny": false, "level": 82, "moves": ["drainingkiss", "calmmind", "diamondstorm", "earthpower"], "ability": "Clear Body", "evs": {"hp": 85, "atk": 85, "def": 85, "spa": 85, "spd": 85, "spe": 85}, "ivs": {"hp": 31, "atk": 31, "def": 31, "spa": 31, "spd": 31, "spe": 31}, "item": "Leftovers", "teraType": "Fairy", "role": "Bulky Setup", "bvs": {"hp": 50, "atk": 100, "def": 150, "spa": 100, "spd": 150, "spe": 50}, "stats": {"hp": 216, "atk": 211, "def": 293, "spa": 211, "spd": 293, "spe": 129}, "types": ["Rock", "Fairy"]}, "Iron Bundle": {"name": "Iron Bundle", "species": "Iron Bundle", "speciesId": "ironbundle", "gender": "N", "shiny": false, "level": 78, "moves": ["encore", "freezedry", "hydropump", "icebeam"], "ability": "Quark Drive", "evs": {"hp": 85, "atk": 0, "def": 85, "spa": 85, "spd": 85, "spe": 85}, "ivs": {"hp": 31, "atk": 0, "def": 31, "spa": 31, "spd": 31, "spe": 31}, "item": "Heavy-Duty Boots", "teraType": "Ice", "role": "Fast Attacker", "bvs": {"hp": 56, "atk": 80, "def": 114, "spa": 124, "spd": 60, "spe": 136}, "stats": {"hp": 215, "atk": 129, "def": 223, "spa": 239, "spd": 139, "spe": 257}, "types": ["Ice", "Water"]}}, {"Rayquaza": {"name": "Rayquaza", "species": "Rayquaza", "speciesId": "rayquaza", "gender": "N", "shiny": false, "level": 72, "moves": ["earthquake", "dragonascent", "extremespeed", "uturn"], "ability": "Air Lock", "evs": {"hp": 85, "atk": 85, "def": 85, "spa": 85, "spd": 85, "spe": 85}, "ivs": {"hp": 31, "atk": 31, "def": 31, "spa": 31, "spd": 31, "spe": 31}, "item": "Choice Band", "teraType": "Normal", "role": "Fast Attacker", "bvs": {"hp": 105, "atk": 150, "def": 90, "spa": 150, "spd": 90, "spe": 95}, "stats": {"hp": 270, "atk": 258, "def": 172, "spa": 258, "spd": 172, "spe": 179}, "types": ["Dragon", "Flying"]}, "Dunsparce": {"name": "Dunsparce", "species": "Dunsparce", "speciesId": "dunsparce", "gender": "M", "shiny": false, "level": 86, "moves": ["roost", "bodyslam", "coil", "earthquake"], "ability": "Serene Grace", "evs": {"hp": 85, "atk": 85, "def": 85, "spa": 85, "spd": 85, "spe": 85}, "ivs": {"hp": 31, "atk": 31, "def": 31, "spa": 31, "spd": 31, "spe": 31}, "item": "Eviolite", "teraType": "Ground", "role": "Bulky Setup", "bvs": {"hp": 100, "atk": 70, "def": 70, "spa": 65, "spd": 65, "spe": 45}, "stats": {"hp": 312, "atk": 170, "def": 170, "spa": 161, "spd": 161, "spe": 127}, "types": ["Normal"]}, "Ninetales": {"name": "Ninetales", "species": "Ninetales", "speciesId": "ninetales", "gender": "M", "shiny": false, "level": 85, "moves": ["fireblast", "solarbeam", "scorchingsands", "nastyplot"], "ability": "Drought", "evs": {"hp": 85, "atk": 0, "def": 85, "spa": 85, "spd": 85, "spe": 85}, "ivs": {"hp": 31, "atk": 0, "def": 31, "spa": 31, "spd": 31, "spe": 31}, "item": "Heavy-Duty Boots", "teraType": "Fire", "role": "Setup Sweeper", "bvs": {"hp": 73, "atk": 76, "def": 75, "spa": 81, "spd": 100, "spe": 100}, "stats": {"hp": 263, "atk": 134, "def": 176, "spa": 186, "spd": 219, "spe": 219}, "types": ["Fire"]}, "Milotic": {"name": "Milotic", "species": "Milotic", "speciesId": "milotic", "gender": "M", "shiny": false, "level": 83, "moves": ["icebeam", "scald", "haze", "recover"], "ability": "Competitive", "evs": {"hp": 85, "atk": 0, "def": 85, "spa": 85, "spd": 85, "spe": 85}, "ivs": {"hp": 31, "atk": 0, "def": 31, "spa": 31, "spd": 31, "spe": 31}, "item": "Leftovers", "teraType": "Steel", "role": "Bulky Attacker", "bvs": {"hp": 95, "atk": 60, "def": 79, "spa": 100, "spd": 125, "spe": 81}, "stats": {"hp": 293, "atk": 104, "def": 179, "spa": 214, "spd": 255, "spe": 182}, "types": ["Water"]}, "Espathra": {"name": "Espathra", "species": "Espathra", "speciesId": "espathra", "gender": "M", "shiny": false, "level": 80, "moves": ["shadowball", "uturn", "luminacrash", "dazzlinggleam"], "ability": "Speed Boost", "evs": {"hp": 85, "atk": 85, "def": 85, "spa": 85, "spd": 85, "spe": 85}, "ivs": {"hp": 31, "atk": 31, "def": 31, "spa": 31, "spd": 31, "spe": 31}, "item": "Choice Specs", "teraType": "Psychic", "role": "Wallbreaker", "bvs": {"hp": 95, "atk": 60, "def": 60, "spa": 101, "spd": 60, "spe": 105}, "stats": {"hp": 283, "atk": 142, "def": 142, "spa": 208, "spd": 142, "spe": 214}, "types": ["Psychic"]}, "Dodrio": {"name": "Dodrio", "species": "Dodrio", "speciesId": "dodrio", "gender": "M", "shiny": false, "level": 85, "moves": ["drillrun", "swordsdance", "bravebird", "knockoff"], "ability": "Early Bird", "evs": {"hp": 85, "atk": 85, "def": 85, "spa": 85, "spd": 85, "spe": 85}, "ivs": {"hp": 31, "atk": 31, "def": 31, "spa": 31, "spd": 31, "spe": 31}, "item": "Heavy-Duty Boots", "teraType": "Ground", "role": "Setup Sweeper", "bvs": {"hp": 60, "atk": 110, "def": 70, "spa": 60, "spd": 60, "spe": 110}, "stats": {"hp": 241, "atk": 236, "def": 168, "spa": 151, "spd": 151, "spe": 236}, "types": ["Normal", "Flying"]}}]}