{"id": "gen9randombattle-2641474394", "format": "[Gen 9] Random Battle", "players": ["Obaidelphox", "mewax"], "log": "|j|\u2606Obaidelphox\n|j|\u2606mewax\n|t:|1782790488\n|gametype|singles\n|player|p1|Obaidelphox|266|1945\n|player|p2|mewax|1|1999\n|gen|9\n|tier|[Gen 9] Random Battle\n|rated|\n|rule|Species Clause: Limit one of each Pok\u00e9mon\n|rule|HP Percentage Mod: HP is shown in percentages\n|rule|Sleep Clause Mod: Limit one foe put to sleep\n|rule|Illusion Level Mod: Illusion disguises the Pok\u00e9mon's true level\n|\n|t:|1782790488\n|teamsize|p1|6\n|teamsize|p2|6\n|start\n|switch|p1a: Cresselia|Cresselia, L80, F|323/323\n|switch|p2a: Bombirdier|Bombirdier, L85, F|258/258\n|turn|1\n|inactive|Battle timer is ON: inactive players will automatically lose when time's up. (requested by mewax)\n|inactive|Obaidelphox has 120 seconds left.\n|inactive|Obaidelphox has 90 seconds left.\n|\n|t:|1782790559\n|switch|p1a: Ting-Lu|Ting-Lu, L78|370/370\n|-ability|p1a: Ting-Lu|Vessel of Ruin\n|move|p2a: Bombirdier|Stealth Rock|p1a: Ting-Lu\n|-sidestart|p1: Obaidelphox|move: Stealth Rock\n|\n|upkeep\n|turn|2\n|\n|t:|1782790577\n|switch|p2a: Carbink|Carbink, L90|236/236\n|move|p1a: Ting-Lu|Stealth Rock|p2a: Carbink\n|-sidestart|p2: mewax|move: Stealth Rock\n|\n|upkeep\n|turn|3\n|\n|t:|1782790603\n|move|p2a: Carbink|Iron Defense|p2a: Carbink\n|-boost|p2a: Carbink|def|2\n|move|p1a: Ting-Lu|Whirlwind|p2a: Carbink\n|drag|p2a: Amoonguss|Amoonguss, L82, M|321/321\n|-damage|p2a: Amoonguss|281/321|[from] Stealth Rock\n|\n|-heal|p2a: Amoonguss|301/321|[from] item: Leftovers\n|upkeep\n|turn|4\n|\n|t:|1782790609\n|switch|p1a: Ogerpon|Ogerpon, L80, F|259/259\n|move|p2a: Amoonguss|Spore|p1a: Ogerpon\n|-immune|p1a: Ogerpon\n|\n|-heal|p2a: Amoonguss|321/321|[from] item: Leftovers\n|upkeep\n|turn|5\n|\n|t:|1782790614\n|move|p1a: Ogerpon|Spikes|p2a: Amoonguss\n|-sidestart|p2: mewax|Spikes\n|move|p2a: Amoonguss|Sludge Bomb|p1a: Ogerpon\n|-supereffective|p1a: Ogerpon\n|-damage|p1a: Ogerpon|97/259\n|\n|upkeep\n|turn|6\n|\n|t:|1782790618\n|switch|p1a: Glaceon|Glaceon, L94, M|275/275\n|move|p2a: Amoonguss|Sludge Bomb|p1a: Glaceon\n|-damage|p1a: Glaceon|206/275\n|-status|p1a: Glaceon|psn\n|\n|-damage|p1a: Glaceon|172/275 psn|[from] psn\n|upkeep\n|turn|7\n|\n|t:|1782790624\n|switch|p2a: Duraludon|Duraludon, L82, F|249/249\n|-damage|p2a: Duraludon|234/249|[from] Stealth Rock\n|-damage|p2a: Duraludon|203/249|[from] Spikes\n|move|p1a: Glaceon|Freeze-Dry|p2a: Duraludon\n|-crit|p2a: Duraludon\n|-damage|p2a: Duraludon|16/249\n|\n|-damage|p1a: Glaceon|138/275 psn|[from] psn\n|upkeep\n|turn|8\n|\n|t:|1782790637\n|switch|p1a: Ting-Lu|Ting-Lu, L78|370/370\n|-damage|p1a: Ting-Lu|347/370|[from] Stealth Rock\n|-ability|p1a: Ting-Lu|Vessel of Ruin\n|move|p2a: Duraludon|Body Press|p1a: Ting-Lu\n|-supereffective|p1a: Ting-Lu\n|-damage|p1a: Ting-Lu|241/370\n|\n|-heal|p1a: Ting-Lu|264/370|[from] item: Leftovers\n|upkeep\n|turn|9\n|\n|t:|1782790643\n|move|p2a: Duraludon|Draco Meteor|p1a: Ting-Lu\n|-damage|p1a: Ting-Lu|140/370\n|-unboost|p2a: Duraludon|spa|2\n|move|p1a: Ting-Lu|Throat Chop|p2a: Duraludon\n|-damage|p2a: Duraludon|0 fnt\n|faint|p2a: Duraludon\n|\n|-heal|p1a: Ting-Lu|163/370|[from] item: Leftovers\n|upkeep\n|\n|t:|1782790650\n|switch|p2a: Amoonguss|Amoonguss, L82, M|321/321\n|-damage|p2a: Amoonguss|281/321|[from] Stealth Rock\n|-damage|p2a: Amoonguss|241/321|[from] Spikes\n|turn|10\n|\n|t:|1782790656\n|move|p1a: Ting-Lu|Earthquake|p2a: Amoonguss\n|-damage|p2a: Amoonguss|118/321\n|move|p2a: Amoonguss|Sludge Bomb|p1a: Ting-Lu\n|-resisted|p1a: Ting-Lu\n|-damage|p1a: Ting-Lu|129/370\n|\n|-heal|p1a: Ting-Lu|152/370|[from] item: Leftovers\n|-heal|p2a: Amoonguss|138/321|[from] item: Leftovers\n|upkeep\n|turn|11\n|\n|t:|1782790660\n|move|p1a: Ting-Lu|Earthquake|p2a: Amoonguss\n|-damage|p2a: Amoonguss|8/321\n|move|p2a: Amoonguss|Giga Drain|p1a: Ting-Lu\n|-supereffective|p1a: Ting-Lu\n|-damage|p1a: Ting-Lu|38/370\n|-heal|p2a: Amoonguss|65/321|[from] drain|[of] p1a: Ting-Lu\n|\n|-heal|p1a: Ting-Lu|61/370|[from] item: Leftovers\n|-heal|p2a: Amoonguss|85/321|[from] item: Leftovers\n|upkeep\n|turn|12\n|\n|t:|1782790665\n|switch|p2a: Tropius|Tropius, L91, M|328/328\n|-damage|p2a: Tropius|246/328|[from] Stealth Rock\n|move|p1a: Ting-Lu|Earthquake|p2a: Tropius\n|-immune|p2a: Tropius\n|\n|-heal|p1a: Ting-Lu|84/370|[from] item: Leftovers\n|upkeep\n|turn|13\n|\n|t:|1782790674\n|move|p2a: Tropius|Dual Wingbeat|p1a: Ting-Lu\n|-damage|p1a: Ting-Lu|50/370\n|-damage|p1a: Ting-Lu|16/370\n|-hitcount|p1a: Ting-Lu|2\n|move|p1a: Ting-Lu|Whirlwind|p2a: Tropius\n|drag|p2a: Carbink|Carbink, L90|236/236\n|-damage|p2a: Carbink|207/236|[from] Stealth Rock\n|-damage|p2a: Carbink|178/236|[from] Spikes\n|\n|-heal|p2a: Carbink|192/236|[from] item: Leftovers\n|-heal|p1a: Ting-Lu|39/370|[from] item: Leftovers\n|upkeep\n|turn|14\n|\n|t:|1782790683\n|move|p2a: Carbink|Body Press|p1a: Ting-Lu\n|-supereffective|p1a: Ting-Lu\n|-damage|p1a: Ting-Lu|0 fnt\n|faint|p1a: Ting-Lu\n|\n|-heal|p2a: Carbink|206/236|[from] item: Leftovers\n|upkeep\n|\n|t:|1782790692\n|switch|p1a: Ogerpon|Ogerpon, L80, F|97/259\n|turn|15\n|\n|t:|1782790702\n|switch|p2a: Bombirdier|Bombirdier, L85, F|258/258\n|move|p1a: Ogerpon|Synthesis|p1a: Ogerpon\n|-heal|p1a: Ogerpon|226/259\n|\n|upkeep\n|turn|16\n|\n|t:|1782790706\n|move|p1a: Ogerpon|U-turn|p2a: Bombirdier\n|-damage|p2a: Bombirdier|204/258\n|\n|t:|1782790712\n|switch|p1a: Glaceon|Glaceon, L94, M|138/275 psn|[from] U-turn\n|move|p2a: Bombirdier|Brave Bird|p1a: Glaceon\n|-damage|p1a: Glaceon|41/275 psn\n|-damage|p2a: Bombirdier|172/258|[from] Recoil\n|\n|-damage|p1a: Glaceon|7/275 psn|[from] psn\n|upkeep\n|turn|17\n|\n|t:|1782790718\n|move|p2a: Bombirdier|Knock Off|p1a: Glaceon\n|-damage|p1a: Glaceon|0 fnt\n|-enditem|p1a: Glaceon|Heavy-Duty Boots|[from] move: Knock Off|[of] p2a: Bombirdier\n|faint|p1a: Glaceon\n|\n|upkeep\n|\n|t:|1782790723\n|switch|p1a: Hawlucha|Hawlucha, L80, F|256/256\n|-damage|p1a: Hawlucha|224/256|[from] Stealth Rock\n|turn|18\n|\n|t:|1782790728\n|-terastallize|p1a: Hawlucha|Flying\n|move|p1a: Hawlucha|Close Combat|p2a: Bombirdier\n|-damage|p2a: Bombirdier|61/258\n|-unboost|p1a: Hawlucha|def|1\n|-unboost|p1a: Hawlucha|spd|1\n|-enditem|p1a: Hawlucha|White Herb\n|-clearnegativeboost|p1a: Hawlucha|[silent]\n|move|p2a: Bombirdier|Brave Bird|p1a: Hawlucha\n|-damage|p1a: Hawlucha|71/256\n|-damage|p2a: Bombirdier|11/258|[from] Recoil\n|\n|upkeep\n|turn|19\n|\n|t:|1782790737\n|move|p1a: Hawlucha|Brave Bird|p2a: Bombirdier\n|-damage|p2a: Bombirdier|0 fnt\n|faint|p2a: Bombirdier\n|-damage|p1a: Hawlucha|67/256|[from] Recoil\n|\n|upkeep\n|\n|t:|1782790742\n|switch|p2a: Carbink|Carbink, L90|206/236\n|-damage|p2a: Carbink|177/236|[from] Stealth Rock\n|-damage|p2a: Carbink|148/236|[from] Spikes\n|turn|20\n|\n|t:|1782790751\n|move|p1a: Hawlucha|Close Combat|p2a: Carbink\n|-damage|p2a: Carbink|76/236\n|-unboost|p1a: Hawlucha|def|1\n|-unboost|p1a: Hawlucha|spd|1\n|move|p2a: Carbink|Moonblast|p1a: Hawlucha\n|-damage|p1a: Hawlucha|0 fnt\n|faint|p1a: Hawlucha\n|\n|-heal|p2a: Carbink|90/236|[from] item: Leftovers\n|upkeep\n|\n|t:|1782790757\n|switch|p1a: Ogerpon|Ogerpon, L80, F|226/259\n|turn|21\n|\n|t:|1782790765\n|move|p1a: Ogerpon|U-turn|p2a: Carbink\n|-resisted|p2a: Carbink\n|-damage|p2a: Carbink|73/236\n|\n|t:|1782790768\n|switch|p1a: Maushold|Maushold, L76|238/238|[from] U-turn\n|-damage|p1a: Maushold|209/238|[from] Stealth Rock\n|move|p2a: Carbink|Iron Defense|p2a: Carbink\n|-boost|p2a: Carbink|def|2\n|\n|-heal|p2a: Carbink|87/236|[from] item: Leftovers\n|upkeep\n|turn|22\n|\n|t:|1782790774\n|move|p1a: Maushold|Tidy Up|p1a: Maushold\n|-sideend|p1: Obaidelphox|Stealth Rock\n|-sideend|p2: mewax|Spikes\n|-sideend|p2: mewax|Stealth Rock\n|-activate|p1a: Maushold|move: Tidy Up\n|-boost|p1a: Maushold|atk|1\n|-boost|p1a: Maushold|spe|1\n|move|p2a: Carbink|Body Press|p1a: Maushold\n|-supereffective|p1a: Maushold\n|-damage|p1a: Maushold|0 fnt\n|faint|p1a: Maushold\n|\n|-heal|p2a: Carbink|101/236|[from] item: Leftovers\n|upkeep\n|\n|t:|1782790784\n|switch|p1a: Cresselia|Cresselia, L80, F|323/323\n|turn|23\n|\n|t:|1782790791\n|move|p1a: Cresselia|Calm Mind|p1a: Cresselia\n|-boost|p1a: Cresselia|spa|1\n|-boost|p1a: Cresselia|spd|1\n|move|p2a: Carbink|Iron Defense|p2a: Carbink\n|-boost|p2a: Carbink|def|2\n|\n|-heal|p2a: Carbink|115/236|[from] item: Leftovers\n|upkeep\n|turn|24\n|\n|t:|1782790794\n|move|p1a: Cresselia|Moonblast|p2a: Carbink\n|-damage|p2a: Carbink|70/236\n|move|p2a: Carbink|Body Press|p1a: Cresselia\n|-resisted|p1a: Cresselia\n|-damage|p1a: Cresselia|194/323\n|\n|-heal|p1a: Cresselia|214/323|[from] item: Leftovers\n|-heal|p2a: Carbink|84/236|[from] item: Leftovers\n|upkeep\n|turn|25\n|\n|t:|1782790804\n|move|p1a: Cresselia|Moonblast|p2a: Carbink\n|-damage|p2a: Carbink|39/236\n|move|p2a: Carbink|Body Press|p1a: Cresselia\n|-resisted|p1a: Cresselia\n|-damage|p1a: Cresselia|85/323\n|\n|-heal|p1a: Cresselia|105/323|[from] item: Leftovers\n|-heal|p2a: Carbink|53/236|[from] item: Leftovers\n|upkeep\n|turn|26\n|\n|t:|1782790812\n|move|p1a: Cresselia|Moonlight|p1a: Cresselia\n|-heal|p1a: Cresselia|266/323\n|move|p2a: Carbink|Rock Polish|p2a: Carbink\n|-boost|p2a: Carbink|spe|2\n|\n|-heal|p2a: Carbink|67/236|[from] item: Leftovers\n|-heal|p1a: Cresselia|286/323|[from] item: Leftovers\n|upkeep\n|turn|27\n|\n|t:|1782790816\n|move|p2a: Carbink|Body Press|p1a: Cresselia\n|-resisted|p1a: Cresselia\n|-damage|p1a: Cresselia|174/323\n|move|p1a: Cresselia|Moonblast|p2a: Carbink\n|-damage|p2a: Carbink|17/236\n|\n|-heal|p2a: Carbink|31/236|[from] item: Leftovers\n|-heal|p1a: Cresselia|194/323|[from] item: Leftovers\n|upkeep\n|turn|28\n|\n|t:|1782790819\n|move|p2a: Carbink|Body Press|p1a: Cresselia\n|-resisted|p1a: Cresselia\n|-damage|p1a: Cresselia|75/323\n|move|p1a: Cresselia|Moonblast|p2a: Carbink\n|-damage|p2a: Carbink|0 fnt\n|faint|p2a: Carbink\n|\n|-heal|p1a: Cresselia|95/323|[from] item: Leftovers\n|upkeep\n|\n|t:|1782790824\n|switch|p2a: Terrakion|Terrakion, L79|273/273\n|turn|29\n|\n|t:|1782790828\n|switch|p1a: Ogerpon|Ogerpon, L80, F|226/259\n|move|p2a: Terrakion|Stone Edge|p1a: Ogerpon|[miss]\n|-miss|p2a: Terrakion|p1a: Ogerpon\n|\n|upkeep\n|turn|30\n|\n|t:|1782790836\n|move|p1a: Ogerpon|U-turn|p2a: Terrakion\n|-resisted|p2a: Terrakion\n|-damage|p2a: Terrakion|246/273\n|\n|t:|1782790839\n|switch|p1a: Cresselia|Cresselia, L80, F|95/323|[from] U-turn\n|move|p2a: Terrakion|Stone Edge|p1a: Cresselia\n|-damage|p1a: Cresselia|0 fnt\n|faint|p1a: Cresselia\n|\n|upkeep\n|\n|t:|1782790842\n|switch|p1a: Ogerpon|Ogerpon, L80, F|226/259\n|turn|31\n|\n|t:|1782790847\n|move|p1a: Ogerpon|Spikes|p2a: Terrakion\n|-sidestart|p2: mewax|Spikes\n|move|p2a: Terrakion|Stone Edge|p1a: Ogerpon\n|-damage|p1a: Ogerpon|45/259\n|\n|upkeep\n|turn|32\n|\n|t:|1782790853\n|move|p1a: Ogerpon|Synthesis|p1a: Ogerpon\n|-heal|p1a: Ogerpon|174/259\n|move|p2a: Terrakion|Stone Edge|p1a: Ogerpon|[miss]\n|-miss|p2a: Terrakion|p1a: Ogerpon\n|\n|upkeep\n|turn|33\n|\n|t:|1782790860\n|move|p1a: Ogerpon|Synthesis|p1a: Ogerpon\n|-heal|p1a: Ogerpon|259/259\n|move|p2a: Terrakion|Stone Edge|p1a: Ogerpon\n|-damage|p1a: Ogerpon|57/259\n|\n|upkeep\n|turn|34\n|\n|t:|1782790866\n|move|p1a: Ogerpon|Synthesis|p1a: Ogerpon\n|-heal|p1a: Ogerpon|186/259\n|move|p2a: Terrakion|Stone Edge|p1a: Ogerpon\n|-damage|p1a: Ogerpon|11/259\n|\n|upkeep\n|turn|35\n|\n|t:|1782790870\n|move|p1a: Ogerpon|Synthesis|p1a: Ogerpon\n|-heal|p1a: Ogerpon|140/259\n|move|p2a: Terrakion|Stone Edge|p1a: Ogerpon|[miss]\n|-miss|p2a: Terrakion|p1a: Ogerpon\n|\n|upkeep\n|turn|36\n|\n|t:|1782790881\n|move|p1a: Ogerpon|Synthesis|p1a: Ogerpon\n|-heal|p1a: Ogerpon|259/259\n|move|p2a: Terrakion|Stone Edge|p1a: Ogerpon\n|-crit|p1a: Ogerpon\n|-damage|p1a: Ogerpon|0 fnt\n|faint|p1a: Ogerpon\n|\n|win|mewax\n|raw|Obaidelphox's rating: 1945 &rarr; <strong>1928</strong><br />(-17 for losing)\n|raw|mewax's rating: 1999 &rarr; <strong>2016</strong><br />(+17 for winning)\n", "inputlog": ">version f8ac14003a5f27e1bdc8d8c59608a773c1cb96e5\n>start {\"formatid\":\"gen9randombattle\",\"seed\":\"sodium,e03d6315168358cba0a6c17ac68a978e\",\"rated\":\"Rated battle\"}\n>player p1 {\"name\":\"Obaidelphox\",\"avatar\":\"266\",\"rating\":1945,\"seed\":\"sodium,0326588f85e81aa334b11bdc2a7609cf\"}\n>player p2 {\"name\":\"mewax\",\"avatar\":\"1\",\"rating\":1999,\"seed\":\"sodium,97e30f0e24fca215118ff42d677502bd\"}\n>p1 switch 4\n>p2 move stealthrock\n>p1 move stealthrock\n>p2 switch 6\n>p1 move whirlwind\n>p2 move irondefense\n>p1 switch 6\n>p2 move spore\n>p1 move spikes\n>p2 move sludgebomb\n>p1 switch 5\n>p2 move sludgebomb\n>p1 move freezedry\n>p2 switch 4\n>p1 switch 6\n>p2 move bodypress\n>p1 move throatchop\n>p2 move dracometeor\n>p2 switch 4\n>p1 move earthquake\n>p2 move sludgebomb\n>p1 move earthquake\n>p2 move gigadrain\n>p1 move earthquake\n>p2 switch 3\n>p1 move whirlwind\n>p2 move dualwingbeat\n>p1 move whirlwind\n>p2 move bodypress\n>p1 switch 5\n>p1 move synthesis\n>p2 switch 6\n>p1 move uturn\n>p2 move bravebird\n>p1 switch 6\n>p1 move freezedry\n>p2 move knockoff\n>p1 switch 2\n>p1 move closecombat terastallize\n>p2 move bravebird\n>p1 move bravebird\n>p2 move bravebird\n>p2 switch 6\n>p1 move closecombat\n>p2 move moonblast\n>p1 switch 6\n>p1 move uturn\n>p2 move irondefense\n>p1 switch 3\n>p1 move tidyup\n>p2 move bodypress\n>p1 switch 4\n>p1 move calmmind\n>p2 move irondefense\n>p1 move moonblast\n>p2 move bodypress\n>p1 move moonblast\n>p2 move bodypress\n>p1 move moonlight\n>p2 move rockpolish\n>p1 move moonblast\n>p2 move bodypress\n>p1 move moonblast\n>p2 move bodypress\n>p2 switch 5\n>p1 switch 3\n>p2 move stoneedge\n>p1 move uturn\n>p2 move stoneedge\n>p1 switch 3\n>p1 switch 3\n>p1 move spikes\n>p2 move stoneedge\n>p1 move synthesis\n>p2 move stoneedge\n>p1 move synthesis\n>p2 move stoneedge\n>p1 move synthesis\n>p2 move stoneedge\n>p1 move synthesis\n>p2 move stoneedge\n>p1 move synthesis\n>p2 move stoneedge", "uploadtime": 1782790490, "views": 4, "formatid": "gen9randombattle", "rating": 1928, "private": 0, "password": null, "player_dets": [{"name": "Obaidelphox", "avatar": "266", "rating": 1945, "seed": "sodium,0326588f85e81aa334b11bdc2a7609cf"}, {"name": "mewax", "avatar": "1", "rating": 1999, "seed": "sodium,97e30f0e24fca215118ff42d677502bd"}], "teams_full": [{"Cresselia": {"name": "Cresselia", "species": "Cresselia", "speciesId": "cresselia", "gender": "F", "shiny": false, "level": 80, "moves": ["moonblast", "psyshock", "moonlight", "calmmind"], "ability": "Levitate", "evs": {"hp": 85, "atk": 0, "def": 85, "spa": 85, "spd": 85, "spe": 85}, "ivs": {"hp": 31, "atk": 0, "def": 31, "spa": 31, "spd": 31, "spe": 31}, "item": "Leftovers", "teraType": "Steel", "role": "Bulky Setup", "bvs": {"hp": 120, "atk": 70, "def": 110, "spa": 75, "spd": 120, "spe": 85}, "stats": {"hp": 323, "atk": 117, "def": 222, "spa": 166, "spd": 238, "spe": 182}, "types": ["Psychic"]}, "Hawlucha": {"name": "Hawlucha", "species": "Hawlucha", "speciesId": "hawlucha", "gender": "F", "shiny": false, "level": 80, "moves": ["swordsdance", "stoneedge", "bravebird", "closecombat"], "ability": "Unburden", "evs": {"hp": 85, "atk": 85, "def": 85, "spa": 85, "spd": 85, "spe": 85}, "ivs": {"hp": 31, "atk": 31, "def": 31, "spa": 31, "spd": 31, "spe": 31}, "item": "White Herb", "teraType": "Flying", "role": "Setup Sweeper", "bvs": {"hp": 78, "atk": 92, "def": 75, "spa": 74, "spd": 63, "spe": 118}, "stats": {"hp": 256, "atk": 193, "def": 166, "spa": 165, "spd": 147, "spe": 235}, "types": ["Fighting", "Flying"]}, "Maushold": {"name": "Maushold", "species": "Maushold", "speciesId": "maushold", "gender": "N", "shiny": false, "level": 76, "moves": ["populationbomb", "encore", "tidyup", "bite"], "ability": "Technician", "evs": {"hp": 85, "atk": 85, "def": 85, "spa": 85, "spd": 85, "spe": 85}, "ivs": {"hp": 31, "atk": 31, "def": 31, "spa": 31, "spd": 31, "spe": 31}, "item": "Wide Lens", "teraType": "Ghost", "role": "Setup Sweeper", "bvs": {"hp": 74, "atk": 75, "def": 70, "spa": 65, "spd": 75, "spe": 111}, "stats": {"hp": 238, "atk": 158, "def": 150, "spa": 143, "spd": 158, "spe": 213}, "types": ["Normal"]}, "Ting-Lu": {"name": "Ting-Lu", "species": "Ting-Lu", "speciesId": "tinglu", "gender": "N", "shiny": false, "level": 78, "moves": ["throatchop", "earthquake", "whirlwind", "stealthrock"], "ability": "Vessel of Ruin", "evs": {"hp": 85, "atk": 85, "def": 85, "spa": 85, "spd": 85, "spe": 85}, "ivs": {"hp": 31, "atk": 31, "def": 31, "spa": 31, "spd": 31, "spe": 31}, "item": "Leftovers", "teraType": "Poison", "role": "Bulky Support", "bvs": {"hp": 155, "atk": 110, "def": 125, "spa": 55, "spd": 80, "spe": 45}, "stats": {"hp": 370, "atk": 217, "def": 240, "spa": 131, "spd": 170, "spe": 115}, "types": ["Dark", "Ground"]}, "Glaceon": {"name": "Glaceon", "species": "Glaceon", "speciesId": "glaceon", "gender": "M", "shiny": false, "level": 94, "moves": ["protect", "wish", "freezedry", "mudshot"], "ability": "Ice Body", "evs": {"hp": 85, "atk": 0, "def": 85, "spa": 85, "spd": 85, "spe": 85}, "ivs": {"hp": 31, "atk": 0, "def": 31, "spa": 31, "spd": 31, "spe": 31}, "item": "Heavy-Duty Boots", "teraType": "Ground", "role": "Bulky Attacker", "bvs": {"hp": 65, "atk": 60, "def": 110, "spa": 130, "spd": 95, "spe": 65}, "stats": {"hp": 275, "atk": 117, "def": 260, "spa": 298, "spd": 232, "spe": 176}, "types": ["Ice"]}, "Ogerpon": {"name": "Ogerpon", "species": "Ogerpon", "speciesId": "ogerpon", "gender": "F", "shiny": false, "level": 80, "moves": ["ivycudgel", "uturn", "spikes", "synthesis"], "ability": "Defiant", "evs": {"hp": 85, "atk": 85, "def": 85, "spa": 85, "spd": 85, "spe": 85}, "ivs": {"hp": 31, "atk": 31, "def": 31, "spa": 31, "spd": 31, "spe": 31}, "item": "Heavy-Duty Boots", "teraType": "Grass", "role": "Fast Support", "bvs": {"hp": 80, "atk": 120, "def": 84, "spa": 60, "spd": 96, "spe": 110}, "stats": {"hp": 259, "atk": 238, "def": 181, "spa": 142, "spd": 200, "spe": 222}, "types": ["Grass"]}}, {"Bombirdier": {"name": "Bombirdier", "species": "Bombirdier", "speciesId": "bombirdier", "gender": "F", "shiny": false, "level": 85, "moves": ["roost", "stealthrock", "knockoff", "bravebird"], "ability": "Big Pecks", "evs": {"hp": 85, "atk": 85, "def": 85, "spa": 85, "spd": 85, "spe": 85}, "ivs": {"hp": 31, "atk": 31, "def": 31, "spa": 31, "spd": 31, "spe": 31}, "item": "Heavy-Duty Boots", "teraType": "Dark", "role": "Bulky Support", "bvs": {"hp": 70, "atk": 103, "def": 85, "spa": 60, "spd": 85, "spe": 82}, "stats": {"hp": 258, "atk": 224, "def": 193, "spa": 151, "spd": 193, "spe": 188}, "types": ["Flying", "Dark"]}, "Amoonguss": {"name": "Amoonguss", "species": "Amoonguss", "speciesId": "amoonguss", "gender": "M", "shiny": false, "level": 82, "moves": ["gigadrain", "stompingtantrum", "spore", "sludgebomb"], "ability": "Regenerator", "evs": {"hp": 85, "atk": 85, "def": 85, "spa": 85, "spd": 85, "spe": 85}, "ivs": {"hp": 31, "atk": 31, "def": 31, "spa": 31, "spd": 31, "spe": 31}, "item": "Leftovers", "teraType": "Water", "role": "Bulky Attacker", "bvs": {"hp": 114, "atk": 85, "def": 70, "spa": 85, "spd": 80, "spe": 30}, "stats": {"hp": 321, "atk": 187, "def": 162, "spa": 187, "spd": 178, "spe": 96}, "types": ["Grass", "Poison"]}, "Tropius": {"name": "Tropius", "species": "Tropius", "speciesId": "tropius", "gender": "M", "shiny": false, "level": 91, "moves": ["synthesis", "dragondance", "dualwingbeat", "earthquake"], "ability": "Harvest", "evs": {"hp": 85, "atk": 85, "def": 85, "spa": 85, "spd": 85, "spe": 85}, "ivs": {"hp": 31, "atk": 31, "def": 31, "spa": 31, "spd": 31, "spe": 31}, "item": "Sitrus Berry", "teraType": "Ground", "role": "Setup Sweeper", "bvs": {"hp": 99, "atk": 68, "def": 83, "spa": 72, "spd": 87, "spe": 51}, "stats": {"hp": 328, "atk": 176, "def": 203, "spa": 183, "spd": 210, "spe": 145}, "types": ["Grass", "Flying"]}, "Duraludon": {"name": "Duraludon", "species": "Duraludon", "speciesId": "duraludon", "gender": "F", "shiny": false, "level": 82, "moves": ["flashcannon", "dracometeor", "bodypress", "thunderwave"], "ability": "Light Metal", "evs": {"hp": 85, "atk": 0, "def": 85, "spa": 85, "spd": 85, "spe": 85}, "ivs": {"hp": 31, "atk": 0, "def": 31, "spa": 31, "spd": 31, "spe": 31}, "item": "Eviolite", "teraType": "Fighting", "role": "Bulky Attacker", "bvs": {"hp": 70, "atk": 95, "def": 115, "spa": 120, "spd": 50, "spe": 85}, "stats": {"hp": 249, "atk": 160, "def": 236, "spa": 244, "spd": 129, "spe": 187}, "types": ["Steel", "Dragon"]}, "Terrakion": {"name": "Terrakion", "species": "Terrakion", "speciesId": "terrakion", "gender": "N", "shiny": false, "level": 79, "moves": ["quickattack", "stoneedge", "closecombat", "earthquake"], "ability": "Justified", "evs": {"hp": 85, "atk": 85, "def": 85, "spa": 85, "spd": 85, "spe": 85}, "ivs": {"hp": 31, "atk": 31, "def": 31, "spa": 31, "spd": 31, "spe": 31}, "item": "Choice Band", "teraType": "Ground", "role": "Wallbreaker", "bvs": {"hp": 91, "atk": 129, "def": 90, "spa": 72, "spd": 90, "spe": 108}, "stats": {"hp": 273, "atk": 249, "def": 188, "spa": 159, "spd": 188, "spe": 216}, "types": ["Rock", "Fighting"]}, "Carbink": {"name": "Carbink", "species": "Carbink", "speciesId": "carbink", "gender": "N", "shiny": false, "level": 90, "moves": ["rockpolish", "irondefense", "moonblast", "bodypress"], "ability": "Sturdy", "evs": {"hp": 85, "atk": 0, "def": 85, "spa": 85, "spd": 85, "spe": 85}, "ivs": {"hp": 31, "atk": 0, "def": 31, "spa": 31, "spd": 31, "spe": 31}, "item": "Leftovers", "teraType": "Fighting", "role": "Fast Bulky Setup", "bvs": {"hp": 50, "atk": 50, "def": 150, "spa": 50, "spd": 150, "spe": 50}, "stats": {"hp": 236, "atk": 95, "def": 321, "spa": 141, "spd": 321, "spe": 141}, "types": ["Rock", "Fairy"]}}]}