{"id": "gen9randombattle-2641498904", "format": "[Gen 9] Random Battle", "players": ["Coopman35", "Echtel"], "log": "|j|\u2606Coopman35\n|j|\u2606Echtel\n|t:|1782795070\n|gametype|singles\n|player|p1|Coopman35|bruno|2005\n|player|p2|Echtel|170|1996\n|gen|9\n|tier|[Gen 9] Random Battle\n|rated|\n|rule|Species Clause: Limit one of each Pok\u00e9mon\n|rule|HP Percentage Mod: HP is shown in percentages\n|rule|Sleep Clause Mod: Limit one foe put to sleep\n|rule|Illusion Level Mod: Illusion disguises the Pok\u00e9mon's true level\n|\n|t:|1782795070\n|teamsize|p1|6\n|teamsize|p2|6\n|start\n|switch|p1a: Infernape|Infernape, L82, F|259/259\n|switch|p2a: Mandibuzz|Mandibuzz, L85, F|326/326\n|turn|1\n|inactive|Battle timer is ON: inactive players will automatically lose when time's up. (requested by Echtel)\n|\n|t:|1782795076\n|move|p1a: Infernape|Stone Edge|p2a: Mandibuzz\n|-supereffective|p2a: Mandibuzz\n|-crit|p2a: Mandibuzz\n|-damage|p2a: Mandibuzz|48/326\n|move|p2a: Mandibuzz|Brave Bird|p1a: Infernape\n|-supereffective|p1a: Infernape\n|-damage|p1a: Infernape|23/259\n|-damage|p2a: Mandibuzz|0 fnt|[from] Recoil\n|faint|p2a: Mandibuzz\n|\n|upkeep\n|\n|t:|1782795086\n|switch|p2a: Comfey|Comfey, L85, M|225/225\n|turn|2\n|\n|t:|1782795090\n|move|p1a: Infernape|Stone Edge|p2a: Comfey|[miss]\n|-miss|p1a: Infernape|p2a: Comfey\n|move|p2a: Comfey|Calm Mind|p2a: Comfey\n|-boost|p2a: Comfey|spa|1\n|-boost|p2a: Comfey|spd|1\n|\n|upkeep\n|turn|3\n|\n|t:|1782795107\n|move|p2a: Comfey|Giga Drain|p1a: Infernape\n|-resisted|p1a: Infernape\n|-damage|p1a: Infernape|0 fnt\n|faint|p1a: Infernape\n|\n|upkeep\n|\n|t:|1782795113\n|switch|p1a: Grumpig|Grumpig, L92, M|297/297\n|turn|4\n|\n|t:|1782795119\n|move|p2a: Comfey|Calm Mind|p2a: Comfey\n|-boost|p2a: Comfey|spa|1\n|-boost|p2a: Comfey|spd|1\n|move|p1a: Grumpig|Nasty Plot|p1a: Grumpig\n|-boost|p1a: Grumpig|spa|2\n|\n|upkeep\n|turn|5\n|\n|t:|1782795122\n|move|p2a: Comfey|Calm Mind|p2a: Comfey\n|-boost|p2a: Comfey|spa|1\n|-boost|p2a: Comfey|spd|1\n|move|p1a: Grumpig|Psyshock|p2a: Comfey\n|-damage|p2a: Comfey|42/225\n|\n|-heal|p2a: Comfey|56/225|[from] item: Leftovers\n|upkeep\n|turn|6\n|\n|t:|1782795131\n|move|p2a: Comfey|Draining Kiss|p1a: Grumpig\n|-damage|p1a: Grumpig|200/297\n|-heal|p2a: Comfey|129/225|[from] drain|[of] p1a: Grumpig\n|move|p1a: Grumpig|Psyshock|p2a: Comfey\n|-damage|p2a: Comfey|0 fnt\n|faint|p2a: Comfey\n|\n|-heal|p1a: Grumpig|218/297|[from] item: Leftovers\n|upkeep\n|\n|t:|1782795146\n|switch|p2a: Lumineon|Lumineon, L93, M|279/279\n|turn|7\n|\n|t:|1782795149\n|move|p2a: Lumineon|Hydro Pump|p1a: Grumpig|[miss]\n|-miss|p2a: Lumineon|p1a: Grumpig\n|move|p1a: Grumpig|Psyshock|p2a: Lumineon\n|-damage|p2a: Lumineon|86/279\n|\n|-heal|p1a: Grumpig|236/297|[from] item: Leftovers\n|upkeep\n|turn|8\n|\n|t:|1782795161\n|move|p2a: Lumineon|Hydro Pump|p1a: Grumpig\n|-damage|p1a: Grumpig|122/297\n|-damage|p2a: Lumineon|59/279|[from] item: Life Orb\n|move|p1a: Grumpig|Psyshock|p2a: Lumineon\n|-damage|p2a: Lumineon|0 fnt\n|faint|p2a: Lumineon\n|\n|-heal|p1a: Grumpig|140/297|[from] item: Leftovers\n|upkeep\n|\n|t:|1782795165\n|switch|p2a: Serperior|Serperior, L79, M|248/248\n|turn|9\n|\n|t:|1782795177\n|move|p2a: Serperior|Leaf Storm|p1a: Grumpig\n|-damage|p1a: Grumpig|59/297\n|-boost|p2a: Serperior|spa|2\n|move|p1a: Grumpig|Psyshock|p2a: Serperior\n|-damage|p2a: Serperior|67/248\n|\n|-heal|p2a: Serperior|82/248|[from] item: Leftovers\n|-heal|p1a: Grumpig|77/297|[from] item: Leftovers\n|upkeep\n|turn|10\n|\n|t:|1782795191\n|move|p2a: Serperior|Leaf Storm|p1a: Grumpig\n|-damage|p1a: Grumpig|0 fnt\n|-boost|p2a: Serperior|spa|2\n|faint|p1a: Grumpig\n|\n|-heal|p2a: Serperior|97/248|[from] item: Leftovers\n|upkeep\n|\n|t:|1782795193\n|switch|p1a: Noivern|Noivern, L82, M|274/274\n|turn|11\n|\n|t:|1782795207\n|switch|p2a: Rotom|Rotom-Mow, L87|229/229\n|move|p1a: Noivern|Flamethrower|p2a: Rotom\n|-supereffective|p2a: Rotom\n|-crit|p2a: Rotom\n|-damage|p2a: Rotom|79/229\n|\n|-heal|p2a: Rotom|93/229|[from] item: Leftovers\n|upkeep\n|turn|12\n|\n|t:|1782795216\n|move|p1a: Noivern|Flamethrower|p2a: Rotom\n|-supereffective|p2a: Rotom\n|-damage|p2a: Rotom|0 fnt\n|faint|p2a: Rotom\n|\n|upkeep\n|\n|t:|1782795218\n|switch|p2a: Hitmontop|Hitmontop, L88, M|231/231\n|turn|13\n|\n|t:|1782795222\n|move|p1a: Noivern|Hurricane|p2a: Hitmontop\n|-supereffective|p2a: Hitmontop\n|-damage|p2a: Hitmontop|49/231\n|-start|p2a: Hitmontop|confusion\n|-activate|p2a: Hitmontop|confusion\n|move|p2a: Hitmontop|Rapid Spin|p1a: Noivern\n|-damage|p1a: Noivern|212/274\n|-boost|p2a: Hitmontop|spe|1\n|\n|-heal|p2a: Hitmontop|63/231|[from] item: Leftovers\n|upkeep\n|turn|14\n|\n|t:|1782795226\n|switch|p1a: Araquanid|Araquanid, L82, M|246/246\n|-end|p2a: Hitmontop|confusion\n|move|p2a: Hitmontop|Triple Axel|p1a: Araquanid\n|-resisted|p1a: Araquanid\n|-damage|p1a: Araquanid|235/246\n|-resisted|p1a: Araquanid\n|-damage|p1a: Araquanid|213/246\n|-resisted|p1a: Araquanid\n|-damage|p1a: Araquanid|178/246\n|-hitcount|p1a: Araquanid|3\n|\n|-heal|p2a: Hitmontop|77/231|[from] item: Leftovers\n|upkeep\n|turn|15\n|\n|t:|1782795248\n|move|p2a: Hitmontop|Close Combat|p1a: Araquanid\n|-resisted|p1a: Araquanid\n|-damage|p1a: Araquanid|115/246\n|-unboost|p2a: Hitmontop|def|1\n|-unboost|p2a: Hitmontop|spd|1\n|move|p1a: Araquanid|Liquidation|p2a: Hitmontop\n|-damage|p2a: Hitmontop|0 fnt\n|faint|p2a: Hitmontop\n|\n|upkeep\n|-message|Echtel forfeited.\n|\n|win|Coopman35\n", "inputlog": ">version f8ac14003a5f27e1bdc8d8c59608a773c1cb96e5\n>start {\"formatid\":\"gen9randombattle\",\"seed\":\"sodium,b8be716a34140962f9948902325b6cbe\",\"rated\":\"Rated battle\"}\n>player p1 {\"name\":\"Coopman35\",\"avatar\":\"bruno\",\"rating\":2005,\"seed\":\"sodium,99bfe88248d20a7e78493bd14c50bc36\"}\n>player p2 {\"name\":\"Echtel\",\"avatar\":\"170\",\"rating\":1996,\"seed\":\"sodium,0f16425498561831c4df6ee79b1d5754\"}\n>p1 move stoneedge\n>p2 move bravebird\n>p2 switch 5\n>p1 move stoneedge\n>p2 move calmmind\n>p1 move stoneedge\n>p2 move gigadrain\n>p1 switch 3\n>p1 move nastyplot\n>p2 move calmmind\n>p1 move psyshock\n>p2 move calmmind\n>p1 move psyshock\n>p2 move drainingkiss\n>p2 switch 4\n>p1 move psyshock\n>p2 move hydropump\n>p1 move psyshock\n>p2 move hydropump\n>p2 switch 2\n>p1 move psyshock\n>p2 move leafstorm\n>p1 move psyshock\n>p2 move leafstorm\n>p1 switch 6\n>p1 move flamethrower\n>p2 switch 3\n>p1 move flamethrower\n>p2 move thunderbolt\n>p2 switch 6\n>p1 move hurricane\n>p2 move rapidspin\n>p1 switch 5\n>p2 move tripleaxel\n>p1 move liquidation\n>p2 move closecombat\n>forcelose p2", "uploadtime": 1782795072, "views": 4, "formatid": "gen9randombattle", "rating": null, "private": 0, "password": null, "player_dets": [{"name": "Coopman35", "avatar": "bruno", "rating": 2005, "seed": "sodium,99bfe88248d20a7e78493bd14c50bc36"}, {"name": "Echtel", "avatar": "170", "rating": 1996, "seed": "sodium,0f16425498561831c4df6ee79b1d5754"}], "teams_full": [{"Infernape": {"name": "Infernape", "species": "Infernape", "speciesId": "infernape", "gender": "F", "shiny": false, "level": 82, "moves": ["stoneedge", "closecombat", "gunkshot", "flareblitz"], "ability": "Blaze", "evs": {"hp": 85, "atk": 85, "def": 85, "spa": 85, "spd": 85, "spe": 85}, "ivs": {"hp": 31, "atk": 31, "def": 31, "spa": 31, "spd": 31, "spe": 31}, "item": "Choice Band", "teraType": "Fire", "role": "Fast Support", "bvs": {"hp": 76, "atk": 104, "def": 71, "spa": 104, "spd": 71, "spe": 108}, "stats": {"hp": 259, "atk": 218, "def": 164, "spa": 218, "spd": 164, "spe": 224}, "types": ["Fire", "Fighting"]}, "Lanturn": {"name": "Lanturn", "species": "Lanturn", "speciesId": "lanturn", "gender": "M", "shiny": false, "level": 89, "moves": ["thunderbolt", "voltswitch", "thunderwave", "scald"], "ability": "Volt Absorb", "evs": {"hp": 85, "atk": 0, "def": 85, "spa": 85, "spd": 85, "spe": 85}, "ivs": {"hp": 31, "atk": 0, "def": 31, "spa": 31, "spd": 31, "spe": 31}, "item": "Heavy-Duty Boots", "teraType": "Flying", "role": "Fast Support", "bvs": {"hp": 125, "atk": 58, "def": 58, "spa": 76, "spd": 76, "spe": 67}, "stats": {"hp": 367, "atk": 108, "def": 154, "spa": 186, "spd": 186, "spe": 170}, "types": ["Water", "Electric"]}, "Grumpig": {"name": "Grumpig", "species": "Grumpig", "speciesId": "grumpig", "gender": "M", "shiny": false, "level": 92, "moves": ["earthpower", "psyshock", "dazzlinggleam", "nastyplot"], "ability": "Thick Fat", "evs": {"hp": 85, "atk": 0, "def": 85, "spa": 85, "spd": 85, "spe": 85}, "ivs": {"hp": 31, "atk": 0, "def": 31, "spa": 31, "spd": 31, "spe": 31}, "item": "Leftovers", "teraType": "Ground", "role": "Bulky Setup", "bvs": {"hp": 80, "atk": 45, "def": 65, "spa": 90, "spd": 110, "spe": 80}, "stats": {"hp": 297, "atk": 87, "def": 172, "spa": 218, "spd": 255, "spe": 200}, "types": ["Psychic"]}, "Brambleghast": {"name": "Brambleghast", "species": "Brambleghast", "speciesId": "brambleghast", "gender": "M", "shiny": false, "level": 88, "moves": ["poltergeist", "leechseed", "powerwhip", "substitute"], "ability": "Wind Rider", "evs": {"hp": 85, "atk": 85, "def": 85, "spa": 85, "spd": 85, "spe": 85}, "ivs": {"hp": 31, "atk": 31, "def": 31, "spa": 31, "spd": 31, "spe": 31}, "item": "Leftovers", "teraType": "Water", "role": "Fast Support", "bvs": {"hp": 55, "atk": 115, "def": 70, "spa": 80, "spd": 70, "spe": 90}, "stats": {"hp": 240, "atk": 253, "def": 173, "spa": 191, "spd": 173, "spe": 209}, "types": ["Grass", "Ghost"]}, "Araquanid": {"name": "Araquanid", "species": "Araquanid", "speciesId": "araquanid", "gender": "M", "shiny": false, "level": 82, "moves": ["stickyweb", "liquidation", "leechlife", "hydropump"], "ability": "Water Bubble", "evs": {"hp": 85, "atk": 85, "def": 85, "spa": 85, "spd": 85, "spe": 85}, "ivs": {"hp": 31, "atk": 31, "def": 31, "spa": 31, "spd": 31, "spe": 31}, "item": "Heavy-Duty Boots", "teraType": "Steel", "role": "Bulky Attacker", "bvs": {"hp": 68, "atk": 70, "def": 92, "spa": 50, "spd": 132, "spe": 42}, "stats": {"hp": 246, "atk": 162, "def": 198, "spa": 129, "spd": 264, "spe": 116}, "types": ["Water", "Bug"]}, "Noivern": {"name": "Noivern", "species": "Noivern", "speciesId": "noivern", "gender": "M", "shiny": false, "level": 82, "moves": ["hurricane", "roost", "dracometeor", "flamethrower"], "ability": "Infiltrator", "evs": {"hp": 85, "atk": 0, "def": 85, "spa": 85, "spd": 85, "spe": 85}, "ivs": {"hp": 31, "atk": 0, "def": 31, "spa": 31, "spd": 31, "spe": 31}, "item": "Heavy-Duty Boots", "teraType": "Fire", "role": "Fast Support", "bvs": {"hp": 85, "atk": 70, "def": 80, "spa": 97, "spd": 80, "spe": 123}, "stats": {"hp": 274, "atk": 119, "def": 178, "spa": 206, "spd": 178, "spe": 249}, "types": ["Flying", "Dragon"]}}, {"Mandibuzz": {"name": "Mandibuzz", "species": "Mandibuzz", "speciesId": "mandibuzz", "gender": "F", "shiny": false, "level": 85, "moves": ["bravebird", "knockoff", "roost", "defog"], "ability": "Overcoat", "evs": {"hp": 85, "atk": 85, "def": 85, "spa": 85, "spd": 85, "spe": 85}, "ivs": {"hp": 31, "atk": 31, "def": 31, "spa": 31, "spd": 31, "spe": 31}, "item": "Heavy-Duty Boots", "teraType": "Steel", "role": "Bulky Attacker", "bvs": {"hp": 110, "atk": 65, "def": 105, "spa": 55, "spd": 95, "spe": 80}, "stats": {"hp": 326, "atk": 159, "def": 227, "spa": 142, "spd": 210, "spe": 185}, "types": ["Dark", "Flying"]}, "Serperior": {"name": "Serperior", "species": "Serperior", "speciesId": "serperior", "gender": "M", "shiny": false, "level": 79, "moves": ["substitute", "leafstorm", "terablast", "leechseed"], "ability": "Contrary", "evs": {"hp": 85, "atk": 85, "def": 85, "spa": 85, "spd": 85, "spe": 85}, "ivs": {"hp": 31, "atk": 31, "def": 31, "spa": 31, "spd": 31, "spe": 31}, "item": "Leftovers", "teraType": "Fire", "role": "Tera Blast user", "bvs": {"hp": 75, "atk": 75, "def": 95, "spa": 75, "spd": 95, "spe": 113}, "stats": {"hp": 248, "atk": 164, "def": 196, "spa": 164, "spd": 196, "spe": 224}, "types": ["Grass"]}, "Rotom": {"name": "Rotom", "species": "Rotom-Mow", "speciesId": "rotommow", "gender": "N", "shiny": false, "level": 87, "moves": ["thunderbolt", "willowisp", "leafstorm", "nastyplot"], "ability": "Levitate", "evs": {"hp": 85, "atk": 0, "def": 85, "spa": 85, "spd": 85, "spe": 85}, "ivs": {"hp": 31, "atk": 0, "def": 31, "spa": 31, "spd": 31, "spe": 31}, "item": "Leftovers", "teraType": "Electric", "role": "Bulky Attacker", "bvs": {"hp": 50, "atk": 65, "def": 107, "spa": 105, "spd": 107, "spe": 86}, "stats": {"hp": 229, "atk": 118, "def": 236, "spa": 232, "spd": 236, "spe": 199}, "types": ["Electric", "Grass"]}, "Lumineon": {"name": "Lumineon", "species": "Lumineon", "speciesId": "lumineon", "gender": "M", "shiny": false, "level": 93, "moves": ["hydropump", "encore", "alluringvoice", "icebeam"], "ability": "Storm Drain", "evs": {"hp": 85, "atk": 0, "def": 85, "spa": 85, "spd": 85, "spe": 85}, "ivs": {"hp": 31, "atk": 0, "def": 31, "spa": 31, "spd": 31, "spe": 31}, "item": "Life Orb", "teraType": "Fairy", "role": "Fast Attacker", "bvs": {"hp": 69, "atk": 69, "def": 76, "spa": 69, "spd": 86, "spe": 91}, "stats": {"hp": 279, "atk": 133, "def": 194, "spa": 181, "spd": 213, "spe": 222}, "types": ["Water"]}, "Comfey": {"name": "Comfey", "species": "Comfey", "speciesId": "comfey", "gender": "M", "shiny": false, "level": 85, "moves": ["storedpower", "gigadrain", "drainingkiss", "calmmind"], "ability": "Triage", "evs": {"hp": 85, "atk": 0, "def": 85, "spa": 85, "spd": 85, "spe": 85}, "ivs": {"hp": 31, "atk": 0, "def": 31, "spa": 31, "spd": 31, "spe": 31}, "item": "Leftovers", "teraType": "Steel", "role": "Bulky Setup", "bvs": {"hp": 51, "atk": 52, "def": 90, "spa": 82, "spd": 110, "spe": 100}, "stats": {"hp": 225, "atk": 93, "def": 202, "spa": 188, "spd": 236, "spe": 219}, "types": ["Fairy"]}, "Hitmontop": {"name": "Hitmontop", "species": "Hitmontop", "speciesId": "hitmontop", "gender": "M", "shiny": false, "level": 88, "moves": ["rapidspin", "closecombat", "tripleaxel", "bulkup"], "ability": "Technician", "evs": {"hp": 85, "atk": 85, "def": 85, "spa": 85, "spd": 85, "spe": 85}, "ivs": {"hp": 31, "atk": 31, "def": 31, "spa": 31, "spd": 31, "spe": 31}, "item": "Leftovers", "teraType": "Ice", "role": "Bulky Setup", "bvs": {"hp": 50, "atk": 95, "def": 95, "spa": 35, "spd": 110, "spe": 70}, "stats": {"hp": 231, "atk": 217, "def": 217, "spa": 112, "spd": 244, "spe": 173}, "types": ["Fighting"]}}]}