{"id": "gen9randombattle-2641689909", "format": "[Gen 9] Random Battle", "players": ["Aunche", "jsjsiis"], "log": "|j|\u2606Aunche\n|j|\u2606jsjsiis\n|t:|1782830190\n|gametype|singles\n|player|p1|Aunche|102|2144\n|player|p2|jsjsiis|266|2072\n|gen|9\n|tier|[Gen 9] Random Battle\n|rated|\n|rule|Species Clause: Limit one of each Pok\u00e9mon\n|rule|HP Percentage Mod: HP is shown in percentages\n|rule|Sleep Clause Mod: Limit one foe put to sleep\n|rule|Illusion Level Mod: Illusion disguises the Pok\u00e9mon's true level\n|\n|t:|1782830190\n|teamsize|p1|6\n|teamsize|p2|6\n|start\n|switch|p1a: Donphan|Donphan, L84, F|288/288\n|switch|p2a: Gholdengo|Gholdengo, L77|261/261\n|turn|1\n|inactive|Battle timer is ON: inactive players will automatically lose when time's up. (requested by jsjsiis)\n|\n|t:|1782830202\n|switch|p2a: Blastoise|Blastoise, L80, M|258/258\n|move|p1a: Donphan|Earthquake|p2a: Blastoise\n|-damage|p2a: Blastoise|137/258\n|\n|upkeep\n|turn|2\n|inactive|Aunche has 120 seconds left.\n|\n|t:|1782830257\n|switch|p1a: Basculegion|Basculegion-F, L83, F|335/335\n|move|p2a: Blastoise|Shell Smash|p2a: Blastoise\n|-unboost|p2a: Blastoise|def|1\n|-unboost|p2a: Blastoise|spd|1\n|-boost|p2a: Blastoise|atk|2\n|-boost|p2a: Blastoise|spa|2\n|-boost|p2a: Blastoise|spe|2\n|-enditem|p2a: Blastoise|White Herb\n|-clearnegativeboost|p2a: Blastoise|[silent]\n|\n|upkeep\n|turn|3\n|\n|t:|1782830263\n|-terastallize|p2a: Blastoise|Grass\n|move|p2a: Blastoise|Tera Blast|p1a: Basculegion|[anim] Tera Blast Grass\n|-supereffective|p1a: Basculegion\n|-damage|p1a: Basculegion|9/335\n|move|p1a: Basculegion|Shadow Ball|p2a: Blastoise\n|-damage|p2a: Blastoise|0 fnt\n|faint|p2a: Blastoise\n|\n|upkeep\n|\n|t:|1782830272\n|switch|p2a: Ursaring|Ursaring, L84, M|288/288\n|turn|4\n|\n|t:|1782830293\n|switch|p1a: Meloetta|Meloetta, L82|298/298\n|move|p2a: Ursaring|Crunch|p1a: Meloetta\n|-supereffective|p1a: Meloetta\n|-damage|p1a: Meloetta|122/298\n|\n|-status|p2a: Ursaring|tox|[from] item: Toxic Orb\n|upkeep\n|turn|5\n|\n|t:|1782830301\n|switch|p1a: Basculegion|Basculegion-F, L83, F|9/335\n|move|p2a: Ursaring|Facade|p1a: Basculegion\n|-immune|p1a: Basculegion\n|\n|-damage|p2a: Ursaring|270/288 tox|[from] psn\n|upkeep\n|turn|6\n|\n|t:|1782830304\n|move|p2a: Ursaring|Crunch|p1a: Basculegion\n|-supereffective|p1a: Basculegion\n|-damage|p1a: Basculegion|0 fnt\n|faint|p1a: Basculegion\n|\n|-damage|p2a: Ursaring|234/288 tox|[from] psn\n|upkeep\n|\n|t:|1782830310\n|switch|p1a: Donphan|Donphan, L84, F|288/288\n|turn|7\n|inactive|Aunche has 120 seconds left.\n|\n|t:|1782830318\n|move|p2a: Ursaring|Facade|p1a: Donphan\n|-damage|p1a: Donphan|129/288\n|move|p1a: Donphan|Earthquake|p2a: Ursaring\n|-damage|p2a: Ursaring|101/288 tox\n|\n|-damage|p2a: Ursaring|47/288 tox|[from] psn\n|upkeep\n|turn|8\n|\n|t:|1782830323\n|move|p1a: Donphan|Ice Shard|p2a: Ursaring\n|-damage|p2a: Ursaring|6/288 tox\n|move|p2a: Ursaring|Facade|p1a: Donphan\n|-damage|p1a: Donphan|0 fnt\n|faint|p1a: Donphan\n|\n|-damage|p2a: Ursaring|0 fnt|[from] psn\n|faint|p2a: Ursaring\n|upkeep\n|\n|t:|1782830332\n|switch|p2a: Oinkologne|Oinkologne, L92, M|352/352\n|switch|p1a: Chi-Yu|Chi-Yu, L77|211/211\n|-ability|p1a: Chi-Yu|Beads of Ruin\n|turn|9\n|\n|t:|1782830341\n|move|p1a: Chi-Yu|Nasty Plot|p1a: Chi-Yu\n|-boost|p1a: Chi-Yu|spa|2\n|move|p2a: Oinkologne|High Horsepower|p1a: Chi-Yu\n|-supereffective|p1a: Chi-Yu\n|-damage|p1a: Chi-Yu|33/211\n|\n|upkeep\n|turn|10\n|\n|t:|1782830351\n|move|p1a: Chi-Yu|Dark Pulse|p2a: Oinkologne\n|-damage|p2a: Oinkologne|112/352\n|move|p2a: Oinkologne|Double-Edge|p1a: Chi-Yu\n|-damage|p1a: Chi-Yu|0 fnt\n|faint|p1a: Chi-Yu\n|-damage|p2a: Oinkologne|101/352|[from] Recoil\n|\n|-heal|p2a: Oinkologne|123/352|[from] item: Leftovers\n|upkeep\n|\n|t:|1782830362\n|switch|p1a: Koraidon|Koraidon, L64|235/235\n|-weather|SunnyDay|[from] ability: Orichalcum Pulse|[of] p1a: Koraidon\n|-activate|p1a: Koraidon|Orichalcum Pulse|[source]\n|turn|11\n|\n|t:|1782830365\n|move|p1a: Koraidon|Collision Course|p2a: Oinkologne\n|-supereffective|p2a: Oinkologne\n|-damage|p2a: Oinkologne|0 fnt\n|faint|p2a: Oinkologne\n|\n|-weather|SunnyDay|[upkeep]\n|upkeep\n|\n|t:|1782830369\n|switch|p2a: Slowbro|Slowbro-Galar, L87, M|307/307\n|turn|12\n|\n|t:|1782830383\n|-terastallize|p1a: Koraidon|Fire\n|move|p1a: Koraidon|Swords Dance|p1a: Koraidon\n|-boost|p1a: Koraidon|atk|2\n|move|p2a: Slowbro|Trick Room|p2a: Slowbro\n|-fieldstart|move: Trick Room|[of] p2a: Slowbro\n|\n|-weather|SunnyDay|[upkeep]\n|upkeep\n|turn|13\n|\n|t:|1782830390\n|move|p2a: Slowbro|Psychic|p1a: Koraidon\n|-damage|p1a: Koraidon|87/235\n|-damage|p2a: Slowbro|277/307|[from] item: Life Orb\n|move|p1a: Koraidon|Flare Blitz|p2a: Slowbro\n|-damage|p2a: Slowbro|0 fnt\n|faint|p2a: Slowbro\n|-damage|p1a: Koraidon|0 fnt|[from] Recoil\n|faint|p1a: Koraidon\n|\n|-weather|SunnyDay|[upkeep]\n|upkeep\n|\n|t:|1782830401\n|switch|p2a: Gholdengo|Gholdengo, L77|261/261\n|switch|p1a: Meloetta|Meloetta, L82|122/298\n|turn|14\n|\n|t:|1782830405\n|move|p2a: Gholdengo|Make It Rain|p1a: Meloetta\n|-damage|p1a: Meloetta|19/298\n|-unboost|p2a: Gholdengo|spa|1\n|move|p1a: Meloetta|Knock Off|p2a: Gholdengo\n|-supereffective|p2a: Gholdengo\n|-damage|p2a: Gholdengo|123/261\n|-enditem|p2a: Gholdengo|Leftovers|[from] move: Knock Off|[of] p1a: Meloetta\n|-damage|p1a: Meloetta|0 fnt|[from] item: Life Orb\n|faint|p1a: Meloetta\n|\n|-weather|SunnyDay|[upkeep]\n|upkeep\n|\n|t:|1782830409\n|switch|p1a: Espeon|Espeon, L84, F|246/246\n|turn|15\n|\n|t:|1782830416\n|move|p2a: Gholdengo|Shadow Ball|p1a: Espeon\n|-supereffective|p1a: Espeon\n|-damage|p1a: Espeon|138/246\n|-unboost|p1a: Espeon|spd|1\n|move|p1a: Espeon|Calm Mind|p1a: Espeon\n|-boost|p1a: Espeon|spa|1\n|-boost|p1a: Espeon|spd|1\n|\n|-weather|none\n|upkeep\n|turn|16\n|\n|t:|1782830423\n|move|p2a: Gholdengo|Shadow Ball|p1a: Espeon\n|-supereffective|p1a: Espeon\n|-crit|p1a: Espeon\n|-damage|p1a: Espeon|0 fnt\n|faint|p1a: Espeon\n|\n|win|jsjsiis\n|raw|Aunche's rating: 2144 &rarr; <strong>2120</strong><br />(-24 for losing)\n|raw|jsjsiis's rating: 2072 &rarr; <strong>2096</strong><br />(+24 for winning)\n", "inputlog": ">version f8ac14003a5f27e1bdc8d8c59608a773c1cb96e5\n>start {\"formatid\":\"gen9randombattle\",\"seed\":\"sodium,8da484b321890cffdc08a707a545b1f4\",\"rated\":\"Rated battle\"}\n>player p1 {\"name\":\"Aunche\",\"avatar\":\"102\",\"rating\":2144,\"seed\":\"sodium,50965ad0854bff41dfe2920751402b6f\"}\n>player p2 {\"name\":\"jsjsiis\",\"avatar\":\"266\",\"rating\":2072,\"seed\":\"sodium,a6fc5362e1ef9179c845b3629d2e1949\"}\n>p1 move earthquake\n>p2 switch 6\n>p1 switch 3\n>p2 move shellsmash\n>p1 move shadowball\n>p2 move terablast terastallize\n>p2 switch 5\n>p1 switch 2\n>p2 move crunch\n>p1 switch 2\n>p2 move facade\n>p1 move flipturn\n>p2 move crunch\n>p1 switch 3\n>p1 move earthquake\n>p2 move facade\n>p1 move iceshard\n>p2 move facade\n>p1 switch 4\n>p2 switch 2\n>p1 move nastyplot\n>p2 move highhorsepower\n>p1 move darkpulse\n>p2 move doubleedge\n>p1 switch 5\n>p1 move collisioncourse\n>p2 move doubleedge\n>p2 switch 3\n>p1 move swordsdance terastallize\n>p2 move trickroom\n>p1 move flareblitz\n>p2 move psychic\n>p1 switch 2\n>p2 switch 6\n>p1 move knockoff\n>p2 move makeitrain\n>p1 switch 6\n>p1 move calmmind\n>p2 move shadowball\n>p1 move morningsun\n>p2 move shadowball", "uploadtime": 1782830192, "views": 4, "formatid": "gen9randombattle", "rating": 2096, "private": 0, "password": null, "player_dets": [{"name": "Aunche", "avatar": "102", "rating": 2144, "seed": "sodium,50965ad0854bff41dfe2920751402b6f"}, {"name": "jsjsiis", "avatar": "266", "rating": 2072, "seed": "sodium,a6fc5362e1ef9179c845b3629d2e1949"}], "teams_full": [{"Donphan": {"name": "Donphan", "species": "Donphan", "speciesId": "donphan", "gender": "F", "shiny": false, "level": 84, "moves": ["earthquake", "rapidspin", "icespinner", "iceshard"], "ability": "Sturdy", "evs": {"hp": 85, "atk": 85, "def": 85, "spa": 85, "spd": 85, "spe": 85}, "ivs": {"hp": 31, "atk": 31, "def": 31, "spa": 31, "spd": 31, "spe": 31}, "item": "Assault Vest", "teraType": "Dragon", "role": "Bulky Support", "bvs": {"hp": 90, "atk": 120, "def": 120, "spa": 60, "spd": 60, "spe": 50}, "stats": {"hp": 288, "atk": 250, "def": 250, "spa": 149, "spd": 149, "spe": 132}, "types": ["Ground"]}, "Meloetta": {"name": "Meloetta", "species": "Meloetta", "speciesId": "meloetta", "gender": "N", "shiny": false, "level": 82, "moves": ["relicsong", "closecombat", "knockoff", "tripleaxel"], "ability": "Serene Grace", "evs": {"hp": 85, "atk": 85, "def": 85, "spa": 85, "spd": 85, "spe": 85}, "ivs": {"hp": 31, "atk": 31, "def": 31, "spa": 31, "spd": 31, "spe": 31}, "item": "Life Orb", "teraType": "Dark", "role": "Wallbreaker", "bvs": {"hp": 100, "atk": 77, "def": 77, "spa": 128, "spd": 128, "spe": 90}, "stats": {"hp": 298, "atk": 173, "def": 173, "spa": 257, "spd": 257, "spe": 195}, "types": ["Normal", "Psychic"]}, "Basculegion": {"name": "Basculegion", "species": "Basculegion-F", "speciesId": "basculegionf", "gender": "F", "shiny": false, "level": 83, "moves": ["icebeam", "hydropump", "flipturn", "shadowball"], "ability": "Adaptability", "evs": {"hp": 85, "atk": 85, "def": 85, "spa": 85, "spd": 85, "spe": 85}, "ivs": {"hp": 31, "atk": 31, "def": 31, "spa": 31, "spd": 31, "spe": 31}, "item": "Choice Specs", "teraType": "Water", "role": "Wallbreaker", "bvs": {"hp": 120, "atk": 92, "def": 65, "spa": 100, "spd": 75, "spe": 78}, "stats": {"hp": 335, "atk": 200, "def": 156, "spa": 214, "spd": 172, "spe": 177}, "types": ["Water", "Ghost"]}, "Chi-Yu": {"name": "Chi-Yu", "species": "Chi-Yu", "speciesId": "chiyu", "gender": "N", "shiny": false, "level": 77, "moves": ["psychic", "fireblast", "nastyplot", "darkpulse"], "ability": "Beads of Ruin", "evs": {"hp": 85, "atk": 0, "def": 85, "spa": 85, "spd": 85, "spe": 85}, "ivs": {"hp": 31, "atk": 0, "def": 31, "spa": 31, "spd": 31, "spe": 31}, "item": "Heavy-Duty Boots", "teraType": "Dark", "role": "Setup Sweeper", "bvs": {"hp": 55, "atk": 80, "def": 80, "spa": 135, "spd": 120, "spe": 100}, "stats": {"hp": 211, "atk": 128, "def": 168, "spa": 252, "spd": 229, "spe": 199}, "types": ["Dark", "Fire"]}, "Koraidon": {"name": "Koraidon", "species": "Koraidon", "speciesId": "koraidon", "gender": "N", "shiny": false, "level": 64, "moves": ["swordsdance", "collisioncourse", "flareblitz", "scaleshot"], "ability": "Orichalcum Pulse", "evs": {"hp": 85, "atk": 85, "def": 85, "spa": 85, "spd": 85, "spe": 85}, "ivs": {"hp": 31, "atk": 31, "def": 31, "spa": 31, "spd": 31, "spe": 31}, "item": "Loaded Dice", "teraType": "Fire", "role": "Setup Sweeper", "bvs": {"hp": 100, "atk": 135, "def": 115, "spa": 85, "spd": 100, "spe": 135}, "stats": {"hp": 235, "atk": 211, "def": 185, "spa": 147, "spd": 166, "spe": 211}, "types": ["Fighting", "Dragon"]}, "Espeon": {"name": "Espeon", "species": "Espeon", "speciesId": "espeon", "gender": "F", "shiny": false, "level": 84, "moves": ["calmmind", "alluringvoice", "morningsun", "psychic"], "ability": "Magic Bounce", "evs": {"hp": 85, "atk": 0, "def": 85, "spa": 85, "spd": 85, "spe": 85}, "ivs": {"hp": 31, "atk": 0, "def": 31, "spa": 31, "spd": 31, "spe": 31}, "item": "Life Orb", "teraType": "Fairy", "role": "Fast Attacker", "bvs": {"hp": 65, "atk": 65, "def": 60, "spa": 130, "spd": 95, "spe": 110}, "stats": {"hp": 246, "atk": 114, "def": 149, "spa": 267, "spd": 208, "spe": 233}, "types": ["Psychic"]}}, {"Gholdengo": {"name": "Gholdengo", "species": "Gholdengo", "speciesId": "gholdengo", "gender": "N", "shiny": false, "level": 77, "moves": ["recover", "shadowball", "thunderwave", "makeitrain"], "ability": "Good as Gold", "evs": {"hp": 85, "atk": 0, "def": 85, "spa": 85, "spd": 85, "spe": 85}, "ivs": {"hp": 31, "atk": 0, "def": 31, "spa": 31, "spd": 31, "spe": 31}, "item": "Leftovers", "teraType": "Dark", "role": "Bulky Support", "bvs": {"hp": 87, "atk": 60, "def": 95, "spa": 133, "spd": 91, "spe": 84}, "stats": {"hp": 261, "atk": 97, "def": 191, "spa": 249, "spd": 185, "spe": 174}, "types": ["Steel", "Ghost"]}, "Oinkologne": {"name": "Oinkologne", "species": "Oinkologne", "speciesId": "oinkologne", "gender": "M", "shiny": false, "level": 92, "moves": ["lashout", "highhorsepower", "doubleedge", "curse"], "ability": "Thick Fat", "evs": {"hp": 85, "atk": 85, "def": 85, "spa": 85, "spd": 85, "spe": 85}, "ivs": {"hp": 31, "atk": 31, "def": 31, "spa": 31, "spd": 31, "spe": 31}, "item": "Leftovers", "teraType": "Ground", "role": "Bulky Setup", "bvs": {"hp": 110, "atk": 100, "def": 75, "spa": 59, "spd": 80, "spe": 65}, "stats": {"hp": 352, "atk": 236, "def": 190, "spa": 161, "spd": 200, "spe": 172}, "types": ["Normal"]}, "Slowbro": {"name": "Slowbro", "species": "Slowbro-Galar", "speciesId": "slowbrogalar", "gender": "M", "shiny": false, "level": 87, "moves": ["trickroom", "psychic", "shellsidearm", "fireblast"], "ability": "Regenerator", "evs": {"hp": 85, "atk": 85, "def": 85, "spa": 85, "spd": 85, "spe": 0}, "ivs": {"hp": 31, "atk": 31, "def": 31, "spa": 31, "spd": 31, "spe": 0}, "item": "Life Orb", "teraType": "Psychic", "role": "Wallbreaker", "bvs": {"hp": 95, "atk": 100, "def": 95, "spa": 100, "spd": 70, "spe": 30}, "stats": {"hp": 307, "atk": 224, "def": 215, "spa": 224, "spd": 172, "spe": 57}, "types": ["Poison", "Psychic"]}, "Minun": {"name": "Minun", "species": "Minun", "speciesId": "minun", "gender": "M", "shiny": false, "level": 95, "moves": ["thunderbolt", "grassknot", "nastyplot", "encore"], "ability": "Volt Absorb", "evs": {"hp": 85, "atk": 0, "def": 85, "spa": 85, "spd": 85, "spe": 85}, "ivs": {"hp": 31, "atk": 0, "def": 31, "spa": 31, "spd": 31, "spe": 31}, "item": "Life Orb", "teraType": "Electric", "role": "Setup Sweeper", "bvs": {"hp": 60, "atk": 40, "def": 50, "spa": 75, "spd": 85, "spe": 95}, "stats": {"hp": 268, "atk": 81, "def": 149, "spa": 196, "spd": 215, "spe": 234}, "types": ["Electric"]}, "Ursaring": {"name": "Ursaring", "species": "Ursaring", "speciesId": "ursaring", "gender": "M", "shiny": false, "level": 84, "moves": ["crunch", "closecombat", "facade", "swordsdance"], "ability": "Quick Feet", "evs": {"hp": 85, "atk": 85, "def": 85, "spa": 85, "spd": 85, "spe": 85}, "ivs": {"hp": 31, "atk": 31, "def": 31, "spa": 31, "spd": 31, "spe": 31}, "item": "Toxic Orb", "teraType": "Normal", "role": "Setup Sweeper", "bvs": {"hp": 90, "atk": 130, "def": 75, "spa": 75, "spd": 75, "spe": 55}, "stats": {"hp": 288, "atk": 267, "def": 174, "spa": 174, "spd": 174, "spe": 141}, "types": ["Normal"]}, "Blastoise": {"name": "Blastoise", "species": "Blastoise", "speciesId": "blastoise", "gender": "M", "shiny": false, "level": 80, "moves": ["terablast", "hydropump", "shellsmash", "icebeam"], "ability": "Torrent", "evs": {"hp": 85, "atk": 0, "def": 85, "spa": 85, "spd": 85, "spe": 85}, "ivs": {"hp": 31, "atk": 0, "def": 31, "spa": 31, "spd": 31, "spe": 31}, "item": "White Herb", "teraType": "Grass", "role": "Tera Blast user", "bvs": {"hp": 79, "atk": 83, "def": 100, "spa": 85, "spd": 105, "spe": 78}, "stats": {"hp": 258, "atk": 137, "def": 206, "spa": 182, "spd": 214, "spe": 171}, "types": ["Water"]}}]}