{"id": "gen9randombattle-2641063976", "format": "[Gen 9] Random Battle", "players": ["tehschlif", "laundry bias"], "log": "|j|\u2606tehschlif\n|j|\u2606laundry bias\n|t:|1782734941\n|gametype|singles\n|player|p1|tehschlif|169|1993\n|player|p2|laundry bias|1|2029\n|gen|9\n|tier|[Gen 9] Random Battle\n|rated|\n|rule|Species Clause: Limit one of each Pok\u00e9mon\n|rule|HP Percentage Mod: HP is shown in percentages\n|rule|Sleep Clause Mod: Limit one foe put to sleep\n|rule|Illusion Level Mod: Illusion disguises the Pok\u00e9mon's true level\n|\n|t:|1782734941\n|teamsize|p1|6\n|teamsize|p2|6\n|start\n|switch|p1a: Gholdengo|Gholdengo, L77|261/261\n|switch|p2a: Sandy Shocks|Sandy Shocks, L80|267/267\n|turn|1\n|inactive|Battle timer is ON: inactive players will automatically lose when time's up. (requested by laundry bias)\n|l|\u2606tehschlif\n|inactive|tehschlif disconnected and has a minute to reconnect!\n|player|p1|\n|inactive|tehschlif has 30 seconds to reconnect!\n|inactive|tehschlif has 20 seconds to reconnect!\n|inactive|tehschlif has 15 seconds to reconnect!\n|inactive|tehschlif has 10 seconds to reconnect!\n|inactive|tehschlif has 5 seconds to reconnect!\n|j|\u2606tehschlif\n|inactive|tehschlif reconnected and has 85 seconds left.\n|player|p1|tehschlif|169|\n|\n|t:|1782735022\n|switch|p1a: Reuniclus|Reuniclus, L88, M|337/337\n|move|p2a: Sandy Shocks|Stealth Rock|p1a: Reuniclus\n|-sidestart|p1: tehschlif|move: Stealth Rock\n|\n|upkeep\n|turn|2\n|inactive|laundry bias has 120 seconds left.\n|inactive|laundry bias has 90 seconds left.\n|\n|t:|1782735099\n|-end|p2a: Sandy Shocks|Protosynthesis|[silent]\n|switch|p2a: Incineroar|Incineroar, L82, M|290/290\n|-ability|p2a: Incineroar|Intimidate|boost\n|-unboost|p1a: Reuniclus|atk|1\n|move|p1a: Reuniclus|Calm Mind|p1a: Reuniclus\n|-boost|p1a: Reuniclus|spa|1\n|-boost|p1a: Reuniclus|spd|1\n|\n|upkeep\n|turn|3\n|\n|t:|1782735123\n|move|p2a: Incineroar|U-turn|p1a: Reuniclus\n|-supereffective|p1a: Reuniclus\n|-damage|p1a: Reuniclus|229/337\n|\n|t:|1782735126\n|switch|p2a: Slither Wing|Slither Wing, L81|270/270|[from] U-turn\n|-enditem|p2a: Slither Wing|Booster Energy\n|-activate|p2a: Slither Wing|ability: Protosynthesis|[fromitem]\n|-start|p2a: Slither Wing|protosynthesisatk\n|move|p1a: Reuniclus|Focus Blast|p2a: Slither Wing\n|-resisted|p2a: Slither Wing\n|-damage|p2a: Slither Wing|173/270\n|\n|upkeep\n|turn|4\n|\n|t:|1782735138\n|-end|p2a: Slither Wing|Protosynthesis|[silent]\n|switch|p2a: Incineroar|Incineroar, L82, M|290/290\n|-ability|p2a: Incineroar|Intimidate|boost\n|-unboost|p1a: Reuniclus|atk|1\n|move|p1a: Reuniclus|Psyshock|p2a: Incineroar\n|-immune|p2a: Incineroar\n|\n|upkeep\n|turn|5\n|\n|t:|1782735148\n|switch|p1a: Torkoal|Torkoal, L88, F|266/266\n|-weather|SunnyDay|[from] ability: Drought|[of] p1a: Torkoal\n|move|p2a: Incineroar|Knock Off|p1a: Torkoal\n|-damage|p1a: Torkoal|196/266\n|-enditem|p1a: Torkoal|Heavy-Duty Boots|[from] move: Knock Off|[of] p2a: Incineroar\n|\n|-weather|SunnyDay|[upkeep]\n|upkeep\n|turn|6\n|inactive|laundry bias has 90 seconds left.\n|\n|t:|1782735176\n|move|p2a: Incineroar|U-turn|p1a: Torkoal\n|-resisted|p1a: Torkoal\n|-damage|p1a: Torkoal|179/266\n|\n|t:|1782735178\n|switch|p2a: Toucannon|Toucannon, L88, M|284/284|[from] U-turn\n|move|p1a: Torkoal|Stealth Rock|p2a: Toucannon\n|-sidestart|p2: laundry bias|move: Stealth Rock\n|\n|-weather|SunnyDay|[upkeep]\n|upkeep\n|turn|7\n|\n|t:|1782735184\n|move|p2a: Toucannon|Boomburst|p1a: Torkoal\n|-damage|p1a: Torkoal|34/266\n|move|p1a: Torkoal|Fire Blast|p2a: Toucannon\n|-damage|p2a: Toucannon|97/284\n|\n|-weather|SunnyDay|[upkeep]\n|upkeep\n|turn|8\n|\n|t:|1782735193\n|move|p2a: Toucannon|Boomburst|p1a: Torkoal\n|-damage|p1a: Torkoal|0 fnt\n|faint|p1a: Torkoal\n|\n|-weather|SunnyDay|[upkeep]\n|upkeep\n|\n|t:|1782735217\n|switch|p1a: Gengar|Gengar, L81, M|230/230\n|-damage|p1a: Gengar|202/230|[from] Stealth Rock\n|turn|9\n|inactive|laundry bias has 120 seconds left.\n|\n|t:|1782735242\n|-singleturn|p2a: Toucannon|move: Beak Blast\n|move|p1a: Gengar|Sludge Wave|p2a: Toucannon\n|-damage|p2a: Toucannon|0 fnt\n|faint|p2a: Toucannon\n|-damage|p1a: Gengar|179/230|[from] item: Life Orb\n|\n|-weather|none\n|upkeep\n|\n|t:|1782735245\n|switch|p2a: Incineroar|Incineroar, L82, M|290/290\n|-damage|p2a: Incineroar|218/290|[from] Stealth Rock\n|-ability|p2a: Incineroar|Intimidate|boost\n|-unboost|p1a: Gengar|atk|1\n|turn|10\n|inactive|tehschlif has 120 seconds left.\n|l|\u2606laundry bias\n|inactive|laundry bias disconnected and has a minute to reconnect!\n|player|p2|\n|j|\u2606laundry bias\n|inactive|laundry bias reconnected.\n|player|p2|laundry bias|1|\n|\n|t:|1782735280\n|move|p1a: Gengar|Focus Blast|p2a: Incineroar\n|-supereffective|p2a: Incineroar\n|-damage|p2a: Incineroar|46/290\n|-damage|p1a: Gengar|156/230|[from] item: Life Orb\n|move|p2a: Incineroar|Knock Off|p1a: Gengar\n|-supereffective|p1a: Gengar\n|-damage|p1a: Gengar|0 fnt\n|-enditem|p1a: Gengar|Life Orb|[from] move: Knock Off|[of] p2a: Incineroar\n|faint|p1a: Gengar\n|\n|upkeep\n|\n|t:|1782735291\n|switch|p1a: Gholdengo|Gholdengo, L77|261/261\n|-damage|p1a: Gholdengo|245/261|[from] Stealth Rock\n|turn|11\n|\n|t:|1782735295\n|move|p1a: Gholdengo|Shadow Ball|p2a: Incineroar\n|-resisted|p2a: Incineroar\n|-damage|p2a: Incineroar|16/290\n|move|p2a: Incineroar|Knock Off|p1a: Gholdengo\n|-supereffective|p1a: Gholdengo\n|-damage|p1a: Gholdengo|11/261\n|-enditem|p1a: Gholdengo|Leftovers|[from] move: Knock Off|[of] p2a: Incineroar\n|\n|upkeep\n|turn|12\n|\n|t:|1782735304\n|move|p1a: Gholdengo|Shadow Ball|p2a: Incineroar\n|-resisted|p2a: Incineroar\n|-crit|p2a: Incineroar\n|-damage|p2a: Incineroar|0 fnt\n|faint|p2a: Incineroar\n|\n|upkeep\n|\n|t:|1782735311\n|switch|p2a: Sandy Shocks|Sandy Shocks, L80|267/267\n|-damage|p2a: Sandy Shocks|251/267|[from] Stealth Rock\n|turn|13\n|\n|t:|1782735315\n|move|p2a: Sandy Shocks|Earth Power|p1a: Gholdengo\n|-supereffective|p1a: Gholdengo\n|-damage|p1a: Gholdengo|0 fnt\n|faint|p1a: Gholdengo\n|\n|-heal|p2a: Sandy Shocks|267/267|[from] item: Leftovers\n|upkeep\n|\n|t:|1782735320\n|switch|p1a: Baxcalibur|Baxcalibur, L75, M|295/295\n|-damage|p1a: Baxcalibur|222/295|[from] Stealth Rock\n|turn|14\n|\n|t:|1782735329\n|move|p2a: Sandy Shocks|Earth Power|p1a: Baxcalibur\n|-damage|p1a: Baxcalibur|99/295\n|move|p1a: Baxcalibur|Icicle Crash|p2a: Sandy Shocks\n|-supereffective|p2a: Sandy Shocks\n|-damage|p2a: Sandy Shocks|0 fnt\n|faint|p2a: Sandy Shocks\n|-end|p2a: Sandy Shocks|Protosynthesis|[silent]\n|\n|upkeep\n|\n|t:|1782735334\n|switch|p2a: Magnezone|Magnezone, L85|258/258\n|-damage|p2a: Magnezone|242/258|[from] Stealth Rock\n|turn|15\n|\n|t:|1782735343\n|switch|p1a: Reuniclus|Reuniclus, L88, M|229/337\n|move|p2a: Magnezone|Flash Cannon|p1a: Reuniclus\n|-damage|p1a: Reuniclus|94/337\n|\n|upkeep\n|turn|16\n|\n|t:|1782735354\n|move|p2a: Magnezone|Flash Cannon|p1a: Reuniclus\n|-damage|p1a: Reuniclus|0 fnt\n|faint|p1a: Reuniclus\n|\n|upkeep\n|\n|t:|1782735359\n|switch|p1a: Kyogre|Kyogre, L71|259/259\n|-damage|p1a: Kyogre|227/259|[from] Stealth Rock\n|-weather|RainDance|[from] ability: Drizzle|[of] p1a: Kyogre\n|turn|17\n|\n|t:|1782735365\n|switch|p2a: Tropius|Tropius, L91, M|328/328\n|-damage|p2a: Tropius|246/328|[from] Stealth Rock\n|move|p1a: Kyogre|Water Spout|p2a: Tropius\n|-resisted|p2a: Tropius\n|-damage|p2a: Tropius|151/328\n|-enditem|p2a: Tropius|Sitrus Berry|[eat]\n|-heal|p2a: Tropius|233/328|[from] item: Sitrus Berry\n|\n|-weather|RainDance|[upkeep]\n|upkeep\n|turn|18\n|\n|t:|1782735382\n|switch|p1a: Baxcalibur|Baxcalibur, L75, M|99/295\n|-damage|p1a: Baxcalibur|26/295|[from] Stealth Rock\n|move|p2a: Tropius|Leech Seed|p1a: Baxcalibur\n|-start|p1a: Baxcalibur|move: Leech Seed\n|\n|-weather|RainDance|[upkeep]\n|-damage|p1a: Baxcalibur|0 fnt|[from] Leech Seed|[of] p2a: Tropius\n|-heal|p2a: Tropius|259/328|[silent]\n|faint|p1a: Baxcalibur\n|upkeep\n|\n|t:|1782735384\n|switch|p1a: Kyogre|Kyogre, L71|227/259\n|-damage|p1a: Kyogre|195/259|[from] Stealth Rock\n|turn|19\n|\n|t:|1782735403\n|move|p2a: Tropius|Protect|p2a: Tropius\n|-singleturn|p2a: Tropius|Protect\n|move|p1a: Kyogre|Ice Beam|p2a: Tropius\n|-activate|p2a: Tropius|move: Protect\n|\n|-weather|RainDance|[upkeep]\n|upkeep\n|turn|20\n|inactive|tehschlif has 120 seconds left.\n|\n|t:|1782735442\n|-terastallize|p2a: Tropius|Steel\n|move|p1a: Kyogre|Ice Beam|p2a: Tropius\n|-resisted|p2a: Tropius\n|-damage|p2a: Tropius|226/328\n|move|p2a: Tropius|Leech Seed|p1a: Kyogre\n|-start|p1a: Kyogre|move: Leech Seed\n|\n|-weather|RainDance|[upkeep]\n|-damage|p1a: Kyogre|163/259|[from] Leech Seed|[of] p2a: Tropius\n|-heal|p2a: Tropius|258/328|[silent]\n|-item|p2a: Tropius|Sitrus Berry|[from] ability: Harvest\n|upkeep\n|turn|21\n|inactive|tehschlif has 120 seconds left.\n|inactive|tehschlif has 90 seconds left.\n|inactive|tehschlif has 60 seconds left.\n|l|\u2606laundry bias\n|inactive|laundry bias disconnected and has a minute to reconnect!\n|player|p2|\n|inactive|tehschlif has 30 seconds left.\n|inactive|tehschlif has 20 seconds left.\n|j|\u2606laundry bias\n|inactive|laundry bias reconnected.\n|player|p2|laundry bias|1|\n|inactive|tehschlif has 15 seconds left.\n|inactive|tehschlif has 10 seconds left.\n|inactive|tehschlif has 5 seconds left.\n|-message|tehschlif lost due to inactivity.\n|\n|win|laundry bias\n", "inputlog": ">version 3f8ef8cf60cebd2b18892af2794d10415e14a302\n>start {\"formatid\":\"gen9randombattle\",\"seed\":\"sodium,b58d03edbde22122a60c7d10dee3e1fc\",\"rated\":\"Rated battle\"}\n>player p1 {\"name\":\"tehschlif\",\"avatar\":\"169\",\"rating\":1993,\"seed\":\"sodium,d404850cc0444ae95fbdca7630405a7a\"}\n>player p2 {\"name\":\"laundry bias\",\"avatar\":\"1\",\"rating\":2029,\"seed\":\"sodium,e356e2d3d2d4970d2081f5d156316393\"}\n>p1 switch 5\n>p2 move stealthrock\n>p1 move calmmind\n>p2 switch 2\n>p1 move focusblast\n>p2 move uturn\n>p2 switch 6\n>p1 move psyshock\n>p2 switch 6\n>p1 switch 3\n>p2 move knockoff\n>p1 move stealthrock\n>p2 move uturn\n>p2 switch 5\n>p1 move fireblast\n>p2 move boomburst\n>p1 move fireblast\n>p2 move boomburst\n>p1 switch 2\n>p1 move sludgewave\n>p2 move beakblast\n>p2 switch 5\n>p1 move focusblast\n>p2 move knockoff\n>p1 switch 5\n>p1 move shadowball\n>p2 move knockoff\n>p1 move shadowball\n>p2 move knockoff\n>p2 switch 2\n>p1 move recover\n>p2 move earthpower\n>p1 switch 6\n>p1 move iciclecrash\n>p2 move earthpower\n>p2 switch 4\n>p1 switch 3\n>p2 move flashcannon\n>p1 move recover\n>p2 move flashcannon\n>p1 switch 4\n>p1 move waterspout\n>p2 switch 3\n>p1 switch 3\n>p2 move leechseed\n>p1 switch 3\n>p1 move icebeam\n>p2 move protect\n>p1 move icebeam\n>p2 move leechseed terastallize\n>forcelose p1", "uploadtime": 1782734943, "views": 6, "formatid": "gen9randombattle", "rating": null, "private": 0, "password": null, "player_dets": [{"name": "tehschlif", "avatar": "169", "rating": 1993, "seed": "sodium,d404850cc0444ae95fbdca7630405a7a"}, {"name": "laundry bias", "avatar": "1", "rating": 2029, "seed": "sodium,e356e2d3d2d4970d2081f5d156316393"}], "teams_full": [{"Gholdengo": {"name": "Gholdengo", "species": "Gholdengo", "speciesId": "gholdengo", "gender": "N", "shiny": false, "level": 77, "moves": ["shadowball", "thunderwave", "recover", "makeitrain"], "ability": "Good as Gold", "evs": {"hp": 85, "atk": 0, "def": 85, "spa": 85, "spd": 85, "spe": 85}, "ivs": {"hp": 31, "atk": 0, "def": 31, "spa": 31, "spd": 31, "spe": 31}, "item": "Leftovers", "teraType": "Steel", "role": "Bulky Support", "bvs": {"hp": 87, "atk": 60, "def": 95, "spa": 133, "spd": 91, "spe": 84}, "stats": {"hp": 261, "atk": 97, "def": 191, "spa": 249, "spd": 185, "spe": 174}, "types": ["Steel", "Ghost"]}, "Gengar": {"name": "Gengar", "species": "Gengar", "speciesId": "gengar", "gender": "M", "shiny": false, "level": 81, "moves": ["shadowball", "willowisp", "focusblast", "sludgewave"], "ability": "Cursed Body", "evs": {"hp": 85, "atk": 0, "def": 85, "spa": 85, "spd": 85, "spe": 85}, "ivs": {"hp": 31, "atk": 0, "def": 31, "spa": 31, "spd": 31, "spe": 31}, "item": "Life Orb", "teraType": "Fighting", "role": "Fast Attacker", "bvs": {"hp": 60, "atk": 65, "def": 60, "spa": 130, "spd": 75, "spe": 110}, "stats": {"hp": 230, "atk": 110, "def": 144, "spa": 257, "spd": 168, "spe": 225}, "types": ["Ghost", "Poison"]}, "Torkoal": {"name": "Torkoal", "species": "Torkoal", "speciesId": "torkoal", "gender": "F", "shiny": false, "level": 88, "moves": ["earthquake", "stealthrock", "fireblast", "solarbeam"], "ability": "Drought", "evs": {"hp": 85, "atk": 85, "def": 85, "spa": 85, "spd": 85, "spe": 85}, "ivs": {"hp": 31, "atk": 31, "def": 31, "spa": 31, "spd": 31, "spe": 31}, "item": "Heavy-Duty Boots", "teraType": "Grass", "role": "Wallbreaker", "bvs": {"hp": 70, "atk": 85, "def": 140, "spa": 85, "spd": 70, "spe": 20}, "stats": {"hp": 266, "atk": 200, "def": 297, "spa": 200, "spd": 173, "spe": 85}, "types": ["Fire"]}, "Kyogre": {"name": "Kyogre", "species": "Kyogre", "speciesId": "kyogre", "gender": "N", "shiny": false, "level": 71, "moves": ["originpulse", "thunder", "icebeam", "waterspout"], "ability": "Drizzle", "evs": {"hp": 85, "atk": 0, "def": 85, "spa": 85, "spd": 85, "spe": 85}, "ivs": {"hp": 31, "atk": 0, "def": 31, "spa": 31, "spd": 31, "spe": 31}, "item": "Choice Scarf", "teraType": "Water", "role": "Fast Attacker", "bvs": {"hp": 100, "atk": 100, "def": 90, "spa": 150, "spd": 140, "spe": 90}, "stats": {"hp": 259, "atk": 147, "def": 169, "spa": 254, "spd": 240, "spe": 169}, "types": ["Water"]}, "Reuniclus": {"name": "Reuniclus", "species": "Reuniclus", "speciesId": "reuniclus", "gender": "M", "shiny": false, "level": 88, "moves": ["psyshock", "calmmind", "focusblast", "recover"], "ability": "Magic Guard", "evs": {"hp": 85, "atk": 0, "def": 85, "spa": 85, "spd": 85, "spe": 85}, "ivs": {"hp": 31, "atk": 0, "def": 31, "spa": 31, "spd": 31, "spe": 31}, "item": "Life Orb", "teraType": "Fighting", "role": "Bulky Setup", "bvs": {"hp": 110, "atk": 65, "def": 75, "spa": 125, "spd": 85, "spe": 30}, "stats": {"hp": 337, "atk": 119, "def": 182, "spa": 270, "spd": 200, "spe": 103}, "types": ["Psychic"]}, "Baxcalibur": {"name": "Baxcalibur", "species": "Baxcalibur", "speciesId": "baxcalibur", "gender": "M", "shiny": false, "level": 75, "moves": ["earthquake", "iciclecrash", "glaiverush", "iceshard"], "ability": "Thermal Exchange", "evs": {"hp": 81, "atk": 85, "def": 85, "spa": 85, "spd": 85, "spe": 85}, "ivs": {"hp": 31, "atk": 31, "def": 31, "spa": 31, "spd": 31, "spe": 31}, "item": "Choice Band", "teraType": "Dragon", "role": "Fast Attacker", "bvs": {"hp": 115, "atk": 145, "def": 92, "spa": 75, "spd": 86, "spe": 87}, "stats": {"hp": 295, "atk": 261, "def": 182, "spa": 156, "spd": 173, "spe": 174}, "types": ["Dragon", "Ice"]}}, {"Sandy Shocks": {"name": "Sandy Shocks", "species": "Sandy Shocks", "speciesId": "sandyshocks", "gender": "N", "shiny": false, "level": 80, "moves": ["earthpower", "stealthrock", "thunderbolt", "spikes"], "ability": "Protosynthesis", "evs": {"hp": 85, "atk": 0, "def": 85, "spa": 85, "spd": 85, "spe": 85}, "ivs": {"hp": 31, "atk": 0, "def": 31, "spa": 31, "spd": 31, "spe": 31}, "item": "Leftovers", "teraType": "Grass", "role": "Fast Support", "bvs": {"hp": 85, "atk": 81, "def": 97, "spa": 121, "spd": 85, "spe": 101}, "stats": {"hp": 267, "atk": 134, "def": 201, "spa": 240, "spd": 182, "spe": 208}, "types": ["Electric", "Ground"]}, "Incineroar": {"name": "Incineroar", "species": "Incineroar", "speciesId": "incineroar", "gender": "M", "shiny": false, "level": 82, "moves": ["overheat", "knockoff", "closecombat", "uturn"], "ability": "Intimidate", "evs": {"hp": 85, "atk": 85, "def": 85, "spa": 85, "spd": 85, "spe": 85}, "ivs": {"hp": 31, "atk": 31, "def": 31, "spa": 31, "spd": 31, "spe": 31}, "item": "Assault Vest", "teraType": "Water", "role": "AV Pivot", "bvs": {"hp": 95, "atk": 115, "def": 90, "spa": 80, "spd": 90, "spe": 60}, "stats": {"hp": 290, "atk": 236, "def": 195, "spa": 178, "spd": 195, "spe": 146}, "types": ["Fire", "Dark"]}, "Tropius": {"name": "Tropius", "species": "Tropius", "speciesId": "tropius", "gender": "M", "shiny": false, "level": 91, "moves": ["airslash", "substitute", "protect", "leechseed"], "ability": "Harvest", "evs": {"hp": 85, "atk": 0, "def": 85, "spa": 85, "spd": 85, "spe": 85}, "ivs": {"hp": 31, "atk": 0, "def": 31, "spa": 31, "spd": 31, "spe": 31}, "item": "Sitrus Berry", "teraType": "Steel", "role": "Bulky Support", "bvs": {"hp": 99, "atk": 68, "def": 83, "spa": 72, "spd": 87, "spe": 51}, "stats": {"hp": 328, "atk": 128, "def": 203, "spa": 183, "spd": 210, "spe": 145}, "types": ["Grass", "Flying"]}, "Magnezone": {"name": "Magnezone", "species": "Magnezone", "speciesId": "magnezone", "gender": "N", "shiny": false, "level": 85, "moves": ["thunderbolt", "flashcannon", "bodypress", "voltswitch"], "ability": "Analytic", "evs": {"hp": 85, "atk": 0, "def": 85, "spa": 85, "spd": 85, "spe": 85}, "ivs": {"hp": 31, "atk": 0, "def": 31, "spa": 31, "spd": 31, "spe": 31}, "item": "Choice Scarf", "teraType": "Electric", "role": "Fast Attacker", "bvs": {"hp": 70, "atk": 70, "def": 115, "spa": 130, "spd": 90, "spe": 60}, "stats": {"hp": 258, "atk": 124, "def": 244, "spa": 270, "spd": 202, "spe": 151}, "types": ["Electric", "Steel"]}, "Toucannon": {"name": "Toucannon", "species": "Toucannon", "speciesId": "toucannon", "gender": "M", "shiny": false, "level": 88, "moves": ["beakblast", "roost", "bulletseed", "boomburst"], "ability": "Skill Link", "evs": {"hp": 85, "atk": 85, "def": 85, "spa": 85, "spd": 85, "spe": 85}, "ivs": {"hp": 31, "atk": 31, "def": 31, "spa": 31, "spd": 31, "spe": 31}, "item": "Heavy-Duty Boots", "teraType": "Steel", "role": "Bulky Support", "bvs": {"hp": 80, "atk": 120, "def": 75, "spa": 75, "spd": 75, "spe": 60}, "stats": {"hp": 284, "atk": 261, "def": 182, "spa": 182, "spd": 182, "spe": 156}, "types": ["Normal", "Flying"]}, "Slither Wing": {"name": "Slither Wing", "species": "Slither Wing", "speciesId": "slitherwing", "gender": "N", "shiny": false, "level": 81, "moves": ["closecombat", "bulkup", "acrobatics", "earthquake"], "ability": "Protosynthesis", "evs": {"hp": 85, "atk": 85, "def": 85, "spa": 85, "spd": 85, "spe": 85}, "ivs": {"hp": 31, "atk": 31, "def": 31, "spa": 31, "spd": 31, "spe": 31}, "item": "Booster Energy", "teraType": "Flying", "role": "Fast Bulky Setup", "bvs": {"hp": 85, "atk": 135, "def": 79, "spa": 85, "spd": 105, "spe": 81}, "stats": {"hp": 270, "atk": 265, "def": 175, "spa": 184, "spd": 217, "spe": 178}, "types": ["Bug", "Fighting"]}}]}