{"id": "gen9randombattle-2641711726", "format": "[Gen 9] Random Battle", "players": ["blitzroy", "Thorys"], "log": "|j|\u2606blitzroy\n|j|\u2606Thorys\n|t:|1782832844\n|gametype|singles\n|player|p1|blitzroy|nate|1929\n|player|p2|Thorys|policeman-gen4|1983\n|gen|9\n|tier|[Gen 9] Random Battle\n|rated|\n|rule|Species Clause: Limit one of each Pok\u00e9mon\n|rule|HP Percentage Mod: HP is shown in percentages\n|rule|Sleep Clause Mod: Limit one foe put to sleep\n|rule|Illusion Level Mod: Illusion disguises the Pok\u00e9mon's true level\n|\n|t:|1782832844\n|teamsize|p1|6\n|teamsize|p2|6\n|start\n|switch|p1a: Leafeon|Leafeon, L88, F|258/258\n|switch|p2a: Breloom|Breloom, L83, F|235/235\n|turn|1\n|inactive|Battle timer is ON: inactive players will automatically lose when time's up. (requested by Thorys)\n|inactive|blitzroy also wants the timer to be on.\n|\n|t:|1782832873\n|move|p1a: Leafeon|Swords Dance|p1a: Leafeon\n|-boost|p1a: Leafeon|atk|2\n|move|p2a: Breloom|Rock Tomb|p1a: Leafeon\n|-damage|p1a: Leafeon|180/258\n|-unboost|p1a: Leafeon|spe|1\n|-damage|p2a: Breloom|212/235|[from] item: Life Orb\n|\n|-heal|p1a: Leafeon|196/258|[from] item: Leftovers\n|upkeep\n|turn|2\n|\n|t:|1782832888\n|switch|p2a: Misdreavus|Misdreavus, L90, F|254/254\n|move|p1a: Leafeon|Double-Edge|p2a: Misdreavus\n|-immune|p2a: Misdreavus\n|\n|-heal|p1a: Leafeon|212/258|[from] item: Leftovers\n|upkeep\n|turn|3\n|\n|t:|1782832902\n|switch|p1a: Pelipper|Pelipper, L86, F|243/243\n|-weather|RainDance|[from] ability: Drizzle|[of] p1a: Pelipper\n|move|p2a: Misdreavus|Will-O-Wisp|p1a: Pelipper|[miss]\n|-miss|p2a: Misdreavus|p1a: Pelipper\n|\n|-weather|RainDance|[upkeep]\n|upkeep\n|turn|4\n|inactive|Thorys has 120 seconds left.\n|\n|t:|1782832936\n|move|p2a: Misdreavus|Calm Mind|p2a: Misdreavus\n|-boost|p2a: Misdreavus|spa|1\n|-boost|p2a: Misdreavus|spd|1\n|move|p1a: Pelipper|Knock Off|p2a: Misdreavus\n|-supereffective|p2a: Misdreavus\n|-damage|p2a: Misdreavus|180/254\n|-enditem|p2a: Misdreavus|Eviolite|[from] move: Knock Off|[of] p1a: Pelipper\n|\n|-weather|RainDance|[upkeep]\n|upkeep\n|turn|5\n|inactive|Thorys has 120 seconds left.\n|\n|t:|1782832956\n|switch|p1a: Illumise|Illumise, L91, F|266/266\n|move|p2a: Misdreavus|Shadow Ball|p1a: Illumise\n|-damage|p1a: Illumise|149/266\n|\n|-weather|RainDance|[upkeep]\n|upkeep\n|turn|6\n|\n|t:|1782832971\n|move|p1a: Illumise|Thunder Wave|p2a: Misdreavus\n|-status|p2a: Misdreavus|par\n|move|p2a: Misdreavus|Shadow Ball|p1a: Illumise\n|-damage|p1a: Illumise|20/266\n|\n|-weather|RainDance|[upkeep]\n|upkeep\n|turn|7\n|\n|t:|1782832983\n|switch|p1a: Leafeon|Leafeon, L88, F|212/258\n|move|p2a: Misdreavus|Shadow Ball|p1a: Leafeon\n|-damage|p1a: Leafeon|58/258\n|-unboost|p1a: Leafeon|spd|1\n|\n|-weather|none\n|-heal|p1a: Leafeon|74/258|[from] item: Leftovers\n|upkeep\n|turn|8\n|\n|t:|1782832992\n|move|p1a: Leafeon|Leaf Blade|p2a: Misdreavus\n|-damage|p2a: Misdreavus|32/254 par\n|move|p2a: Misdreavus|Shadow Ball|p1a: Leafeon\n|-damage|p1a: Leafeon|0 fnt\n|faint|p1a: Leafeon\n|\n|upkeep\n|\n|t:|1782832997\n|switch|p1a: Regigigas|Regigigas, L84|322/322\n|-start|p1a: Regigigas|ability: Slow Start\n|turn|9\n|inactive|Thorys has 120 seconds left.\n|\n|t:|1782833014\n|move|p1a: Regigigas|Substitute|p1a: Regigigas\n|-start|p1a: Regigigas|Substitute\n|-damage|p1a: Regigigas|242/322\n|cant|p2a: Misdreavus|par\n|\n|-heal|p1a: Regigigas|262/322|[from] item: Leftovers\n|upkeep\n|turn|10\n|\n|t:|1782833021\n|move|p1a: Regigigas|Protect|p1a: Regigigas\n|-singleturn|p1a: Regigigas|Protect\n|move|p2a: Misdreavus|Draining Kiss|p1a: Regigigas\n|-activate|p1a: Regigigas|move: Protect\n|\n|-heal|p1a: Regigigas|282/322|[from] item: Leftovers\n|upkeep\n|turn|11\n|\n|t:|1782833024\n|move|p1a: Regigigas|Knock Off|p2a: Misdreavus\n|-supereffective|p2a: Misdreavus\n|-damage|p2a: Misdreavus|0 fnt\n|faint|p2a: Misdreavus\n|\n|-heal|p1a: Regigigas|302/322|[from] item: Leftovers\n|upkeep\n|inactive|Thorys has 120 seconds left.\n|\n|t:|1782833044\n|switch|p2a: Pachirisu|Pachirisu, L96, F|271/271\n|turn|12\n|inactive|Thorys has 120 seconds left.\n|\n|t:|1782833051\n|move|p1a: Regigigas|Protect|p1a: Regigigas\n|-singleturn|p1a: Regigigas|Protect\n|move|p2a: Pachirisu|Discharge|p1a: Regigigas\n|-activate|p1a: Regigigas|move: Protect\n|\n|-heal|p1a: Regigigas|322/322|[from] item: Leftovers\n|upkeep\n|turn|13\n|\n|t:|1782833059\n|move|p2a: Pachirisu|Encore|p1a: Regigigas\n|-start|p1a: Regigigas|Encore\n|move|p1a: Regigigas|Protect||[still]\n|-fail|p1a: Regigigas\n|\n|-end|p1a: Regigigas|Slow Start\n|upkeep\n|turn|14\n|\n|t:|1782833067\n|switch|p1a: Illumise|Illumise, L91, F|20/266\n|move|p2a: Pachirisu|Discharge|p1a: Illumise\n|-damage|p1a: Illumise|0 fnt\n|faint|p1a: Illumise\n|\n|upkeep\n|\n|t:|1782833070\n|switch|p1a: Milotic|Milotic, L83, M|293/293\n|turn|15\n|\n|t:|1782833080\n|-terastallize|p1a: Milotic|Steel\n|move|p2a: Pachirisu|Super Fang|p1a: Milotic\n|-damage|p1a: Milotic|147/293\n|move|p1a: Milotic|Scald|p2a: Pachirisu\n|-damage|p2a: Pachirisu|193/271\n|-status|p2a: Pachirisu|brn\n|\n|-heal|p1a: Milotic|165/293|[from] item: Leftovers\n|-damage|p2a: Pachirisu|177/271 brn|[from] brn\n|upkeep\n|turn|16\n|\n|t:|1782833095\n|switch|p2a: Brute Bonnet|Brute Bonnet, L80|309/309\n|move|p1a: Milotic|Recover|p1a: Milotic\n|-heal|p1a: Milotic|293/293\n|\n|upkeep\n|turn|17\n|\n|t:|1782833103\n|switch|p1a: Pelipper|Pelipper, L86, F|243/243\n|-weather|RainDance|[from] ability: Drizzle|[of] p1a: Pelipper\n|move|p2a: Brute Bonnet|Spore|p1a: Pelipper\n|-status|p1a: Pelipper|slp|[from] move: Spore\n|\n|-weather|RainDance|[upkeep]\n|upkeep\n|turn|18\n|\n|t:|1782833115\n|switch|p1a: Milotic|Milotic, L83, M, tera:Steel|293/293\n|-end|p2a: Brute Bonnet|Protosynthesis|[silent]\n|switch|p2a: Girafarig|Girafarig, L89, M|269/269\n|\n|-weather|RainDance|[upkeep]\n|upkeep\n|turn|19\n|\n|t:|1782833127\n|switch|p2a: Brute Bonnet|Brute Bonnet, L80|309/309\n|move|p1a: Milotic|Scald|p2a: Brute Bonnet\n|-resisted|p2a: Brute Bonnet\n|-crit|p2a: Brute Bonnet\n|-damage|p2a: Brute Bonnet|222/309\n|\n|-weather|RainDance|[upkeep]\n|-heal|p2a: Brute Bonnet|241/309|[from] item: Leftovers\n|upkeep\n|turn|20\n|\n|t:|1782833134\n|move|p1a: Milotic|Ice Beam|p2a: Brute Bonnet\n|-supereffective|p2a: Brute Bonnet\n|-damage|p2a: Brute Bonnet|123/309\n|move|p2a: Brute Bonnet|Crunch|p1a: Milotic\n|-damage|p1a: Milotic|187/293\n|\n|-weather|RainDance|[upkeep]\n|-heal|p1a: Milotic|205/293|[from] item: Leftovers\n|-heal|p2a: Brute Bonnet|142/309|[from] item: Leftovers\n|upkeep\n|turn|21\n|\n|t:|1782833143\n|move|p1a: Milotic|Scald|p2a: Brute Bonnet\n|-resisted|p2a: Brute Bonnet\n|-damage|p2a: Brute Bonnet|75/309\n|move|p2a: Brute Bonnet|Close Combat|p1a: Milotic\n|-supereffective|p1a: Milotic\n|-damage|p1a: Milotic|0 fnt\n|-unboost|p2a: Brute Bonnet|def|1\n|-unboost|p2a: Brute Bonnet|spd|1\n|faint|p1a: Milotic\n|\n|-weather|none\n|-heal|p2a: Brute Bonnet|94/309|[from] item: Leftovers\n|upkeep\n|\n|t:|1782833148\n|switch|p1a: Hawlucha|Hawlucha, L80, M|256/256\n|turn|22\n|\n|t:|1782833164\n|-end|p2a: Brute Bonnet|Protosynthesis|[silent]\n|switch|p2a: Pachirisu|Pachirisu, L96, F|177/271 brn\n|move|p1a: Hawlucha|Swords Dance|p1a: Hawlucha\n|-boost|p1a: Hawlucha|atk|2\n|\n|-damage|p2a: Pachirisu|161/271 brn|[from] brn\n|upkeep\n|turn|23\n|\n|t:|1782833168\n|switch|p1a: Regigigas|Regigigas, L84|322/322\n|-start|p1a: Regigigas|ability: Slow Start\n|move|p2a: Pachirisu|Encore||[still]\n|-fail|p2a: Pachirisu\n|\n|-damage|p2a: Pachirisu|145/271 brn|[from] brn\n|upkeep\n|turn|24\n|\n|t:|1782833184\n|move|p2a: Pachirisu|Super Fang|p1a: Regigigas\n|-damage|p1a: Regigigas|161/322\n|move|p1a: Regigigas|Body Slam|p2a: Pachirisu\n|-damage|p2a: Pachirisu|81/271 brn\n|\n|-heal|p1a: Regigigas|181/322|[from] item: Leftovers\n|-damage|p2a: Pachirisu|65/271 brn|[from] brn\n|upkeep\n|turn|25\n|\n|t:|1782833197\n|move|p2a: Pachirisu|Super Fang|p1a: Regigigas\n|-damage|p1a: Regigigas|91/322\n|move|p1a: Regigigas|Body Slam|p2a: Pachirisu\n|-damage|p2a: Pachirisu|0 fnt\n|faint|p2a: Pachirisu\n|\n|-heal|p1a: Regigigas|111/322|[from] item: Leftovers\n|upkeep\n|inactive|Thorys has 120 seconds left.\n|\n|t:|1782833226\n|switch|p2a: Breloom|Breloom, L83, F|212/235\n|turn|26\n|inactive|Thorys has 120 seconds left.\n|\n|t:|1782833235\n|move|p2a: Breloom|Swords Dance|p2a: Breloom\n|-boost|p2a: Breloom|atk|2\n|move|p1a: Regigigas|Body Slam|p2a: Breloom\n|-damage|p2a: Breloom|142/235\n|-status|p2a: Breloom|par\n|\n|-heal|p1a: Regigigas|131/322|[from] item: Leftovers\n|upkeep\n|turn|27\n|\n|t:|1782833242\n|move|p1a: Regigigas|Protect|p1a: Regigigas\n|-singleturn|p1a: Regigigas|Protect\n|cant|p2a: Breloom|par\n|\n|-heal|p1a: Regigigas|151/322|[from] item: Leftovers\n|upkeep\n|turn|28\n|\n|t:|1782833246\n|move|p2a: Breloom|Mach Punch|p1a: Regigigas\n|-supereffective|p1a: Regigigas\n|-damage|p1a: Regigigas|0 fnt\n|faint|p1a: Regigigas\n|-end|p1a: Regigigas|Slow Start|[silent]\n|-damage|p2a: Breloom|119/235 par|[from] item: Life Orb\n|\n|upkeep\n|\n|t:|1782833251\n|switch|p1a: Hawlucha|Hawlucha, L80, M|256/256\n|turn|29\n|\n|t:|1782833257\n|move|p1a: Hawlucha|Acrobatics|p2a: Breloom\n|-supereffective|p2a: Breloom\n|-damage|p2a: Breloom|0 fnt\n|faint|p2a: Breloom\n|\n|upkeep\n|\n|t:|1782833263\n|switch|p2a: Girafarig|Girafarig, L89, M|269/269\n|turn|30\n|\n|t:|1782833270\n|move|p1a: Hawlucha|Close Combat|p2a: Girafarig\n|-damage|p2a: Girafarig|184/269\n|-unboost|p1a: Hawlucha|def|1\n|-unboost|p1a: Hawlucha|spd|1\n|-enditem|p1a: Hawlucha|White Herb\n|-clearnegativeboost|p1a: Hawlucha|[silent]\n|move|p2a: Girafarig|Thunderbolt|p1a: Hawlucha\n|-supereffective|p1a: Hawlucha\n|-damage|p1a: Hawlucha|88/256\n|\n|upkeep\n|turn|31\n|\n|t:|1782833277\n|move|p1a: Hawlucha|Brave Bird|p2a: Girafarig\n|-crit|p2a: Girafarig\n|-damage|p2a: Girafarig|48/269\n|-damage|p1a: Hawlucha|43/256|[from] Recoil\n|move|p2a: Girafarig|Thunderbolt|p1a: Hawlucha\n|-supereffective|p1a: Hawlucha\n|-damage|p1a: Hawlucha|0 fnt\n|faint|p1a: Hawlucha\n|\n|upkeep\n|\n|t:|1782833279\n|switch|p1a: Pelipper|Pelipper, L86, F|243/243 slp\n|-weather|RainDance|[from] ability: Drizzle|[of] p1a: Pelipper\n|turn|32\n|c|\u2606blitzroy|gg\n|\n|t:|1782833287\n|move|p2a: Girafarig|Thunderbolt|p1a: Pelipper\n|-supereffective|p1a: Pelipper\n|-crit|p1a: Pelipper\n|-damage|p1a: Pelipper|0 fnt\n|faint|p1a: Pelipper\n|\n|win|Thorys\n", "inputlog": ">version f8ac14003a5f27e1bdc8d8c59608a773c1cb96e5\n>start {\"formatid\":\"gen9randombattle\",\"seed\":\"sodium,acef54cf1053682f0f59d0bd1767197a\",\"rated\":\"Rated battle\"}\n>player p1 {\"name\":\"blitzroy\",\"avatar\":\"nate\",\"rating\":1929,\"seed\":\"sodium,5b288165e40639d07dd2667322b5eb7d\"}\n>player p2 {\"name\":\"Thorys\",\"avatar\":\"policeman-gen4\",\"rating\":1983,\"seed\":\"sodium,b4c611a45539786a7d09b52c949b22d2\"}\n>p1 move swordsdance\n>p2 move rocktomb\n>p1 move doubleedge\n>p2 switch 2\n>p1 switch 2\n>p2 move willowisp\n>p1 move knockoff\n>p2 move calmmind\n>p1 switch 5\n>p2 move shadowball\n>p1 move thunderwave\n>p2 move shadowball\n>p1 switch 2\n>p2 move shadowball\n>p1 move leafblade\n>p2 move shadowball\n>p1 switch 6\n>p1 move substitute\n>p2 move drainingkiss\n>p1 move protect\n>p2 move drainingkiss\n>p1 move knockoff\n>p2 move drainingkiss\n>p2 switch 6\n>p1 move protect\n>p2 move discharge\n>p1 move knockoff\n>p2 move encore\n>p1 switch 2\n>p2 move discharge\n>p1 switch 4\n>p1 move scald terastallize\n>p2 move superfang\n>p1 move recover\n>p2 switch 5\n>p1 switch 5\n>p2 move spore\n>p1 switch 5\n>p2 switch 4\n>p1 move scald\n>p2 switch 4\n>p1 move icebeam\n>p2 move crunch\n>p1 move scald\n>p2 move closecombat\n>p1 switch 3\n>p1 move swordsdance\n>p2 switch 5\n>p1 switch 2\n>p2 move encore\n>p1 move bodyslam\n>p2 move superfang\n>p1 move bodyslam\n>p2 move superfang\n>p2 switch 2\n>p1 move bodyslam\n>p2 move swordsdance\n>p1 move protect\n>p2 move machpunch\n>p1 move substitute\n>p2 move machpunch\n>p1 switch 2\n>p1 move acrobatics\n>p2 move bulletseed\n>p2 switch 4\n>p1 move closecombat\n>p2 move thunderbolt\n>p1 move bravebird\n>p2 move thunderbolt\n>p1 switch 5\n>chat \u2606blitzroy|gg\n>p1 move surf\n>p2 move thunderbolt", "uploadtime": 1782832846, "views": 5, "formatid": "gen9randombattle", "rating": null, "private": 0, "password": null, "player_dets": [{"name": "blitzroy", "avatar": "nate", "rating": 1929, "seed": "sodium,5b288165e40639d07dd2667322b5eb7d"}, {"name": "Thorys", "avatar": "policeman-gen4", "rating": 1983, "seed": "sodium,b4c611a45539786a7d09b52c949b22d2"}], "teams_full": [{"Leafeon": {"name": "Leafeon", "species": "Leafeon", "speciesId": "leafeon", "gender": "F", "shiny": false, "level": 88, "moves": ["swordsdance", "substitute", "doubleedge", "leafblade"], "ability": "Chlorophyll", "evs": {"hp": 85, "atk": 85, "def": 85, "spa": 85, "spd": 85, "spe": 85}, "ivs": {"hp": 31, "atk": 31, "def": 31, "spa": 31, "spd": 31, "spe": 31}, "item": "Leftovers", "teraType": "Normal", "role": "Setup Sweeper", "bvs": {"hp": 65, "atk": 110, "def": 130, "spa": 60, "spd": 65, "spe": 95}, "stats": {"hp": 258, "atk": 244, "def": 279, "spa": 156, "spd": 165, "spe": 217}, "types": ["Grass"]}, "Pelipper": {"name": "Pelipper", "species": "Pelipper", "speciesId": "pelipper", "gender": "F", "shiny": false, "level": 86, "moves": ["knockoff", "surf", "hurricane", "roost"], "ability": "Drizzle", "evs": {"hp": 85, "atk": 85, "def": 85, "spa": 85, "spd": 85, "spe": 85}, "ivs": {"hp": 31, "atk": 31, "def": 31, "spa": 31, "spd": 31, "spe": 31}, "item": "Heavy-Duty Boots", "teraType": "Ground", "role": "Bulky Attacker", "bvs": {"hp": 60, "atk": 50, "def": 100, "spa": 95, "spd": 70, "spe": 65}, "stats": {"hp": 243, "atk": 135, "def": 221, "spa": 213, "spd": 170, "spe": 161}, "types": ["Water", "Flying"]}, "Hawlucha": {"name": "Hawlucha", "species": "Hawlucha", "speciesId": "hawlucha", "gender": "M", "shiny": false, "level": 80, "moves": ["bravebird", "closecombat", "swordsdance", "acrobatics"], "ability": "Unburden", "evs": {"hp": 85, "atk": 85, "def": 85, "spa": 85, "spd": 85, "spe": 85}, "ivs": {"hp": 31, "atk": 31, "def": 31, "spa": 31, "spd": 31, "spe": 31}, "item": "White Herb", "teraType": "Flying", "role": "Setup Sweeper", "bvs": {"hp": 78, "atk": 92, "def": 75, "spa": 74, "spd": 63, "spe": 118}, "stats": {"hp": 256, "atk": 193, "def": 166, "spa": 165, "spd": 147, "spe": 235}, "types": ["Fighting", "Flying"]}, "Milotic": {"name": "Milotic", "species": "Milotic", "speciesId": "milotic", "gender": "M", "shiny": false, "level": 83, "moves": ["icebeam", "haze", "scald", "recover"], "ability": "Competitive", "evs": {"hp": 85, "atk": 0, "def": 85, "spa": 85, "spd": 85, "spe": 85}, "ivs": {"hp": 31, "atk": 0, "def": 31, "spa": 31, "spd": 31, "spe": 31}, "item": "Leftovers", "teraType": "Steel", "role": "Bulky Attacker", "bvs": {"hp": 95, "atk": 60, "def": 79, "spa": 100, "spd": 125, "spe": 81}, "stats": {"hp": 293, "atk": 104, "def": 179, "spa": 214, "spd": 255, "spe": 182}, "types": ["Water"]}, "Illumise": {"name": "Illumise", "species": "Illumise", "speciesId": "illumise", "gender": "F", "shiny": false, "level": 91, "moves": ["encore", "bugbuzz", "roost", "thunderwave"], "ability": "Prankster", "evs": {"hp": 85, "atk": 0, "def": 85, "spa": 85, "spd": 85, "spe": 85}, "ivs": {"hp": 31, "atk": 0, "def": 31, "spa": 31, "spd": 31, "spe": 31}, "item": "Heavy-Duty Boots", "teraType": "Water", "role": "Bulky Support", "bvs": {"hp": 65, "atk": 47, "def": 75, "spa": 73, "spd": 85, "spe": 85}, "stats": {"hp": 266, "atk": 90, "def": 188, "spa": 185, "spd": 207, "spe": 207}, "types": ["Bug"]}, "Regigigas": {"name": "Regigigas", "species": "Regigigas", "speciesId": "regigigas", "gender": "N", "shiny": false, "level": 84, "moves": ["protect", "bodyslam", "substitute", "knockoff"], "ability": "Slow Start", "evs": {"hp": 85, "atk": 85, "def": 85, "spa": 85, "spd": 85, "spe": 85}, "ivs": {"hp": 31, "atk": 31, "def": 31, "spa": 31, "spd": 31, "spe": 31}, "item": "Leftovers", "teraType": "Poison", "role": "Bulky Attacker", "bvs": {"hp": 110, "atk": 160, "def": 110, "spa": 80, "spd": 110, "spe": 100}, "stats": {"hp": 322, "atk": 317, "def": 233, "spa": 183, "spd": 233, "spe": 216}, "types": ["Normal"]}}, {"Breloom": {"name": "Breloom", "species": "Breloom", "speciesId": "breloom", "gender": "F", "shiny": false, "level": 83, "moves": ["machpunch", "swordsdance", "bulletseed", "rocktomb"], "ability": "Technician", "evs": {"hp": 85, "atk": 85, "def": 85, "spa": 85, "spd": 85, "spe": 85}, "ivs": {"hp": 31, "atk": 31, "def": 31, "spa": 31, "spd": 31, "spe": 31}, "item": "Life Orb", "teraType": "Rock", "role": "Fast Attacker", "bvs": {"hp": 60, "atk": 130, "def": 80, "spa": 60, "spd": 60, "spe": 70}, "stats": {"hp": 235, "atk": 263, "def": 180, "spa": 147, "spd": 147, "spe": 164}, "types": ["Grass", "Fighting"]}, "Misdreavus": {"name": "Misdreavus", "species": "Misdreavus", "speciesId": "misdreavus", "gender": "F", "shiny": false, "level": 90, "moves": ["calmmind", "shadowball", "willowisp", "drainingkiss"], "ability": "Levitate", "evs": {"hp": 85, "atk": 0, "def": 85, "spa": 85, "spd": 85, "spe": 85}, "ivs": {"hp": 31, "atk": 0, "def": 31, "spa": 31, "spd": 31, "spe": 31}, "item": "Eviolite", "teraType": "Fairy", "role": "Bulky Setup", "bvs": {"hp": 60, "atk": 60, "def": 60, "spa": 85, "spd": 85, "spe": 85}, "stats": {"hp": 254, "atk": 113, "def": 159, "spa": 204, "spd": 204, "spe": 204}, "types": ["Ghost"]}, "Reshiram": {"name": "Reshiram", "species": "Reshiram", "speciesId": "reshiram", "gender": "N", "shiny": false, "level": 76, "moves": ["dragontail", "dracometeor", "earthpower", "blueflare"], "ability": "Turboblaze", "evs": {"hp": 85, "atk": 85, "def": 85, "spa": 85, "spd": 85, "spe": 85}, "ivs": {"hp": 31, "atk": 31, "def": 31, "spa": 31, "spd": 31, "spe": 31}, "item": "Heavy-Duty Boots", "teraType": "Ground", "role": "Fast Attacker", "bvs": {"hp": 100, "atk": 120, "def": 100, "spa": 150, "spd": 120, "spe": 90}, "stats": {"hp": 277, "atk": 226, "def": 196, "spa": 272, "spd": 226, "spe": 181}, "types": ["Dragon", "Fire"]}, "Girafarig": {"name": "Girafarig", "species": "Girafarig", "speciesId": "girafarig", "gender": "M", "shiny": false, "level": 89, "moves": ["psyshock", "thunderbolt", "nastyplot", "hypervoice"], "ability": "Sap Sipper", "evs": {"hp": 85, "atk": 0, "def": 85, "spa": 85, "spd": 85, "spe": 85}, "ivs": {"hp": 31, "atk": 0, "def": 31, "spa": 31, "spd": 31, "spe": 31}, "item": "Eviolite", "teraType": "Normal", "role": "Fast Bulky Setup", "bvs": {"hp": 70, "atk": 80, "def": 65, "spa": 90, "spd": 65, "spe": 85}, "stats": {"hp": 269, "atk": 147, "def": 166, "spa": 211, "spd": 166, "spe": 202}, "types": ["Normal", "Psychic"]}, "Brute Bonnet": {"name": "Brute Bonnet", "species": "Brute Bonnet", "speciesId": "brutebonnet", "gender": "N", "shiny": false, "level": 80, "moves": ["spore", "crunch", "closecombat", "suckerpunch"], "ability": "Protosynthesis", "evs": {"hp": 85, "atk": 85, "def": 85, "spa": 85, "spd": 85, "spe": 85}, "ivs": {"hp": 31, "atk": 31, "def": 31, "spa": 31, "spd": 31, "spe": 31}, "item": "Leftovers", "teraType": "Fighting", "role": "Bulky Attacker", "bvs": {"hp": 111, "atk": 127, "def": 99, "spa": 79, "spd": 99, "spe": 55}, "stats": {"hp": 309, "atk": 249, "def": 205, "spa": 173, "spd": 205, "spe": 134}, "types": ["Grass", "Dark"]}, "Pachirisu": {"name": "Pachirisu", "species": "Pachirisu", "speciesId": "pachirisu", "gender": "F", "shiny": false, "level": 96, "moves": ["discharge", "superfang", "encore", "uturn"], "ability": "Volt Absorb", "evs": {"hp": 85, "atk": 85, "def": 85, "spa": 85, "spd": 85, "spe": 85}, "ivs": {"hp": 31, "atk": 31, "def": 31, "spa": 31, "spd": 31, "spe": 31}, "item": "Heavy-Duty Boots", "teraType": "Flying", "role": "Fast Support", "bvs": {"hp": 60, "atk": 45, "def": 70, "spa": 45, "spd": 90, "spe": 95}, "stats": {"hp": 271, "atk": 141, "def": 189, "spa": 141, "spd": 227, "spe": 237}, "types": ["Electric"]}}]}