{"id": "gen9randombattle-2641095802", "format": "[Gen 9] Random Battle", "players": ["azolahh", "uvaverde"], "log": "|j|\u2606azolahh\n|j|\u2606uvaverde\n|t:|1782739787\n|gametype|singles\n|player|p1|azolahh|102|1875\n|player|p2|uvaverde|2|1839\n|gen|9\n|tier|[Gen 9] Random Battle\n|rated|\n|rule|Species Clause: Limit one of each Pok\u00e9mon\n|rule|HP Percentage Mod: HP is shown in percentages\n|rule|Sleep Clause Mod: Limit one foe put to sleep\n|rule|Illusion Level Mod: Illusion disguises the Pok\u00e9mon's true level\n|\n|t:|1782739787\n|teamsize|p1|6\n|teamsize|p2|6\n|start\n|switch|p1a: Chesnaught|Chesnaught, L84, M|285/285\n|switch|p2a: Cloyster|Cloyster, L80, F|211/211\n|turn|1\n|inactive|Battle timer is ON: inactive players will automatically lose when time's up. (requested by uvaverde)\n|\n|t:|1782739800\n|move|p2a: Cloyster|Shell Smash|p2a: Cloyster\n|-unboost|p2a: Cloyster|def|1\n|-unboost|p2a: Cloyster|spd|1\n|-boost|p2a: Cloyster|atk|2\n|-boost|p2a: Cloyster|spa|2\n|-boost|p2a: Cloyster|spe|2\n|-enditem|p2a: Cloyster|White Herb\n|-clearnegativeboost|p2a: Cloyster|[silent]\n|move|p1a: Chesnaught|Body Press|p2a: Cloyster\n|-supereffective|p2a: Cloyster\n|-damage|p2a: Cloyster|101/211\n|\n|upkeep\n|turn|2\n|\n|t:|1782739811\n|switch|p1a: Ditto|Ditto, L87|225/225\n|-transform|p1a: Ditto|p2a: Cloyster|[from] ability: Imposter\n|move|p2a: Cloyster|Icicle Spear|p1a: Ditto\n|-resisted|p1a: Ditto\n|-damage|p1a: Ditto|219/225\n|-resisted|p1a: Ditto\n|-damage|p1a: Ditto|213/225\n|-resisted|p1a: Ditto\n|-damage|p1a: Ditto|206/225\n|-resisted|p1a: Ditto\n|-damage|p1a: Ditto|199/225\n|-resisted|p1a: Ditto\n|-damage|p1a: Ditto|191/225\n|-hitcount|p1a: Ditto|5\n|\n|upkeep\n|turn|3\n|\n|t:|1782739825\n|-terastallize|p2a: Cloyster|Rock\n|move|p1a: Ditto|Rock Blast|p2a: Cloyster\n|-damage|p2a: Cloyster|78/211\n|-damage|p2a: Cloyster|56/211\n|-damage|p2a: Cloyster|35/211\n|-damage|p2a: Cloyster|16/211\n|-damage|p2a: Cloyster|0 fnt\n|faint|p2a: Cloyster\n|-hitcount|p2: Cloyster|5\n|\n|upkeep\n|c|\u2606azolahh|?\n|c|\u2606uvaverde|5 hits ;/\n|\n|t:|1782739847\n|switch|p2a: Klawf|Klawf, L90, F|272/272\n|turn|4\n|c|\u2606azolahh|skill link?\n|c|\u2606azolahh|im guaranteed 5 hits lmao\n|\n|t:|1782739860\n|switch|p1a: Chesnaught|Chesnaught, L84, M|285/285\n|move|p2a: Klawf|Swords Dance|p2a: Klawf\n|-boost|p2a: Klawf|atk|2\n|\n|upkeep\n|turn|5\n|\n|t:|1782739869\n|switch|p2a: Talonflame|Talonflame, L83, F|265/265\n|move|p1a: Chesnaught|Trailblaze|p2a: Talonflame\n|-resisted|p2a: Talonflame\n|-damage|p2a: Talonflame|249/265\n|-boost|p1a: Chesnaught|spe|1\n|-status|p1a: Chesnaught|brn|[from] ability: Flame Body|[of] p2a: Talonflame\n|\n|-damage|p1a: Chesnaught|268/285 brn|[from] brn\n|upkeep\n|turn|6\n|\n|t:|1782739880\n|switch|p1a: Suicune|Suicune, L82|298/298\n|-ability|p1a: Suicune|Pressure\n|move|p2a: Talonflame|Taunt|p1a: Suicune\n|-start|p1a: Suicune|move: Taunt\n|\n|upkeep\n|turn|7\n|inactive|uvaverde has 120 seconds left.\n|\n|t:|1782739908\n|switch|p2a: Wo-Chien|Wo-Chien, L83|277/277\n|-ability|p2a: Wo-Chien|Tablets of Ruin\n|move|p1a: Suicune|Scald|p2a: Wo-Chien\n|-resisted|p2a: Wo-Chien\n|-damage|p2a: Wo-Chien|251/277\n|\n|-heal|p2a: Wo-Chien|268/277|[from] item: Leftovers\n|upkeep\n|turn|8\n|\n|t:|1782739918\n|switch|p1a: Vileplume|Vileplume, L85, M|266/266\n|move|p2a: Wo-Chien|Knock Off|p1a: Vileplume\n|-damage|p1a: Vileplume|166/266\n|-enditem|p1a: Vileplume|Leftovers|[from] move: Knock Off|[of] p2a: Wo-Chien\n|\n|-heal|p2a: Wo-Chien|277/277|[from] item: Leftovers\n|upkeep\n|turn|9\n|\n|t:|1782739928\n|switch|p2a: Mesprit|Mesprit, L85|275/275\n|move|p1a: Vileplume|Sludge Bomb|p2a: Mesprit\n|-damage|p2a: Mesprit|172/275\n|\n|upkeep\n|turn|10\n|\n|t:|1782739936\n|switch|p1a: Archaludon|Archaludon, L78, M|268/268\n|move|p2a: Mesprit|Psychic|p1a: Archaludon\n|-resisted|p1a: Archaludon\n|-crit|p1a: Archaludon\n|-damage|p1a: Archaludon|117/268\n|-ability|p1a: Archaludon|Stamina|boost\n|-boost|p1a: Archaludon|def|1\n|\n|upkeep\n|turn|11\n|\n|t:|1782739949\n|switch|p2a: Talonflame|Talonflame, L83, F|249/265\n|move|p1a: Archaludon|Iron Head|p2a: Talonflame\n|-resisted|p2a: Talonflame\n|-damage|p2a: Talonflame|207/265\n|\n|upkeep\n|turn|12\n|inactive|uvaverde has 120 seconds left.\n|\n|t:|1782739976\n|move|p2a: Talonflame|Taunt|p1a: Archaludon\n|-start|p1a: Archaludon|move: Taunt\n|move|p1a: Archaludon|Outrage|p2a: Talonflame\n|-damage|p2a: Talonflame|74/265\n|\n|upkeep\n|turn|13\n|inactive|uvaverde has 120 seconds left.\n|\n|t:|1782739983\n|move|p2a: Talonflame|Roost|p2a: Talonflame\n|-heal|p2a: Talonflame|207/265\n|-singleturn|p2a: Talonflame|move: Roost\n|move|p1a: Archaludon|Outrage|p2a: Talonflame|[from] lockedmove\n|-damage|p2a: Talonflame|77/265\n|-status|p1a: Archaludon|brn|[from] ability: Flame Body|[of] p2a: Talonflame\n|-enditem|p1a: Archaludon|Lum Berry|[eat]\n|-curestatus|p1a: Archaludon|brn|[msg]\n|\n|upkeep\n|turn|14\n|inactive|uvaverde has 120 seconds left.\n|\n|t:|1782739993\n|move|p2a: Talonflame|Roost|p2a: Talonflame\n|-heal|p2a: Talonflame|210/265\n|-singleturn|p2a: Talonflame|move: Roost\n|move|p1a: Archaludon|Outrage|p2a: Talonflame|[from] lockedmove\n|-damage|p2a: Talonflame|63/265\n|-status|p1a: Archaludon|brn|[from] ability: Flame Body|[of] p2a: Talonflame\n|-start|p1a: Archaludon|confusion|[fatigue]\n|\n|-damage|p1a: Archaludon|101/268 brn|[from] brn\n|-end|p1a: Archaludon|move: Taunt\n|upkeep\n|turn|15\n|inactive|uvaverde has 120 seconds left.\n|\n|t:|1782740007\n|move|p2a: Talonflame|Roost|p2a: Talonflame\n|-heal|p2a: Talonflame|196/265\n|-singleturn|p2a: Talonflame|move: Roost\n|-activate|p1a: Archaludon|confusion\n|-damage|p1a: Archaludon|88/268 brn|[from] confusion\n|\n|-damage|p1a: Archaludon|72/268 brn|[from] brn\n|upkeep\n|turn|16\n|inactive|uvaverde has 120 seconds left.\n|\n|t:|1782740020\n|switch|p2a: Wo-Chien|Wo-Chien, L83|277/277\n|-ability|p2a: Wo-Chien|Tablets of Ruin\n|-activate|p1a: Archaludon|confusion\n|-damage|p1a: Archaludon|58/268 brn|[from] confusion\n|\n|-damage|p1a: Archaludon|42/268 brn|[from] brn\n|upkeep\n|turn|17\n|inactive|uvaverde has 120 seconds left.\n|\n|t:|1782740033\n|switch|p1a: Vileplume|Vileplume, L85, M|166/266\n|move|p2a: Wo-Chien|Stun Spore|p1a: Vileplume\n|-immune|p1a: Vileplume\n|\n|upkeep\n|turn|18\n|inactive|uvaverde has 120 seconds left.\n|\n|t:|1782740048\n|move|p2a: Wo-Chien|Ruination|p1a: Vileplume\n|-damage|p1a: Vileplume|83/266\n|move|p1a: Vileplume|Strength Sap|p2a: Wo-Chien\n|-unboost|p2a: Wo-Chien|atk|1\n|-heal|p1a: Vileplume|266/266\n|\n|upkeep\n|turn|19\n|inactive|uvaverde has 120 seconds left.\n|\n|t:|1782740057\n|move|p2a: Wo-Chien|Ruination|p1a: Vileplume\n|-damage|p1a: Vileplume|133/266\n|move|p1a: Vileplume|Sludge Bomb|p2a: Wo-Chien\n|-supereffective|p2a: Wo-Chien\n|-damage|p2a: Wo-Chien|125/277\n|\n|-heal|p2a: Wo-Chien|142/277|[from] item: Leftovers\n|upkeep\n|turn|20\n|\n|t:|1782740065\n|switch|p2a: Talonflame|Talonflame, L83, F|196/265\n|move|p1a: Vileplume|Strength Sap|p2a: Talonflame\n|-unboost|p2a: Talonflame|atk|1\n|-heal|p1a: Vileplume|266/266\n|\n|upkeep\n|turn|21\n|\n|t:|1782740073\n|switch|p1a: Suicune|Suicune, L82|298/298\n|-ability|p1a: Suicune|Pressure\n|move|p2a: Talonflame|Overheat|p1a: Suicune\n|-resisted|p1a: Suicune\n|-damage|p1a: Suicune|252/298\n|-unboost|p2a: Talonflame|spa|2\n|\n|-heal|p1a: Suicune|270/298|[from] item: Leftovers\n|upkeep\n|turn|22\n|\n|t:|1782740083\n|switch|p2a: Wo-Chien|Wo-Chien, L83|142/277\n|-ability|p2a: Wo-Chien|Tablets of Ruin\n|move|p1a: Suicune|Substitute|p1a: Suicune\n|-start|p1a: Suicune|Substitute\n|-damage|p1a: Suicune|196/298\n|\n|-heal|p1a: Suicune|214/298|[from] item: Leftovers\n|-heal|p2a: Wo-Chien|159/277|[from] item: Leftovers\n|upkeep\n|turn|23\n|\n|t:|1782740092\n|move|p1a: Suicune|Calm Mind|p1a: Suicune\n|-boost|p1a: Suicune|spa|1\n|-boost|p1a: Suicune|spd|1\n|move|p2a: Wo-Chien|Giga Drain|p1a: Suicune\n|-supereffective|p1a: Suicune\n|-end|p1a: Suicune|Substitute\n|-heal|p2a: Wo-Chien|196/277|[from] drain|[of] p1a: Suicune\n|\n|-heal|p1a: Suicune|232/298|[from] item: Leftovers\n|-heal|p2a: Wo-Chien|213/277|[from] item: Leftovers\n|upkeep\n|turn|24\n|\n|t:|1782740103\n|switch|p1a: Vileplume|Vileplume, L85, M|266/266\n|move|p2a: Wo-Chien|Knock Off|p1a: Vileplume\n|-damage|p1a: Vileplume|200/266\n|\n|-heal|p2a: Wo-Chien|230/277|[from] item: Leftovers\n|upkeep\n|turn|25\n|\n|t:|1782740131\n|switch|p2a: Talonflame|Talonflame, L83, F|196/265\n|move|p1a: Vileplume|Sludge Bomb|p2a: Talonflame\n|-damage|p2a: Talonflame|75/265\n|\n|upkeep\n|turn|26\n|\n|t:|1782740141\n|move|p2a: Talonflame|Overheat|p1a: Vileplume\n|-supereffective|p1a: Vileplume\n|-damage|p1a: Vileplume|0 fnt\n|-unboost|p2a: Talonflame|spa|2\n|faint|p1a: Vileplume\n|\n|upkeep\n|\n|t:|1782740144\n|switch|p1a: Suicune|Suicune, L82|232/298\n|-ability|p1a: Suicune|Pressure\n|turn|27\n|\n|t:|1782740149\n|switch|p2a: Wo-Chien|Wo-Chien, L83|230/277\n|-ability|p2a: Wo-Chien|Tablets of Ruin\n|move|p1a: Suicune|Ice Beam|p2a: Wo-Chien\n|-supereffective|p2a: Wo-Chien\n|-damage|p2a: Wo-Chien|150/277\n|\n|-heal|p1a: Suicune|250/298|[from] item: Leftovers\n|-heal|p2a: Wo-Chien|167/277|[from] item: Leftovers\n|upkeep\n|turn|28\n|\n|t:|1782740161\n|move|p1a: Suicune|Ice Beam|p2a: Wo-Chien\n|-supereffective|p2a: Wo-Chien\n|-damage|p2a: Wo-Chien|81/277\n|move|p2a: Wo-Chien|Giga Drain|p1a: Suicune\n|-supereffective|p1a: Suicune\n|-damage|p1a: Suicune|116/298\n|-heal|p2a: Wo-Chien|148/277|[from] drain|[of] p1a: Suicune\n|\n|-heal|p1a: Suicune|134/298|[from] item: Leftovers\n|-heal|p2a: Wo-Chien|165/277|[from] item: Leftovers\n|upkeep\n|turn|29\n|\n|t:|1782740170\n|switch|p1a: Rayquaza|Rayquaza, L72|270/270\n|-ability|p1a: Rayquaza|Air Lock\n|move|p2a: Wo-Chien|Giga Drain|p1a: Rayquaza\n|-resisted|p1a: Rayquaza\n|-damage|p1a: Rayquaza|247/270\n|-heal|p2a: Wo-Chien|177/277|[from] drain|[of] p1a: Rayquaza\n|\n|-heal|p2a: Wo-Chien|194/277|[from] item: Leftovers\n|upkeep\n|turn|30\n|\n|t:|1782740180\n|move|p1a: Rayquaza|Swords Dance|p1a: Rayquaza\n|-boost|p1a: Rayquaza|atk|2\n|move|p2a: Wo-Chien|Stun Spore|p1a: Rayquaza\n|-status|p1a: Rayquaza|par\n|\n|-heal|p2a: Wo-Chien|211/277|[from] item: Leftovers\n|upkeep\n|turn|31\n|\n|t:|1782740189\n|move|p2a: Wo-Chien|Knock Off|p1a: Rayquaza\n|-damage|p1a: Rayquaza|150/270 par\n|-enditem|p1a: Rayquaza|Loaded Dice|[from] move: Knock Off|[of] p2a: Wo-Chien\n|move|p1a: Rayquaza|Scale Shot|p2a: Wo-Chien\n|-damage|p2a: Wo-Chien|169/277\n|-damage|p2a: Wo-Chien|126/277\n|-damage|p2a: Wo-Chien|89/277\n|-damage|p2a: Wo-Chien|53/277\n|-damage|p2a: Wo-Chien|11/277\n|-hitcount|p2a: Wo-Chien|5\n|-unboost|p1a: Rayquaza|def|1\n|-boost|p1a: Rayquaza|spe|1\n|\n|-heal|p2a: Wo-Chien|28/277|[from] item: Leftovers\n|upkeep\n|turn|32\n|-message|azolahh forfeited.\n|\n|win|uvaverde\n|raw|azolahh's rating: 1875 &rarr; <strong>1853</strong><br />(-22 for losing)\n|raw|uvaverde's rating: 1839 &rarr; <strong>1861</strong><br />(+22 for winning)\n|l|\u2606azolahh\n|player|p1|\n|c|\u2606uvaverde|skill  link?]\n", "inputlog": ">version f8ac14003a5f27e1bdc8d8c59608a773c1cb96e5\n>start {\"formatid\":\"gen9randombattle\",\"seed\":\"sodium,f098ba0312c8a6ae595cca48e5b344db\",\"rated\":\"Rated battle\"}\n>player p1 {\"name\":\"azolahh\",\"avatar\":\"102\",\"rating\":1875,\"seed\":\"sodium,2ad68105e32d2867b6236066951bb928\"}\n>player p2 {\"name\":\"uvaverde\",\"avatar\":\"2\",\"rating\":1839,\"seed\":\"sodium,16fe86417ec8b66c5457ac50fc770a44\"}\n>p1 move bodypress\n>p2 move shellsmash\n>p1 switch 6\n>p2 move iciclespear\n>p1 move rockblast\n>p2 move shellsmash terastallize\n>chat \u2606azolahh|?\n>chat \u2606uvaverde|5 hits ;/\n>p2 switch 3\n>chat \u2606azolahh|skill link?\n>chat \u2606azolahh|im guaranteed 5 hits lmao\n>p1 switch 6\n>p2 move swordsdance\n>p1 move trailblaze\n>p2 switch 5\n>p1 switch 3\n>p2 move taunt\n>p1 move scald\n>p2 switch 6\n>p1 switch 2\n>p2 move knockoff\n>p1 move sludgebomb\n>p2 switch 4\n>p1 switch 4\n>p2 move psychic\n>p1 move ironhead\n>p2 switch 6\n>p1 move outrage\n>p2 move taunt\n>p1 move outrage\n>p2 move roost\n>p1 move outrage\n>p2 move roost\n>p1 move swordsdance\n>p2 move roost\n>p1 move outrage\n>p2 switch 4\n>p1 switch 4\n>p2 move stunspore\n>p1 move strengthsap\n>p2 move ruination\n>p1 move sludgebomb\n>p2 move ruination\n>p1 move strengthsap\n>p2 switch 4\n>p1 switch 2\n>p2 move overheat\n>p1 move substitute\n>p2 switch 4\n>p1 move calmmind\n>p2 move gigadrain\n>p1 switch 2\n>p2 move knockoff\n>p1 move sludgebomb\n>p2 switch 4\n>p1 move sludgebomb\n>p2 move overheat\n>p1 switch 2\n>p1 move icebeam\n>p2 switch 4\n>p1 move icebeam\n>p2 move gigadrain\n>p1 switch 5\n>p2 move gigadrain\n>p1 move swordsdance\n>p2 move stunspore\n>p1 move scaleshot\n>p2 move knockoff\n>forcelose p1", "uploadtime": 1782740207, "views": 13, "formatid": "gen9randombattle", "rating": 1853, "private": 0, "password": null, "player_dets": [{"name": "azolahh", "avatar": "102", "rating": 1875, "seed": "sodium,2ad68105e32d2867b6236066951bb928"}, {"name": "uvaverde", "avatar": "2", "rating": 1839, "seed": "sodium,16fe86417ec8b66c5457ac50fc770a44"}], "teams_full": [{"Chesnaught": {"name": "Chesnaught", "species": "Chesnaught", "speciesId": "chesnaught", "gender": "M", "shiny": false, "level": 84, "moves": ["synthesis", "trailblaze", "bodypress", "irondefense"], "ability": "Bulletproof", "evs": {"hp": 85, "atk": 85, "def": 85, "spa": 85, "spd": 85, "spe": 85}, "ivs": {"hp": 31, "atk": 31, "def": 31, "spa": 31, "spd": 31, "spe": 31}, "item": "Leftovers", "teraType": "Steel", "role": "Fast Bulky Setup", "bvs": {"hp": 88, "atk": 107, "def": 122, "spa": 74, "spd": 75, "spe": 64}, "stats": {"hp": 285, "atk": 228, "def": 253, "spa": 173, "spd": 174, "spe": 156}, "types": ["Grass", "Fighting"]}, "Vileplume": {"name": "Vileplume", "species": "Vileplume", "speciesId": "vileplume", "gender": "M", "shiny": false, "level": 85, "moves": ["leechseed", "gigadrain", "sludgebomb", "strengthsap"], "ability": "Effect Spore", "evs": {"hp": 85, "atk": 0, "def": 85, "spa": 85, "spd": 85, "spe": 85}, "ivs": {"hp": 31, "atk": 0, "def": 31, "spa": 31, "spd": 31, "spe": 31}, "item": "Leftovers", "teraType": "Water", "role": "Bulky Attacker", "bvs": {"hp": 75, "atk": 80, "def": 85, "spa": 110, "spd": 90, "spe": 50}, "stats": {"hp": 266, "atk": 141, "def": 193, "spa": 236, "spd": 202, "spe": 134}, "types": ["Grass", "Poison"]}, "Suicune": {"name": "Suicune", "species": "Suicune", "speciesId": "suicune", "gender": "N", "shiny": false, "level": 82, "moves": ["substitute", "calmmind", "scald", "icebeam"], "ability": "Pressure", "evs": {"hp": 85, "atk": 0, "def": 85, "spa": 85, "spd": 85, "spe": 85}, "ivs": {"hp": 31, "atk": 0, "def": 31, "spa": 31, "spd": 31, "spe": 31}, "item": "Leftovers", "teraType": "Dragon", "role": "Bulky Setup", "bvs": {"hp": 100, "atk": 75, "def": 115, "spa": 90, "spd": 115, "spe": 85}, "stats": {"hp": 298, "atk": 127, "def": 236, "spa": 195, "spd": 236, "spe": 187}, "types": ["Water"]}, "Archaludon": {"name": "Archaludon", "species": "Archaludon", "speciesId": "archaludon", "gender": "M", "shiny": false, "level": 78, "moves": ["ironhead", "swordsdance", "outrage", "earthquake"], "ability": "Stamina", "evs": {"hp": 85, "atk": 85, "def": 85, "spa": 85, "spd": 85, "spe": 85}, "ivs": {"hp": 31, "atk": 31, "def": 31, "spa": 31, "spd": 31, "spe": 31}, "item": "Lum Berry", "teraType": "Ground", "role": "Bulky Setup", "bvs": {"hp": 90, "atk": 105, "def": 130, "spa": 125, "spd": 65, "spe": 85}, "stats": {"hp": 268, "atk": 209, "def": 248, "spa": 240, "spd": 146, "spe": 178}, "types": ["Steel", "Dragon"]}, "Rayquaza": {"name": "Rayquaza", "species": "Rayquaza", "speciesId": "rayquaza", "gender": "N", "shiny": false, "level": 72, "moves": ["swordsdance", "earthquake", "dragonascent", "scaleshot"], "ability": "Air Lock", "evs": {"hp": 85, "atk": 85, "def": 85, "spa": 85, "spd": 85, "spe": 85}, "ivs": {"hp": 31, "atk": 31, "def": 31, "spa": 31, "spd": 31, "spe": 31}, "item": "Loaded Dice", "teraType": "Dragon", "role": "Fast Bulky Setup", "bvs": {"hp": 105, "atk": 150, "def": 90, "spa": 150, "spd": 90, "spe": 95}, "stats": {"hp": 270, "atk": 258, "def": 172, "spa": 258, "spd": 172, "spe": 179}, "types": ["Dragon", "Flying"]}, "Ditto": {"name": "Ditto", "species": "Ditto", "speciesId": "ditto", "gender": "N", "shiny": false, "level": 87, "moves": ["transform"], "ability": "Imposter", "evs": {"hp": 85, "atk": 85, "def": 85, "spa": 85, "spd": 85, "spe": 85}, "ivs": {"hp": 31, "atk": 31, "def": 31, "spa": 31, "spd": 31, "spe": 31}, "item": "Choice Scarf", "teraType": "Ghost", "role": "Fast Support", "bvs": {"hp": 48, "atk": 48, "def": 48, "spa": 48, "spd": 48, "spe": 48}, "stats": {"hp": 225, "atk": 133, "def": 133, "spa": 133, "spd": 133, "spe": 133}, "types": ["Normal"]}}, {"Cloyster": {"name": "Cloyster", "species": "Cloyster", "speciesId": "cloyster", "gender": "F", "shiny": false, "level": 80, "moves": ["rockblast", "hydropump", "shellsmash", "iciclespear"], "ability": "Skill Link", "evs": {"hp": 85, "atk": 85, "def": 85, "spa": 85, "spd": 85, "spe": 85}, "ivs": {"hp": 31, "atk": 31, "def": 31, "spa": 31, "spd": 31, "spe": 31}, "item": "White Herb", "teraType": "Rock", "role": "Setup Sweeper", "bvs": {"hp": 50, "atk": 95, "def": 180, "spa": 85, "spd": 45, "spe": 70}, "stats": {"hp": 211, "atk": 198, "def": 334, "spa": 182, "spd": 118, "spe": 158}, "types": ["Water", "Ice"]}, "Infernape": {"name": "Infernape", "species": "Infernape", "speciesId": "infernape", "gender": "F", "shiny": false, "level": 82, "moves": ["grassknot", "closecombat", "overheat", "knockoff"], "ability": "Blaze", "evs": {"hp": 85, "atk": 85, "def": 85, "spa": 85, "spd": 85, "spe": 85}, "ivs": {"hp": 31, "atk": 31, "def": 31, "spa": 31, "spd": 31, "spe": 31}, "item": "Life Orb", "teraType": "Fire", "role": "Fast Attacker", "bvs": {"hp": 76, "atk": 104, "def": 71, "spa": 104, "spd": 71, "spe": 108}, "stats": {"hp": 259, "atk": 218, "def": 164, "spa": 218, "spd": 164, "spe": 224}, "types": ["Fire", "Fighting"]}, "Klawf": {"name": "Klawf", "species": "Klawf", "speciesId": "klawf", "gender": "F", "shiny": false, "level": 90, "moves": ["swordsdance", "highhorsepower", "crabhammer", "stoneedge"], "ability": "Anger Shell", "evs": {"hp": 85, "atk": 85, "def": 85, "spa": 85, "spd": 85, "spe": 85}, "ivs": {"hp": 31, "atk": 31, "def": 31, "spa": 31, "spd": 31, "spe": 31}, "item": "Sitrus Berry", "teraType": "Ground", "role": "Setup Sweeper", "bvs": {"hp": 70, "atk": 100, "def": 115, "spa": 35, "spd": 55, "spe": 75}, "stats": {"hp": 272, "atk": 231, "def": 258, "spa": 114, "spd": 150, "spe": 186}, "types": ["Rock"]}, "Mesprit": {"name": "Mesprit", "species": "Mesprit", "speciesId": "mesprit", "gender": "N", "shiny": false, "level": 85, "moves": ["uturn", "dazzlinggleam", "psychic", "shadowball"], "ability": "Levitate", "evs": {"hp": 85, "atk": 85, "def": 85, "spa": 85, "spd": 85, "spe": 85}, "ivs": {"hp": 31, "atk": 31, "def": 31, "spa": 31, "spd": 31, "spe": 31}, "item": "Choice Specs", "teraType": "Fairy", "role": "Fast Attacker", "bvs": {"hp": 80, "atk": 105, "def": 105, "spa": 105, "spd": 105, "spe": 80}, "stats": {"hp": 275, "atk": 227, "def": 227, "spa": 227, "spd": 227, "spe": 185}, "types": ["Psychic"]}, "Talonflame": {"name": "Talonflame", "species": "Talonflame", "speciesId": "talonflame", "gender": "F", "shiny": false, "level": 83, "moves": ["overheat", "bravebird", "taunt", "roost"], "ability": "Flame Body", "evs": {"hp": 85, "atk": 85, "def": 85, "spa": 85, "spd": 85, "spe": 85}, "ivs": {"hp": 31, "atk": 31, "def": 31, "spa": 31, "spd": 31, "spe": 31}, "item": "Heavy-Duty Boots", "teraType": "Dragon", "role": "Bulky Attacker", "bvs": {"hp": 78, "atk": 81, "def": 71, "spa": 74, "spd": 69, "spe": 126}, "stats": {"hp": 265, "atk": 182, "def": 166, "spa": 171, "spd": 162, "spe": 257}, "types": ["Fire", "Flying"]}, "Wo-Chien": {"name": "Wo-Chien", "species": "Wo-Chien", "speciesId": "wochien", "gender": "N", "shiny": false, "level": 83, "moves": ["ruination", "gigadrain", "knockoff", "stunspore"], "ability": "Tablets of Ruin", "evs": {"hp": 85, "atk": 85, "def": 85, "spa": 85, "spd": 85, "spe": 85}, "ivs": {"hp": 31, "atk": 31, "def": 31, "spa": 31, "spd": 31, "spe": 31}, "item": "Leftovers", "teraType": "Poison", "role": "Bulky Support", "bvs": {"hp": 85, "atk": 85, "def": 100, "spa": 95, "spd": 135, "spe": 70}, "stats": {"hp": 277, "atk": 189, "def": 214, "spa": 205, "spd": 272, "spe": 164}, "types": ["Dark", "Grass"]}}]}