{"id": "gen9randombattle-2641475460", "format": "[Gen 9] Random Battle", "players": ["shamu142", "sleepydolphin7"], "log": "|j|\u2606shamu142\n|j|\u2606sleepydolphin7\n|t:|1782790663\n|gametype|singles\n|player|p1|shamu142|baker|2122\n|player|p2|sleepydolphin7|aquagrunt-rse|2176\n|gen|9\n|tier|[Gen 9] Random Battle\n|rated|\n|rule|Species Clause: Limit one of each Pok\u00e9mon\n|rule|HP Percentage Mod: HP is shown in percentages\n|rule|Sleep Clause Mod: Limit one foe put to sleep\n|rule|Illusion Level Mod: Illusion disguises the Pok\u00e9mon's true level\n|\n|t:|1782790663\n|teamsize|p1|6\n|teamsize|p2|6\n|start\n|switch|p1a: Ursaluna|Ursaluna, L79, M|335/335\n|switch|p2a: Scream Tail|Scream Tail, L84|330/330\n|turn|1\n|inactive|Battle timer is ON: inactive players will automatically lose when time's up. (requested by shamu142)\n|\n|t:|1782790677\n|switch|p1a: Spidops|Spidops, L96, M|271/271\n|move|p2a: Scream Tail|Play Rough|p1a: Spidops\n|-damage|p1a: Spidops|214/271\n|\n|upkeep\n|turn|2\n|\n|t:|1782790680\n|-end|p2a: Scream Tail|Protosynthesis|[silent]\n|switch|p2a: Espeon|Espeon, L84, M|246/246\n|move|p1a: Spidops|Sticky Web|p2a: Espeon\n|move|p2a: Espeon|Sticky Web|p1a: Spidops|[from] ability: Magic Bounce\n|-sidestart|p1: shamu142|move: Sticky Web\n|\n|upkeep\n|turn|3\n|\n|t:|1782790684\n|move|p2a: Espeon|Psychic|p1a: Spidops\n|-damage|p1a: Spidops|66/271\n|move|p1a: Spidops|Knock Off|p2a: Espeon\n|-supereffective|p2a: Espeon\n|-damage|p2a: Espeon|44/246\n|-enditem|p2a: Espeon|Choice Specs|[from] move: Knock Off|[of] p1a: Spidops\n|\n|upkeep\n|turn|4\n|\n|t:|1782790688\n|switch|p1a: Slowking|Slowking-Galar, L85, M|300/300\n|-activate|p1a: Slowking|move: Sticky Web\n|-unboost|p1a: Slowking|spe|1\n|move|p2a: Espeon|Psychic|p1a: Slowking\n|-damage|p1a: Slowking|233/300\n|\n|upkeep\n|turn|5\n|\n|t:|1782790695\n|move|p2a: Espeon|Trick|p1a: Slowking\n|-activate|p2a: Espeon|move: Trick|[of] p1a: Slowking\n|-enditem|p1a: Slowking|Assault Vest|[silent]|[from] move: Trick\n|-item|p2a: Espeon|Assault Vest|[from] move: Trick\n|move|p1a: Slowking|Sludge Bomb|p2a: Espeon\n|-damage|p2a: Espeon|0 fnt\n|faint|p2a: Espeon\n|\n|upkeep\n|\n|t:|1782790707\n|switch|p2a: Houndoom|Houndoom, L87, M|272/272\n|turn|6\n|\n|t:|1782790715\n|move|p2a: Houndoom|Dark Pulse|p1a: Slowking\n|-supereffective|p1a: Slowking\n|-damage|p1a: Slowking|81/300\n|move|p1a: Slowking|Sludge Bomb|p2a: Houndoom\n|-damage|p2a: Houndoom|155/272\n|\n|upkeep\n|turn|7\n|\n|t:|1782790722\n|switch|p1a: Staraptor|Staraptor, L79, F|263/263\n|move|p2a: Houndoom|Nasty Plot|p2a: Houndoom\n|-boost|p2a: Houndoom|spa|2\n|\n|upkeep\n|turn|8\n|\n|t:|1782790726\n|switch|p2a: Drifblim|Drifblim, L86, F|398/398\n|move|p1a: Staraptor|Brave Bird|p2a: Drifblim\n|-damage|p2a: Drifblim|154/398\n|-damage|p1a: Staraptor|182/263|[from] Recoil\n|\n|upkeep\n|turn|9\n|\n|t:|1782790732\n|move|p1a: Staraptor|Brave Bird|p2a: Drifblim\n|-damage|p2a: Drifblim|0 fnt\n|-damage|p1a: Staraptor|117/263|[from] ability: Aftermath|[of] p2a: Drifblim\n|faint|p2a: Drifblim\n|-damage|p1a: Staraptor|66/263|[from] Recoil\n|\n|upkeep\n|\n|t:|1782790735\n|switch|p2a: Pikachu|Pikachu-Partner, L93, F|216/216\n|turn|10\n|\n|t:|1782790748\n|switch|p1a: Slowking|Slowking-Galar, L85, M|181/300\n|-activate|p1a: Slowking|move: Sticky Web\n|-unboost|p1a: Slowking|spe|1\n|move|p2a: Pikachu|Surf|p1a: Slowking\n|-damage|p1a: Slowking|99/300\n|\n|upkeep\n|turn|11\n|\n|t:|1782790751\n|switch|p1a: Ursaluna|Ursaluna, L79, M|335/335\n|-activate|p1a: Ursaluna|move: Sticky Web\n|-unboost|p1a: Ursaluna|spe|1\n|move|p2a: Pikachu|Knock Off|p1a: Ursaluna\n|-damage|p1a: Ursaluna|225/335\n|-enditem|p1a: Ursaluna|Flame Orb|[from] move: Knock Off|[of] p2a: Pikachu\n|\n|upkeep\n|turn|12\n|\n|t:|1782790757\n|-terastallize|p1a: Ursaluna|Normal\n|move|p2a: Pikachu|Surf|p1a: Ursaluna\n|-damage|p1a: Ursaluna|108/335\n|move|p1a: Ursaluna|Headlong Rush|p2a: Pikachu\n|-supereffective|p2a: Pikachu\n|-damage|p2a: Pikachu|0 fnt\n|-unboost|p1a: Ursaluna|def|1\n|-unboost|p1a: Ursaluna|spd|1\n|faint|p2a: Pikachu\n|\n|upkeep\n|\n|t:|1782790765\n|switch|p2a: Houndoom|Houndoom, L87, M|155/272\n|turn|13\n|\n|t:|1782790770\n|move|p2a: Houndoom|Dark Pulse|p1a: Ursaluna\n|-damage|p1a: Ursaluna|0 fnt\n|faint|p1a: Ursaluna\n|\n|upkeep\n|\n|t:|1782790773\n|switch|p1a: Staraptor|Staraptor, L79, F|66/263\n|turn|14\n|\n|t:|1782790774\n|switch|p2a: Scream Tail|Scream Tail, L84|330/330\n|move|p1a: Staraptor|U-turn|p2a: Scream Tail\n|-damage|p2a: Scream Tail|280/330\n|\n|t:|1782790777\n|switch|p1a: Spidops|Spidops, L96, M|66/271|[from] U-turn\n|\n|-heal|p2a: Scream Tail|300/330|[from] item: Leftovers\n|upkeep\n|turn|15\n|\n|t:|1782790780\n|move|p2a: Scream Tail|Play Rough|p1a: Spidops\n|-damage|p1a: Spidops|8/271\n|move|p1a: Spidops|Toxic Spikes|p2a: Scream Tail\n|-sidestart|p2: sleepydolphin7|move: Toxic Spikes\n|\n|-heal|p2a: Scream Tail|320/330|[from] item: Leftovers\n|upkeep\n|turn|16\n|\n|t:|1782790783\n|switch|p1a: Slowking|Slowking-Galar, L85, M|199/300\n|-activate|p1a: Slowking|move: Sticky Web\n|-unboost|p1a: Slowking|spe|1\n|move|p2a: Scream Tail|Play Rough|p1a: Slowking\n|-resisted|p1a: Slowking\n|-damage|p1a: Slowking|160/300\n|\n|-heal|p2a: Scream Tail|330/330|[from] item: Leftovers\n|upkeep\n|turn|17\n|\n|t:|1782790796\n|move|p2a: Scream Tail|Wish|p2a: Scream Tail\n|move|p1a: Slowking|Sludge Bomb|p2a: Scream Tail\n|-supereffective|p2a: Scream Tail\n|-damage|p2a: Scream Tail|162/330\n|\n|-heal|p2a: Scream Tail|182/330|[from] item: Leftovers\n|upkeep\n|turn|18\n|\n|t:|1782790800\n|-end|p2a: Scream Tail|Protosynthesis|[silent]\n|switch|p2a: Houndoom|Houndoom, L87, M|155/272\n|move|p1a: Slowking|Sludge Bomb|p2a: Houndoom\n|-damage|p2a: Houndoom|49/272\n|\n|-heal|p2a: Houndoom|214/272|[from] move: Wish|[wisher] Scream Tail\n|upkeep\n|turn|19\n|\n|t:|1782790806\n|move|p2a: Houndoom|Dark Pulse|p1a: Slowking\n|-supereffective|p1a: Slowking\n|-damage|p1a: Slowking|0 fnt\n|faint|p1a: Slowking\n|\n|upkeep\n|\n|t:|1782790807\n|switch|p1a: Staraptor|Staraptor, L79, F|66/263\n|turn|20\n|\n|t:|1782790810\n|switch|p2a: Scream Tail|Scream Tail, L84|182/330\n|-status|p2a: Scream Tail|psn\n|move|p1a: Staraptor|U-turn|p2a: Scream Tail\n|-damage|p2a: Scream Tail|133/330 psn\n|\n|t:|1782790812\n|switch|p1a: Rhyperior|Rhyperior, L82, F|323/323|[from] U-turn\n|-activate|p1a: Rhyperior|move: Sticky Web\n|-unboost|p1a: Rhyperior|spe|1\n|\n|-heal|p2a: Scream Tail|153/330 psn|[from] item: Leftovers\n|-damage|p2a: Scream Tail|112/330 psn|[from] psn\n|upkeep\n|turn|21\n|\n|t:|1782790815\n|move|p2a: Scream Tail|Play Rough|p1a: Rhyperior\n|-damage|p1a: Rhyperior|268/323\n|move|p1a: Rhyperior|Rock Polish|p1a: Rhyperior\n|-boost|p1a: Rhyperior|spe|2\n|\n|-heal|p2a: Scream Tail|132/330 psn|[from] item: Leftovers\n|-damage|p2a: Scream Tail|91/330 psn|[from] psn\n|upkeep\n|turn|22\n|\n|t:|1782790819\n|move|p2a: Scream Tail|Play Rough|p1a: Rhyperior\n|-damage|p1a: Rhyperior|217/323\n|move|p1a: Rhyperior|Earthquake|p2a: Scream Tail\n|-damage|p2a: Scream Tail|0 fnt\n|faint|p2a: Scream Tail\n|-end|p2a: Scream Tail|Protosynthesis|[silent]\n|\n|upkeep\n|\n|t:|1782790821\n|switch|p2a: Azumarill|Azumarill, L82, F|298/298\n|-status|p2a: Azumarill|psn\n|turn|23\n|\n|t:|1782790824\n|move|p2a: Azumarill|Aqua Jet|p1a: Rhyperior\n|-supereffective|p1a: Rhyperior\n|-damage|p1a: Rhyperior|52/323\n|-enditem|p1a: Rhyperior|Weakness Policy\n|-boost|p1a: Rhyperior|atk|2|[from] item: Weakness Policy\n|-boost|p1a: Rhyperior|spa|2|[from] item: Weakness Policy\n|move|p1a: Rhyperior|Earthquake|p2a: Azumarill\n|-damage|p2a: Azumarill|12/298 psn\n|\n|-damage|p2a: Azumarill|0 fnt|[from] psn\n|faint|p2a: Azumarill\n|upkeep\n|\n|t:|1782790829\n|switch|p2a: Houndoom|Houndoom, L87, M|214/272\n|turn|24\n|\n|t:|1782790839\n|move|p2a: Houndoom|Dark Pulse|p1a: Rhyperior\n|-damage|p1a: Rhyperior|0 fnt\n|faint|p1a: Rhyperior\n|\n|upkeep\n|\n|t:|1782790840\n|switch|p1a: Staraptor|Staraptor, L79, F|66/263\n|turn|25\n|\n|t:|1782790842\n|-terastallize|p2a: Houndoom|Fire\n|move|p1a: Staraptor|Brave Bird|p2a: Houndoom\n|-damage|p2a: Houndoom|0 fnt\n|faint|p2a: Houndoom\n|-damage|p1a: Staraptor|0 fnt|[from] Recoil\n|faint|p1a: Staraptor\n|\n|win|shamu142\n|raw|shamu142's rating: 2147 &rarr; <strong>2169</strong><br />(+22 for winning)\n|raw|sleepydolphin7's rating: 2176 &rarr; <strong>2154</strong><br />(-22 for losing)\n", "inputlog": ">version f8ac14003a5f27e1bdc8d8c59608a773c1cb96e5\n>start {\"formatid\":\"gen9randombattle\",\"seed\":\"sodium,b921157e34549c23cda13e2e526a94c6\",\"rated\":\"Rated battle\"}\n>player p1 {\"name\":\"shamu142\",\"avatar\":\"baker\",\"rating\":2122,\"seed\":\"sodium,a40cea497baf0fa3f8358859bc5ef9f1\"}\n>player p2 {\"name\":\"sleepydolphin7\",\"avatar\":\"aquagrunt-rse\",\"rating\":2176,\"seed\":\"sodium,2fc075152262001f3aa8c3d77ea8eefb\"}\n>p1 switch 3\n>p2 move playrough\n>p1 move stickyweb\n>p2 switch 4\n>p1 move knockoff\n>p2 move psychic\n>p1 switch 6\n>p2 move psychic\n>p1 move sludgebomb\n>p2 move trick\n>p2 switch 3\n>p1 move sludgebomb\n>p2 move darkpulse\n>p1 switch 2\n>p2 move nastyplot\n>p1 move bravebird\n>p2 switch 5\n>p1 move bravebird\n>p2 move strengthsap\n>p2 switch 2\n>p1 switch 2\n>p2 move surf\n>p1 switch 3\n>p2 move knockoff\n>p1 move headlongrush terastallize\n>p2 move surf\n>p2 switch 5\n>p1 move facade\n>p2 move darkpulse\n>p1 switch 2\n>p1 move uturn\n>p2 switch 4\n>p1 switch 6\n>p1 move toxicspikes\n>p2 move playrough\n>p1 switch 3\n>p2 move playrough\n>p1 move sludgebomb\n>p2 move wish\n>p1 move sludgebomb\n>p2 switch 4\n>p1 move sludgebomb\n>p2 move darkpulse\n>p1 switch 6\n>p1 move uturn\n>p2 switch 4\n>p1 switch 5\n>p1 move rockpolish\n>p2 move playrough\n>p1 move earthquake\n>p2 move playrough\n>p2 switch 6\n>p1 move earthquake\n>p2 move aquajet\n>p2 switch 4\n>p1 move earthquake\n>p2 move darkpulse\n>p1 switch 5\n>p1 move bravebird\n>p2 move darkpulse terastallize", "uploadtime": 1782790665, "views": 4, "formatid": "gen9randombattle", "rating": 2154, "private": 0, "password": null, "player_dets": [{"name": "shamu142", "avatar": "baker", "rating": 2122, "seed": "sodium,a40cea497baf0fa3f8358859bc5ef9f1"}, {"name": "sleepydolphin7", "avatar": "aquagrunt-rse", "rating": 2176, "seed": "sodium,2fc075152262001f3aa8c3d77ea8eefb"}], "teams_full": [{"Ursaluna": {"name": "Ursaluna", "species": "Ursaluna", "speciesId": "ursaluna", "gender": "M", "shiny": false, "level": 79, "moves": ["trailblaze", "facade", "swordsdance", "headlongrush"], "ability": "Guts", "evs": {"hp": 85, "atk": 85, "def": 85, "spa": 85, "spd": 85, "spe": 85}, "ivs": {"hp": 31, "atk": 31, "def": 31, "spa": 31, "spd": 31, "spe": 31}, "item": "Flame Orb", "teraType": "Normal", "role": "Bulky Attacker", "bvs": {"hp": 130, "atk": 140, "def": 105, "spa": 45, "spd": 80, "spe": 50}, "stats": {"hp": 335, "atk": 267, "def": 211, "spa": 117, "spd": 172, "spe": 125}, "types": ["Ground", "Normal"]}, "Staraptor": {"name": "Staraptor", "species": "Staraptor", "speciesId": "staraptor", "gender": "F", "shiny": false, "level": 79, "moves": ["closecombat", "uturn", "bravebird", "doubleedge"], "ability": "Reckless", "evs": {"hp": 81, "atk": 85, "def": 85, "spa": 85, "spd": 85, "spe": 85}, "ivs": {"hp": 31, "atk": 31, "def": 31, "spa": 31, "spd": 31, "spe": 31}, "item": "Choice Scarf", "teraType": "Fighting", "role": "Fast Attacker", "bvs": {"hp": 85, "atk": 120, "def": 70, "spa": 50, "spd": 60, "spe": 100}, "stats": {"hp": 263, "atk": 235, "def": 156, "spa": 125, "spd": 140, "spe": 204}, "types": ["Normal", "Flying"]}, "Spidops": {"name": "Spidops", "species": "Spidops", "speciesId": "spidops", "gender": "M", "shiny": false, "level": 96, "moves": ["toxicspikes", "stickyweb", "knockoff", "circlethrow"], "ability": "Stakeout", "evs": {"hp": 85, "atk": 85, "def": 85, "spa": 85, "spd": 85, "spe": 85}, "ivs": {"hp": 31, "atk": 31, "def": 31, "spa": 31, "spd": 31, "spe": 31}, "item": "Heavy-Duty Boots", "teraType": "Ghost", "role": "Bulky Support", "bvs": {"hp": 60, "atk": 79, "def": 92, "spa": 52, "spd": 86, "spe": 35}, "stats": {"hp": 271, "atk": 206, "def": 231, "spa": 154, "spd": 220, "spe": 122}, "types": ["Bug"]}, "Beartic": {"name": "Beartic", "species": "Beartic", "speciesId": "beartic", "gender": "M", "shiny": false, "level": 91, "moves": ["snowscape", "iciclecrash", "earthquake", "swordsdance"], "ability": "Slush Rush", "evs": {"hp": 85, "atk": 85, "def": 85, "spa": 85, "spd": 85, "spe": 85}, "ivs": {"hp": 31, "atk": 31, "def": 31, "spa": 31, "spd": 31, "spe": 31}, "item": "Heavy-Duty Boots", "teraType": "Ground", "role": "Wallbreaker", "bvs": {"hp": 95, "atk": 130, "def": 80, "spa": 70, "spd": 80, "spe": 50}, "stats": {"hp": 321, "atk": 288, "def": 197, "spa": 179, "spd": 197, "spe": 143}, "types": ["Ice"]}, "Rhyperior": {"name": "Rhyperior", "species": "Rhyperior", "speciesId": "rhyperior", "gender": "F", "shiny": false, "level": 82, "moves": ["earthquake", "stoneedge", "rockpolish", "megahorn"], "ability": "Solid Rock", "evs": {"hp": 85, "atk": 85, "def": 85, "spa": 85, "spd": 85, "spe": 85}, "ivs": {"hp": 31, "atk": 31, "def": 31, "spa": 31, "spd": 31, "spe": 31}, "item": "Weakness Policy", "teraType": "Bug", "role": "Bulky Setup", "bvs": {"hp": 115, "atk": 140, "def": 130, "spa": 55, "spd": 55, "spe": 40}, "stats": {"hp": 323, "atk": 277, "def": 260, "spa": 137, "spd": 137, "spe": 113}, "types": ["Ground", "Rock"]}, "Slowking": {"name": "Slowking", "species": "Slowking-Galar", "speciesId": "slowkinggalar", "gender": "M", "shiny": false, "level": 85, "moves": ["surf", "sludgebomb", "fireblast", "psychicnoise"], "ability": "Regenerator", "evs": {"hp": 85, "atk": 0, "def": 85, "spa": 85, "spd": 85, "spe": 85}, "ivs": {"hp": 31, "atk": 0, "def": 31, "spa": 31, "spd": 31, "spe": 31}, "item": "Assault Vest", "teraType": "Fairy", "role": "AV Pivot", "bvs": {"hp": 95, "atk": 65, "def": 80, "spa": 110, "spd": 110, "spe": 30}, "stats": {"hp": 300, "atk": 115, "def": 185, "spa": 236, "spd": 236, "spe": 100}, "types": ["Poison", "Psychic"]}}, {"Scream Tail": {"name": "Scream Tail", "species": "Scream Tail", "speciesId": "screamtail", "gender": "N", "shiny": false, "level": 84, "moves": ["protect", "playrough", "wish", "thunderwave"], "ability": "Protosynthesis", "evs": {"hp": 85, "atk": 85, "def": 85, "spa": 85, "spd": 85, "spe": 85}, "ivs": {"hp": 31, "atk": 31, "def": 31, "spa": 31, "spd": 31, "spe": 31}, "item": "Leftovers", "teraType": "Steel", "role": "Bulky Support", "bvs": {"hp": 115, "atk": 65, "def": 99, "spa": 65, "spd": 115, "spe": 111}, "stats": {"hp": 330, "atk": 157, "def": 215, "spa": 157, "spd": 241, "spe": 235}, "types": ["Fairy", "Psychic"]}, "Pikachu": {"name": "Pikachu", "species": "Pikachu-Partner", "speciesId": "pikachu", "gender": "F", "shiny": false, "level": 93, "moves": ["knockoff", "voltswitch", "surf", "volttackle"], "ability": "Lightning Rod", "evs": {"hp": 85, "atk": 85, "def": 85, "spa": 85, "spd": 85, "spe": 85}, "ivs": {"hp": 31, "atk": 31, "def": 31, "spa": 31, "spd": 31, "spe": 31}, "item": "Light Ball", "teraType": "Water", "role": "Fast Attacker", "bvs": {"hp": 35, "atk": 55, "def": 40, "spa": 50, "spd": 50, "spe": 90}, "stats": {"hp": 216, "atk": 155, "def": 127, "spa": 146, "spd": 146, "spe": 220}, "types": ["Electric"]}, "Houndoom": {"name": "Houndoom", "species": "Houndoom", "speciesId": "houndoom", "gender": "M", "shiny": false, "level": 87, "moves": ["nastyplot", "sludgebomb", "darkpulse", "fireblast"], "ability": "Flash Fire", "evs": {"hp": 85, "atk": 0, "def": 85, "spa": 85, "spd": 85, "spe": 85}, "ivs": {"hp": 31, "atk": 0, "def": 31, "spa": 31, "spd": 31, "spe": 31}, "item": "Heavy-Duty Boots", "teraType": "Fire", "role": "Fast Attacker", "bvs": {"hp": 75, "atk": 90, "def": 50, "spa": 110, "spd": 80, "spe": 95}, "stats": {"hp": 272, "atk": 161, "def": 137, "spa": 241, "spd": 189, "spe": 215}, "types": ["Dark", "Fire"]}, "Espeon": {"name": "Espeon", "species": "Espeon", "speciesId": "espeon", "gender": "M", "shiny": false, "level": 84, "moves": ["psychic", "shadowball", "trick", "alluringvoice"], "ability": "Magic Bounce", "evs": {"hp": 85, "atk": 0, "def": 85, "spa": 85, "spd": 85, "spe": 85}, "ivs": {"hp": 31, "atk": 0, "def": 31, "spa": 31, "spd": 31, "spe": 31}, "item": "Choice Specs", "teraType": "Psychic", "role": "Fast Attacker", "bvs": {"hp": 65, "atk": 65, "def": 60, "spa": 130, "spd": 95, "spe": 110}, "stats": {"hp": 246, "atk": 114, "def": 149, "spa": 267, "spd": 208, "spe": 233}, "types": ["Psychic"]}, "Drifblim": {"name": "Drifblim", "species": "Drifblim", "speciesId": "drifblim", "gender": "F", "shiny": false, "level": 86, "moves": ["defog", "shadowball", "airslash", "strengthsap"], "ability": "Aftermath", "evs": {"hp": 85, "atk": 0, "def": 85, "spa": 85, "spd": 85, "spe": 85}, "ivs": {"hp": 31, "atk": 0, "def": 31, "spa": 31, "spd": 31, "spe": 31}, "item": "Heavy-Duty Boots", "teraType": "Dark", "role": "Bulky Attacker", "bvs": {"hp": 150, "atk": 80, "def": 44, "spa": 90, "spd": 54, "spe": 80}, "stats": {"hp": 398, "atk": 142, "def": 125, "spa": 204, "spd": 142, "spe": 187}, "types": ["Ghost", "Flying"]}, "Azumarill": {"name": "Azumarill", "species": "Azumarill", "speciesId": "azumarill", "gender": "F", "shiny": false, "level": 82, "moves": ["liquidation", "playrough", "aquajet", "icespinner"], "ability": "Huge Power", "evs": {"hp": 85, "atk": 85, "def": 85, "spa": 85, "spd": 85, "spe": 85}, "ivs": {"hp": 31, "atk": 31, "def": 31, "spa": 31, "spd": 31, "spe": 31}, "item": "Choice Band", "teraType": "Water", "role": "Bulky Attacker", "bvs": {"hp": 100, "atk": 50, "def": 80, "spa": 60, "spd": 80, "spe": 50}, "stats": {"hp": 298, "atk": 129, "def": 178, "spa": 146, "spd": 178, "spe": 129}, "types": ["Water", "Fairy"]}}]}