{"id": "gen9randombattle-2641555216", "format": "[Gen 9] Random Battle", "players": ["Hyusu", "ftaochaphet"], "log": "|j|\u2606Hyusu\n|j|\u2606ftaochaphet\n|t:|1782807048\n|gametype|singles\n|player|p1|Hyusu|unknown|2105\n|player|p2|ftaochaphet|170|2189\n|gen|9\n|tier|[Gen 9] Random Battle\n|rated|\n|rule|Species Clause: Limit one of each Pok\u00e9mon\n|rule|HP Percentage Mod: HP is shown in percentages\n|rule|Sleep Clause Mod: Limit one foe put to sleep\n|rule|Illusion Level Mod: Illusion disguises the Pok\u00e9mon's true level\n|\n|t:|1782807048\n|teamsize|p1|6\n|teamsize|p2|6\n|start\n|switch|p1a: Coalossal|Coalossal, L89, M|341/341\n|switch|p2a: Kommo-o|Kommo-o, L78, F|245/245\n|turn|1\n|inactive|Battle timer is ON: inactive players will automatically lose when time's up. (requested by ftaochaphet)\n|\n|t:|1782807053\n|move|p2a: Kommo-o|Swords Dance|p2a: Kommo-o\n|-boost|p2a: Kommo-o|atk|2\n|move|p1a: Coalossal|Will-O-Wisp|p2a: Kommo-o\n|-status|p2a: Kommo-o|brn\n|\n|-damage|p2a: Kommo-o|230/245 brn|[from] brn\n|upkeep\n|turn|2\n|\n|t:|1782807059\n|switch|p1a: Klefki|Klefki, L84, M|233/233\n|move|p2a: Kommo-o|Close Combat|p1a: Klefki\n|-damage|p1a: Klefki|104/233\n|-unboost|p2a: Kommo-o|def|1\n|-unboost|p2a: Kommo-o|spd|1\n|\n|-heal|p1a: Klefki|118/233|[from] item: Leftovers\n|-damage|p2a: Kommo-o|215/245 brn|[from] brn\n|upkeep\n|turn|3\n|\n|t:|1782807068\n|move|p1a: Klefki|Spikes|p2a: Kommo-o\n|-sidestart|p2: ftaochaphet|Spikes\n|move|p2a: Kommo-o|Close Combat|p1a: Klefki\n|-damage|p1a: Klefki|8/233\n|-unboost|p2a: Kommo-o|def|1\n|-unboost|p2a: Kommo-o|spd|1\n|\n|-heal|p1a: Klefki|22/233|[from] item: Leftovers\n|-damage|p2a: Kommo-o|200/245 brn|[from] brn\n|upkeep\n|turn|4\n|\n|t:|1782807075\n|move|p1a: Klefki|Spikes|p2a: Kommo-o\n|-sidestart|p2: ftaochaphet|Spikes\n|move|p2a: Kommo-o|Iron Head|p1a: Klefki\n|-damage|p1a: Klefki|0 fnt\n|faint|p1a: Klefki\n|\n|-damage|p2a: Kommo-o|185/245 brn|[from] brn\n|upkeep\n|\n|t:|1782807084\n|switch|p1a: Hitmonchan|Hitmonchan, L87, M|229/229\n|turn|5\n|\n|t:|1782807091\n|move|p1a: Hitmonchan|Drain Punch|p2a: Kommo-o\n|-damage|p2a: Kommo-o|0 fnt\n|faint|p2a: Kommo-o\n|-damage|p1a: Hitmonchan|207/229|[from] item: Life Orb\n|\n|upkeep\n|\n|t:|1782807101\n|switch|p2a: Cinderace|Cinderace, L77, F|249/249\n|-damage|p2a: Cinderace|208/249|[from] Spikes\n|turn|6\n|\n|t:|1782807105\n|move|p2a: Cinderace|High Jump Kick|p1a: Hitmonchan|[miss]\n|-start|p2a: Cinderace|typechange|Fighting|[from] ability: Libero\n|-miss|p2a: Cinderace|p1a: Hitmonchan\n|-damage|p2a: Cinderace|84/249|[from] highjumpkick\n|move|p1a: Hitmonchan|Drain Punch|p2a: Cinderace\n|-damage|p2a: Cinderace|0 fnt\n|-heal|p1a: Hitmonchan|229/229|[from] drain|[of] p2a: Cinderace\n|faint|p2a: Cinderace\n|-damage|p1a: Hitmonchan|207/229|[from] item: Life Orb\n|\n|upkeep\n|\n|t:|1782807108\n|switch|p2a: Drifblim|Drifblim, L86, M|396/396\n|turn|7\n|\n|t:|1782807117\n|move|p2a: Drifblim|Calm Mind|p2a: Drifblim\n|-boost|p2a: Drifblim|spa|1\n|-boost|p2a: Drifblim|spd|1\n|move|p1a: Hitmonchan|Knock Off|p2a: Drifblim\n|-supereffective|p2a: Drifblim\n|-damage|p2a: Drifblim|74/396\n|-enditem|p2a: Drifblim|Sitrus Berry|[from] move: Knock Off|[of] p1a: Hitmonchan\n|-damage|p1a: Hitmonchan|185/229|[from] item: Life Orb\n|\n|upkeep\n|turn|8\n|\n|t:|1782807135\n|switch|p1a: Crabominable|Crabominable, L90, F|321/321\n|move|p2a: Drifblim|Strength Sap|p1a: Crabominable\n|-unboost|p1a: Crabominable|atk|1\n|-heal|p2a: Drifblim|363/396\n|\n|upkeep\n|turn|9\n|\n|t:|1782807151\n|-terastallize|p2a: Drifblim|Steel\n|move|p2a: Drifblim|Calm Mind|p2a: Drifblim\n|-boost|p2a: Drifblim|spa|1\n|-boost|p2a: Drifblim|spd|1\n|move|p1a: Crabominable|Ice Hammer|p2a: Drifblim\n|-resisted|p2a: Drifblim\n|-damage|p2a: Drifblim|208/396\n|-unboost|p1a: Crabominable|spe|1\n|\n|upkeep\n|turn|10\n|\n|t:|1782807160\n|switch|p1a: Carbink|Carbink, L90|236/236\n|move|p2a: Drifblim|Air Slash|p1a: Carbink\n|-resisted|p1a: Carbink\n|-damage|p1a: Carbink|186/236\n|\n|-heal|p1a: Carbink|200/236|[from] item: Leftovers\n|upkeep\n|turn|11\n|inactive|Hyusu has 120 seconds left.\n|l|\u2606Hyusu\n|inactive|Hyusu disconnected and has a minute to reconnect!\n|player|p1|\n|inactive|Hyusu has 30 seconds to reconnect!\n|inactive|Hyusu has 20 seconds to reconnect!\n|inactive|Hyusu has 15 seconds to reconnect!\n|inactive|Hyusu has 10 seconds to reconnect!\n|inactive|Hyusu has 5 seconds to reconnect!\n|-message|Hyusu lost due to inactivity.\n|\n|win|ftaochaphet\n", "inputlog": ">version f8ac14003a5f27e1bdc8d8c59608a773c1cb96e5\n>start {\"formatid\":\"gen9randombattle\",\"seed\":\"sodium,dd0edc33d1d44fcc9014ed6fb6ecaffb\",\"rated\":\"Rated battle\"}\n>player p1 {\"name\":\"Hyusu\",\"avatar\":\"unknown\",\"rating\":2105,\"seed\":\"sodium,452d82bf43c3e4bf74a10a9efdb00cc3\"}\n>player p2 {\"name\":\"ftaochaphet\",\"avatar\":\"170\",\"rating\":2189,\"seed\":\"sodium,6632c8f43d5bdc62381e1b5caf6d917f\"}\n>p1 move willowisp\n>p2 move swordsdance\n>p1 switch 5\n>p2 move closecombat\n>p1 move spikes\n>p2 move closecombat\n>p1 move spikes\n>p2 move ironhead\n>p1 switch 3\n>p1 move drainpunch\n>p2 move closecombat\n>p2 switch 5\n>p1 move drainpunch\n>p2 move highjumpkick\n>p2 switch 2\n>p1 move knockoff\n>p2 move calmmind\n>p1 switch 2\n>p2 move strengthsap\n>p1 move icehammer\n>p2 move calmmind terastallize\n>p1 switch 6\n>p2 move airslash\n>forcelose p1", "uploadtime": 1782807049, "views": 5, "formatid": "gen9randombattle", "rating": null, "private": 0, "password": null, "player_dets": [{"name": "Hyusu", "avatar": "unknown", "rating": 2105, "seed": "sodium,452d82bf43c3e4bf74a10a9efdb00cc3"}, {"name": "ftaochaphet", "avatar": "170", "rating": 2189, "seed": "sodium,6632c8f43d5bdc62381e1b5caf6d917f"}], "teams_full": [{"Coalossal": {"name": "Coalossal", "species": "Coalossal", "speciesId": "coalossal", "gender": "M", "shiny": false, "level": 89, "moves": ["rapidspin", "willowisp", "stoneedge", "flamethrower"], "ability": "Flame Body", "evs": {"hp": 85, "atk": 85, "def": 85, "spa": 85, "spd": 85, "spe": 85}, "ivs": {"hp": 31, "atk": 31, "def": 31, "spa": 31, "spd": 31, "spe": 31}, "item": "Heavy-Duty Boots", "teraType": "Ghost", "role": "Bulky Support", "bvs": {"hp": 110, "atk": 80, "def": 120, "spa": 80, "spd": 90, "spe": 30}, "stats": {"hp": 341, "atk": 193, "def": 264, "spa": 193, "spd": 211, "spe": 104}, "types": ["Rock", "Fire"]}, "Crabominable": {"name": "Crabominable", "species": "Crabominable", "speciesId": "crabominable", "gender": "F", "shiny": false, "level": 90, "moves": ["earthquake", "knockoff", "icehammer", "closecombat"], "ability": "Iron Fist", "evs": {"hp": 85, "atk": 85, "def": 85, "spa": 85, "spd": 85, "spe": 85}, "ivs": {"hp": 31, "atk": 31, "def": 31, "spa": 31, "spd": 31, "spe": 31}, "item": "Choice Band", "teraType": "Ground", "role": "Wallbreaker", "bvs": {"hp": 97, "atk": 132, "def": 77, "spa": 62, "spd": 67, "spe": 43}, "stats": {"hp": 321, "atk": 289, "def": 190, "spa": 163, "spd": 172, "spe": 129}, "types": ["Fighting", "Ice"]}, "Hitmonchan": {"name": "Hitmonchan", "species": "Hitmonchan", "speciesId": "hitmonchan", "gender": "M", "shiny": false, "level": 87, "moves": ["knockoff", "swordsdance", "icepunch", "drainpunch"], "ability": "Iron Fist", "evs": {"hp": 85, "atk": 85, "def": 85, "spa": 85, "spd": 85, "spe": 85}, "ivs": {"hp": 31, "atk": 31, "def": 31, "spa": 31, "spd": 31, "spe": 31}, "item": "Life Orb", "teraType": "Fighting", "role": "Setup Sweeper", "bvs": {"hp": 50, "atk": 105, "def": 79, "spa": 35, "spd": 110, "spe": 76}, "stats": {"hp": 229, "atk": 232, "def": 187, "spa": 111, "spd": 241, "spe": 182}, "types": ["Fighting"]}, "Furret": {"name": "Furret", "species": "Furret", "speciesId": "furret", "gender": "F", "shiny": false, "level": 94, "moves": ["brickbreak", "knockoff", "doubleedge", "tidyup"], "ability": "Frisk", "evs": {"hp": 85, "atk": 85, "def": 85, "spa": 85, "spd": 85, "spe": 85}, "ivs": {"hp": 31, "atk": 31, "def": 31, "spa": 31, "spd": 31, "spe": 31}, "item": "Life Orb", "teraType": "Ghost", "role": "Setup Sweeper", "bvs": {"hp": 85, "atk": 76, "def": 64, "spa": 45, "spd": 55, "spe": 90}, "stats": {"hp": 312, "atk": 196, "def": 174, "spa": 138, "spd": 157, "spe": 223}, "types": ["Normal"]}, "Klefki": {"name": "Klefki", "species": "Klefki", "speciesId": "klefki", "gender": "M", "shiny": false, "level": 84, "moves": ["magnetrise", "playrough", "thunderwave", "spikes"], "ability": "Prankster", "evs": {"hp": 85, "atk": 85, "def": 85, "spa": 85, "spd": 85, "spe": 85}, "ivs": {"hp": 31, "atk": 31, "def": 31, "spa": 31, "spd": 31, "spe": 31}, "item": "Leftovers", "teraType": "Water", "role": "Bulky Support", "bvs": {"hp": 57, "atk": 80, "def": 91, "spa": 80, "spd": 87, "spe": 75}, "stats": {"hp": 233, "atk": 183, "def": 201, "spa": 183, "spd": 194, "spe": 174}, "types": ["Steel", "Fairy"]}, "Carbink": {"name": "Carbink", "species": "Carbink", "speciesId": "carbink", "gender": "N", "shiny": false, "level": 90, "moves": ["moonblast", "bodypress", "rockpolish", "irondefense"], "ability": "Clear Body", "evs": {"hp": 85, "atk": 0, "def": 85, "spa": 85, "spd": 85, "spe": 85}, "ivs": {"hp": 31, "atk": 0, "def": 31, "spa": 31, "spd": 31, "spe": 31}, "item": "Leftovers", "teraType": "Fighting", "role": "Fast Bulky Setup", "bvs": {"hp": 50, "atk": 50, "def": 150, "spa": 50, "spd": 150, "spe": 50}, "stats": {"hp": 236, "atk": 95, "def": 321, "spa": 141, "spd": 321, "spe": 141}, "types": ["Rock", "Fairy"]}}, {"Kommo-o": {"name": "Kommo-o", "species": "Kommo-o", "speciesId": "kommoo", "gender": "F", "shiny": false, "level": 78, "moves": ["scaleshot", "ironhead", "closecombat", "swordsdance"], "ability": "Soundproof", "evs": {"hp": 85, "atk": 85, "def": 85, "spa": 85, "spd": 85, "spe": 85}, "ivs": {"hp": 31, "atk": 31, "def": 31, "spa": 31, "spd": 31, "spe": 31}, "item": "Loaded Dice", "teraType": "Steel", "role": "Setup Sweeper", "bvs": {"hp": 75, "atk": 110, "def": 125, "spa": 100, "spd": 105, "spe": 85}, "stats": {"hp": 245, "atk": 217, "def": 240, "spa": 201, "spd": 209, "spe": 178}, "types": ["Dragon", "Fighting"]}, "Drifblim": {"name": "Drifblim", "species": "Drifblim", "speciesId": "drifblim", "gender": "M", "shiny": false, "level": 86, "moves": ["strengthsap", "airslash", "shadowball", "calmmind"], "ability": "Unburden", "evs": {"hp": 73, "atk": 0, "def": 85, "spa": 85, "spd": 85, "spe": 85}, "ivs": {"hp": 31, "atk": 0, "def": 31, "spa": 31, "spd": 31, "spe": 31}, "item": "Sitrus Berry", "teraType": "Steel", "role": "Bulky Attacker", "bvs": {"hp": 150, "atk": 80, "def": 44, "spa": 90, "spd": 54, "spe": 80}, "stats": {"hp": 396, "atk": 142, "def": 125, "spa": 204, "spd": 142, "spe": 187}, "types": ["Ghost", "Flying"]}, "Snorlax": {"name": "Snorlax", "species": "Snorlax", "speciesId": "snorlax", "gender": "M", "shiny": false, "level": 82, "moves": ["curse", "bodyslam", "sleeptalk", "rest"], "ability": "Thick Fat", "evs": {"hp": 85, "atk": 85, "def": 85, "spa": 85, "spd": 85, "spe": 85}, "ivs": {"hp": 31, "atk": 31, "def": 31, "spa": 31, "spd": 31, "spe": 31}, "item": "Leftovers", "teraType": "Fairy", "role": "Bulky Attacker", "bvs": {"hp": 160, "atk": 110, "def": 65, "spa": 65, "spd": 110, "spe": 30}, "stats": {"hp": 397, "atk": 228, "def": 154, "spa": 154, "spd": 228, "spe": 96}, "types": ["Normal"]}, "Blastoise": {"name": "Blastoise", "species": "Blastoise", "speciesId": "blastoise", "gender": "F", "shiny": false, "level": 80, "moves": ["icebeam", "terablast", "shellsmash", "hydropump"], "ability": "Torrent", "evs": {"hp": 85, "atk": 0, "def": 85, "spa": 85, "spd": 85, "spe": 85}, "ivs": {"hp": 31, "atk": 0, "def": 31, "spa": 31, "spd": 31, "spe": 31}, "item": "White Herb", "teraType": "Grass", "role": "Tera Blast user", "bvs": {"hp": 79, "atk": 83, "def": 100, "spa": 85, "spd": 105, "spe": 78}, "stats": {"hp": 258, "atk": 137, "def": 206, "spa": 182, "spd": 214, "spe": 171}, "types": ["Water"]}, "Cinderace": {"name": "Cinderace", "species": "Cinderace", "speciesId": "cinderace", "gender": "F", "shiny": false, "level": 77, "moves": ["highjumpkick", "uturn", "pyroball", "gunkshot"], "ability": "Libero", "evs": {"hp": 81, "atk": 85, "def": 85, "spa": 85, "spd": 85, "spe": 85}, "ivs": {"hp": 31, "atk": 31, "def": 31, "spa": 31, "spd": 31, "spe": 31}, "item": "Choice Band", "teraType": "Fighting", "role": "Fast Attacker", "bvs": {"hp": 80, "atk": 116, "def": 75, "spa": 65, "spd": 75, "spe": 119}, "stats": {"hp": 249, "atk": 223, "def": 160, "spa": 145, "spd": 160, "spe": 228}, "types": ["Fire"]}, "Cresselia": {"name": "Cresselia", "species": "Cresselia", "speciesId": "cresselia", "gender": "F", "shiny": false, "level": 80, "moves": ["moonblast", "moonlight", "psyshock", "calmmind"], "ability": "Levitate", "evs": {"hp": 85, "atk": 0, "def": 85, "spa": 85, "spd": 85, "spe": 85}, "ivs": {"hp": 31, "atk": 0, "def": 31, "spa": 31, "spd": 31, "spe": 31}, "item": "Leftovers", "teraType": "Poison", "role": "Bulky Setup", "bvs": {"hp": 120, "atk": 70, "def": 110, "spa": 75, "spd": 120, "spe": 85}, "stats": {"hp": 323, "atk": 117, "def": 222, "spa": 166, "spd": 238, "spe": 182}, "types": ["Psychic"]}}]}