{"id": "gen9randombattle-2641602011", "format": "[Gen 9] Random Battle", "players": ["scorching hot", "yusei1789"], "log": "|badge|p1|bronze|gen9randombattle|100-9\n|html|<div class=\"broadcast-red\"><strong>This battle is required to be public due to one or more player having a season medal.</strong><br />During the public phase, you can discuss the state of the ladder <a href=\"/seasondiscussion\">in a special chatroom.</a></div>\n|uhtml|medal-msg|<div class=\"broadcast-blue\">Curious what those medals under the avatar are? PS now has Ladder Seasons! For more information, check out the <a href=\"https://www.smogon.com/forums/threads/3740067/\">thread on Smogon.</a></div>\n|raw|<div class=\"broadcast-blue\"><strong>This battle is required to be public due to a player having a name starting with 'medal'.</div>\n|j|\u2606scorching hot\n|j|\u2606yusei1789\n|t:|1782816701\n|gametype|singles\n|player|p1|scorching hot|flannery|2335\n|player|p2|yusei1789|170|2271\n|gen|9\n|tier|[Gen 9] Random Battle\n|rated|\n|rule|Species Clause: Limit one of each Pok\u00e9mon\n|rule|HP Percentage Mod: HP is shown in percentages\n|rule|Sleep Clause Mod: Limit one foe put to sleep\n|rule|Illusion Level Mod: Illusion disguises the Pok\u00e9mon's true level\n|\n|t:|1782816701\n|teamsize|p1|6\n|teamsize|p2|6\n|start\n|switch|p1a: Registeel|Registeel, L81|262/262\n|switch|p2a: Illumise|Illumise, L91, F|266/266\n|turn|1\n|inactive|Battle timer is ON: inactive players will automatically lose when time's up. (requested by yusei1789)\n|inactive|scorching hot has 120 seconds left.\n|inactive|scorching hot has 90 seconds left.\n|\n|t:|1782816777\n|move|p2a: Illumise|Thunder Wave|p1a: Registeel\n|-status|p1a: Registeel|par\n|cant|p1a: Registeel|par\n|\n|upkeep\n|turn|2\n|\n|t:|1782816784\n|switch|p2a: Sandslash|Sandslash, L89, F|278/278\n|move|p1a: Registeel|Iron Head|p2a: Sandslash\n|-damage|p2a: Sandslash|226/278\n|\n|-heal|p2a: Sandslash|243/278|[from] item: Leftovers\n|upkeep\n|turn|3\n|\n|t:|1782816807\n|switch|p1a: Golduck|Golduck, L90, F|290/290\n|-ability|p1a: Golduck|Cloud Nine\n|move|p2a: Sandslash|Spikes|p1a: Golduck\n|-sidestart|p1: scorching hot|Spikes\n|\n|-heal|p2a: Sandslash|260/278|[from] item: Leftovers\n|upkeep\n|turn|4\n|\n|t:|1782816832\n|switch|p2a: Meowstic|Meowstic, L89, M|277/277\n|move|p1a: Golduck|Flip Turn|p2a: Meowstic\n|-damage|p2a: Meowstic|214/277\n|\n|t:|1782816841\n|switch|p1a: Registeel|Registeel, L81|262/262 par|[from] Flip Turn\n|-damage|p1a: Registeel|230/262 par|[from] Spikes\n|\n|upkeep\n|turn|5\n|\n|t:|1782816849\n|switch|p2a: Sandslash|Sandslash, L89, F|260/278\n|cant|p1a: Registeel|par\n|\n|-heal|p2a: Sandslash|277/278|[from] item: Leftovers\n|upkeep\n|turn|6\n|\n|t:|1782816856\n|move|p2a: Sandslash|Spikes|p1a: Registeel\n|-sidestart|p1: scorching hot|Spikes\n|move|p1a: Registeel|Iron Defense|p1a: Registeel\n|-boost|p1a: Registeel|def|2\n|\n|-heal|p2a: Sandslash|278/278|[from] item: Leftovers\n|upkeep\n|turn|7\n|\n|t:|1782816868\n|switch|p2a: Illumise|Illumise, L91, F|266/266\n|cant|p1a: Registeel|par\n|\n|upkeep\n|turn|8\n|\n|t:|1782816874\n|move|p2a: Illumise|Encore|p1a: Registeel\n|-start|p1a: Registeel|Encore\n|move|p1a: Registeel|Iron Defense|p1a: Registeel\n|-boost|p1a: Registeel|def|2\n|\n|upkeep\n|turn|9\n|\n|t:|1782816881\n|move|p2a: Illumise|Bug Buzz|p1a: Registeel\n|-resisted|p1a: Registeel\n|-damage|p1a: Registeel|197/262 par\n|move|p1a: Registeel|Iron Defense|p1a: Registeel\n|-boost|p1a: Registeel|def|2\n|\n|upkeep\n|turn|10\n|\n|t:|1782816899\n|switch|p1a: Volcanion|Volcanion, L79|255/255\n|-damage|p1a: Volcanion|213/255|[from] Spikes\n|move|p2a: Illumise|Bug Buzz|p1a: Volcanion\n|-resisted|p1a: Volcanion\n|-damage|p1a: Volcanion|179/255\n|-unboost|p1a: Volcanion|spd|1\n|\n|upkeep\n|turn|11\n|\n|t:|1782816919\n|switch|p2a: Meowstic|Meowstic, L89, M|214/277\n|move|p1a: Volcanion|Steam Eruption|p2a: Meowstic\n|-damage|p2a: Meowstic|94/277\n|-status|p2a: Meowstic|brn\n|\n|-damage|p2a: Meowstic|77/277 brn|[from] brn\n|upkeep\n|turn|12\n|\n|t:|1782816928\n|switch|p1a: Registeel|Registeel, L81|197/262 par\n|-damage|p1a: Registeel|154/262 par|[from] Spikes\n|move|p2a: Meowstic|Light Screen|p2a: Meowstic\n|-sidestart|p2: yusei1789|move: Light Screen\n|\n|-damage|p2a: Meowstic|60/277 brn|[from] brn\n|upkeep\n|turn|13\n|\n|t:|1782816939\n|move|p2a: Meowstic|Psychic Noise|p1a: Registeel\n|-resisted|p1a: Registeel\n|-damage|p1a: Registeel|127/262 par\n|-start|p1a: Registeel|move: Heal Block\n|move|p1a: Registeel|Iron Defense|p1a: Registeel\n|-boost|p1a: Registeel|def|2\n|\n|-damage|p2a: Meowstic|43/277 brn|[from] brn\n|upkeep\n|turn|14\n|\n|t:|1782816956\n|switch|p2a: Illumise|Illumise, L91, F|266/266\n|move|p1a: Registeel|Iron Head|p2a: Illumise\n|-damage|p2a: Illumise|203/266\n|\n|-end|p1a: Registeel|move: Heal Block\n|upkeep\n|turn|15\n|\n|t:|1782816967\n|move|p2a: Illumise|Encore|p1a: Registeel\n|-start|p1a: Registeel|Encore\n|move|p1a: Registeel|Iron Head|p2a: Illumise\n|-damage|p2a: Illumise|131/266\n|\n|upkeep\n|turn|16\n|\n|t:|1782816972\n|move|p2a: Illumise|Bug Buzz|p1a: Registeel\n|-resisted|p1a: Registeel\n|-damage|p1a: Registeel|99/262 par\n|cant|p1a: Registeel|par\n|\n|upkeep\n|turn|17\n|\n|t:|1782816976\n|move|p2a: Illumise|Bug Buzz|p1a: Registeel\n|-resisted|p1a: Registeel\n|-damage|p1a: Registeel|68/262 par\n|move|p1a: Registeel|Iron Head|p2a: Illumise\n|-damage|p2a: Illumise|58/266\n|\n|-end|p1a: Registeel|Encore\n|upkeep\n|turn|18\n|\n|t:|1782816981\n|move|p2a: Illumise|Encore|p1a: Registeel\n|-start|p1a: Registeel|Encore\n|move|p1a: Registeel|Iron Head|p2a: Illumise\n|-damage|p2a: Illumise|0 fnt\n|faint|p2a: Illumise\n|\n|upkeep\n|\n|t:|1782816988\n|switch|p2a: Arcanine|Arcanine-Hisui, L79, F|280/280\n|turn|19\n|\n|t:|1782816998\n|move|p2a: Arcanine|Flare Blitz|p1a: Registeel\n|-supereffective|p1a: Registeel\n|-damage|p1a: Registeel|0 fnt\n|faint|p1a: Registeel\n|\n|-sideend|p2: yusei1789|move: Light Screen\n|upkeep\n|\n|t:|1782817000\n|switch|p1a: Golduck|Golduck, L90, F|290/290\n|-damage|p1a: Golduck|242/290|[from] Spikes\n|-ability|p1a: Golduck|Cloud Nine\n|turn|20\n|\n|t:|1782817010\n|-terastallize|p2a: Arcanine|Grass\n|move|p1a: Golduck|Hydro Pump|p2a: Arcanine\n|-resisted|p2a: Arcanine\n|-damage|p2a: Arcanine|169/280\n|move|p2a: Arcanine|Head Smash|p1a: Golduck|[miss]\n|-miss|p2a: Arcanine|p1a: Golduck\n|\n|upkeep\n|turn|21\n|\n|t:|1782817025\n|switch|p1a: Probopass|Probopass, L91, M|257/257\n|-damage|p1a: Probopass|215/257|[from] Spikes\n|move|p2a: Arcanine|Head Smash|p1a: Probopass\n|-resisted|p1a: Probopass\n|-damage|p1a: Probopass|166/257\n|\n|-heal|p1a: Probopass|182/257|[from] item: Leftovers\n|upkeep\n|turn|22\n|\n|t:|1782817036\n|switch|p2a: Sandslash|Sandslash, L89, F|278/278\n|move|p1a: Probopass|Iron Defense|p1a: Probopass\n|-boost|p1a: Probopass|def|2\n|\n|-heal|p1a: Probopass|198/257|[from] item: Leftovers\n|upkeep\n|turn|23\n|\n|t:|1782817057\n|-terastallize|p1a: Probopass|Fighting\n|move|p2a: Sandslash|Earthquake|p1a: Probopass\n|-crit|p1a: Probopass\n|-damage|p1a: Probopass|78/257\n|move|p1a: Probopass|Body Press|p2a: Sandslash\n|-damage|p2a: Sandslash|49/278\n|\n|-heal|p2a: Sandslash|66/278|[from] item: Leftovers\n|-heal|p1a: Probopass|94/257|[from] item: Leftovers\n|upkeep\n|turn|24\n|\n|t:|1782817064\n|move|p2a: Sandslash|Spikes|p1a: Probopass\n|-sidestart|p1: scorching hot|Spikes\n|move|p1a: Probopass|Body Press|p2a: Sandslash\n|-damage|p2a: Sandslash|0 fnt\n|faint|p2a: Sandslash\n|\n|-heal|p1a: Probopass|110/257|[from] item: Leftovers\n|upkeep\n|\n|t:|1782817066\n|switch|p2a: Shiftry|Shiftry, L89, M|305/305\n|turn|25\n|-message|yusei1789 forfeited.\n|\n|win|scorching hot\n|raw|scorching hot's rating: 2335 &rarr; <strong>2351</strong><br />(+16 for winning)\n|raw|yusei1789's rating: 2271 &rarr; <strong>2255</strong><br />(-16 for losing)\n", "inputlog": ">version f8ac14003a5f27e1bdc8d8c59608a773c1cb96e5\n>start {\"formatid\":\"gen9randombattle\",\"seed\":\"sodium,78108b947268b52e5d842f59460fc1ab\",\"rated\":\"Rated battle\"}\n>player p1 {\"name\":\"scorching hot\",\"avatar\":\"flannery\",\"rating\":2335,\"seed\":\"sodium,4f8f9f0be58180674fad8fe119a2b2dc\"}\n>player p2 {\"name\":\"yusei1789\",\"avatar\":\"170\",\"rating\":2271,\"seed\":\"sodium,24336de0eff1c721bd9fa9257fc5d295\"}\n>p1 move ironhead\n>p2 move thunderwave\n>p1 move ironhead\n>p2 switch 3\n>p1 switch 3\n>p2 move spikes\n>p1 move flipturn\n>p2 switch 5\n>p1 switch 3\n>p1 move irondefense\n>p2 switch 5\n>p1 move irondefense\n>p2 move spikes\n>p1 move ironhead\n>p2 switch 3\n>p1 move ironhead\n>p2 move encore\n>p1 move irondefense\n>p2 move bugbuzz\n>p1 switch 2\n>p2 move bugbuzz\n>p1 move steameruption\n>p2 switch 5\n>p1 switch 2\n>p2 move lightscreen\n>p1 move irondefense\n>p2 move psychicnoise\n>p1 move ironhead\n>p2 switch 5\n>p1 move ironhead\n>p2 move encore\n>p1 move ironhead\n>p2 move bugbuzz\n>p1 move ironhead\n>p2 move bugbuzz\n>p1 move rest\n>p2 move encore\n>p2 switch 2\n>p1 move ironhead\n>p2 move flareblitz\n>p1 switch 3\n>p1 move hydropump\n>p2 move headsmash terastallize\n>p1 switch 4\n>p2 move headsmash\n>p1 move irondefense\n>p2 switch 3\n>p1 move bodypress terastallize\n>p2 move earthquake\n>p1 move bodypress\n>p2 move spikes\n>p2 switch 4\n>forcelose p2", "uploadtime": 1782816706, "views": 5, "formatid": "gen9randombattle", "rating": 2255, "private": 0, "password": null, "player_dets": [{"name": "scorching hot", "avatar": "flannery", "rating": 2335, "seed": "sodium,4f8f9f0be58180674fad8fe119a2b2dc"}, {"name": "yusei1789", "avatar": "170", "rating": 2271, "seed": "sodium,24336de0eff1c721bd9fa9257fc5d295"}], "teams_full": [{"Registeel": {"name": "Registeel", "species": "Registeel", "speciesId": "registeel", "gender": "N", "shiny": false, "level": 81, "moves": ["ironhead", "rest", "bodypress", "irondefense"], "ability": "Clear Body", "evs": {"hp": 85, "atk": 85, "def": 85, "spa": 85, "spd": 85, "spe": 85}, "ivs": {"hp": 31, "atk": 31, "def": 31, "spa": 31, "spd": 31, "spe": 31}, "item": "Chesto Berry", "teraType": "Fighting", "role": "Bulky Setup", "bvs": {"hp": 80, "atk": 75, "def": 150, "spa": 75, "spd": 150, "spe": 50}, "stats": {"hp": 262, "atk": 168, "def": 290, "spa": 168, "spd": 290, "spe": 128}, "types": ["Steel"]}, "Volcanion": {"name": "Volcanion", "species": "Volcanion", "speciesId": "volcanion", "gender": "N", "shiny": false, "level": 79, "moves": ["steameruption", "earthpower", "flamecharge", "flamethrower"], "ability": "Water Absorb", "evs": {"hp": 81, "atk": 85, "def": 85, "spa": 85, "spd": 85, "spe": 85}, "ivs": {"hp": 31, "atk": 31, "def": 31, "spa": 31, "spd": 31, "spe": 31}, "item": "Assault Vest", "teraType": "Fire", "role": "Bulky Attacker", "bvs": {"hp": 80, "atk": 110, "def": 120, "spa": 130, "spd": 90, "spe": 70}, "stats": {"hp": 255, "atk": 219, "def": 235, "spa": 251, "spd": 188, "spe": 156}, "types": ["Fire", "Water"]}, "Golduck": {"name": "Golduck", "species": "Golduck", "speciesId": "golduck", "gender": "F", "shiny": false, "level": 90, "moves": ["icebeam", "hydropump", "grassknot", "flipturn"], "ability": "Cloud Nine", "evs": {"hp": 85, "atk": 85, "def": 85, "spa": 85, "spd": 85, "spe": 85}, "ivs": {"hp": 31, "atk": 31, "def": 31, "spa": 31, "spd": 31, "spe": 31}, "item": "Choice Specs", "teraType": "Grass", "role": "Fast Attacker", "bvs": {"hp": 80, "atk": 82, "def": 78, "spa": 95, "spd": 80, "spe": 85}, "stats": {"hp": 290, "atk": 199, "def": 192, "spa": 222, "spd": 195, "spe": 204}, "types": ["Water"]}, "Probopass": {"name": "Probopass", "species": "Probopass", "speciesId": "probopass", "gender": "M", "shiny": false, "level": 91, "moves": ["flashcannon", "powergem", "bodypress", "irondefense"], "ability": "Magnet Pull", "evs": {"hp": 85, "atk": 0, "def": 85, "spa": 85, "spd": 85, "spe": 85}, "ivs": {"hp": 31, "atk": 0, "def": 31, "spa": 31, "spd": 31, "spe": 31}, "item": "Leftovers", "teraType": "Fighting", "role": "Bulky Setup", "bvs": {"hp": 60, "atk": 55, "def": 145, "spa": 75, "spd": 150, "spe": 40}, "stats": {"hp": 257, "atk": 105, "def": 316, "spa": 188, "spd": 325, "spe": 125}, "types": ["Rock", "Steel"]}, "Venomoth": {"name": "Venomoth", "species": "Venomoth", "speciesId": "venomoth", "gender": "M", "shiny": false, "level": 84, "moves": ["bugbuzz", "quiverdance", "sleeppowder", "sludgewave"], "ability": "Tinted Lens", "evs": {"hp": 85, "atk": 0, "def": 85, "spa": 85, "spd": 85, "spe": 85}, "ivs": {"hp": 31, "atk": 0, "def": 31, "spa": 31, "spd": 31, "spe": 31}, "item": "Heavy-Duty Boots", "teraType": "Poison", "role": "Setup Sweeper", "bvs": {"hp": 70, "atk": 65, "def": 60, "spa": 90, "spd": 75, "spe": 90}, "stats": {"hp": 255, "atk": 114, "def": 149, "spa": 199, "spd": 174, "spe": 199}, "types": ["Bug", "Poison"]}, "Mimikyu": {"name": "Mimikyu", "species": "Mimikyu", "speciesId": "mimikyu", "gender": "M", "shiny": false, "level": 79, "moves": ["swordsdance", "playrough", "drainpunch", "shadowsneak"], "ability": "Disguise", "evs": {"hp": 85, "atk": 85, "def": 85, "spa": 85, "spd": 85, "spe": 85}, "ivs": {"hp": 31, "atk": 31, "def": 31, "spa": 31, "spd": 31, "spe": 31}, "item": "Life Orb", "teraType": "Fighting", "role": "Setup Sweeper", "bvs": {"hp": 55, "atk": 90, "def": 80, "spa": 50, "spd": 105, "spe": 96}, "stats": {"hp": 216, "atk": 188, "def": 172, "spa": 125, "spd": 211, "spe": 197}, "types": ["Ghost", "Fairy"]}}, {"Illumise": {"name": "Illumise", "species": "Illumise", "speciesId": "illumise", "gender": "F", "shiny": false, "level": 91, "moves": ["roost", "thunderwave", "bugbuzz", "encore"], "ability": "Prankster", "evs": {"hp": 85, "atk": 0, "def": 85, "spa": 85, "spd": 85, "spe": 85}, "ivs": {"hp": 31, "atk": 0, "def": 31, "spa": 31, "spd": 31, "spe": 31}, "item": "Heavy-Duty Boots", "teraType": "Water", "role": "Bulky Support", "bvs": {"hp": 65, "atk": 47, "def": 75, "spa": 73, "spd": 85, "spe": 85}, "stats": {"hp": 266, "atk": 90, "def": 188, "spa": 185, "spd": 207, "spe": 207}, "types": ["Bug"]}, "Arcanine": {"name": "Arcanine", "species": "Arcanine-Hisui", "speciesId": "arcaninehisui", "gender": "F", "shiny": false, "level": 79, "moves": ["morningsun", "headsmash", "flareblitz", "extremespeed"], "ability": "Rock Head", "evs": {"hp": 85, "atk": 85, "def": 85, "spa": 85, "spd": 85, "spe": 85}, "ivs": {"hp": 31, "atk": 31, "def": 31, "spa": 31, "spd": 31, "spe": 31}, "item": "Heavy-Duty Boots", "teraType": "Grass", "role": "Bulky Attacker", "bvs": {"hp": 95, "atk": 115, "def": 80, "spa": 95, "spd": 80, "spe": 90}, "stats": {"hp": 280, "atk": 227, "def": 172, "spa": 196, "spd": 172, "spe": 188}, "types": ["Fire", "Rock"]}, "Sandslash": {"name": "Sandslash", "species": "Sandslash", "speciesId": "sandslash", "gender": "F", "shiny": false, "level": 89, "moves": ["stoneedge", "spikes", "earthquake", "rapidspin"], "ability": "Sand Rush", "evs": {"hp": 85, "atk": 85, "def": 85, "spa": 85, "spd": 85, "spe": 85}, "ivs": {"hp": 31, "atk": 31, "def": 31, "spa": 31, "spd": 31, "spe": 31}, "item": "Leftovers", "teraType": "Steel", "role": "Bulky Support", "bvs": {"hp": 75, "atk": 100, "def": 110, "spa": 45, "spd": 55, "spe": 65}, "stats": {"hp": 278, "atk": 229, "def": 247, "spa": 131, "spd": 149, "spe": 166}, "types": ["Ground"]}, "Shiftry": {"name": "Shiftry", "species": "Shiftry", "speciesId": "shiftry", "gender": "M", "shiny": false, "level": 89, "moves": ["suckerpunch", "leafblade", "knockoff", "swordsdance"], "ability": "Wind Rider", "evs": {"hp": 85, "atk": 85, "def": 85, "spa": 85, "spd": 85, "spe": 85}, "ivs": {"hp": 31, "atk": 31, "def": 31, "spa": 31, "spd": 31, "spe": 31}, "item": "Life Orb", "teraType": "Dark", "role": "Fast Bulky Setup", "bvs": {"hp": 90, "atk": 100, "def": 60, "spa": 90, "spd": 60, "spe": 80}, "stats": {"hp": 305, "atk": 229, "def": 158, "spa": 211, "spd": 158, "spe": 193}, "types": ["Grass", "Dark"]}, "Meowstic": {"name": "Meowstic", "species": "Meowstic", "speciesId": "meowstic", "gender": "M", "shiny": false, "level": 89, "moves": ["lightscreen", "psychicnoise", "reflect", "alluringvoice"], "ability": "Prankster", "evs": {"hp": 85, "atk": 0, "def": 85, "spa": 85, "spd": 85, "spe": 85}, "ivs": {"hp": 31, "atk": 0, "def": 31, "spa": 31, "spd": 31, "spe": 31}, "item": "Light Clay", "teraType": "Fairy", "role": "Bulky Support", "bvs": {"hp": 74, "atk": 48, "def": 76, "spa": 83, "spd": 81, "spe": 104}, "stats": {"hp": 277, "atk": 90, "def": 186, "spa": 199, "spd": 195, "spe": 236}, "types": ["Psychic"]}, "Virizion": {"name": "Virizion", "species": "Virizion", "speciesId": "virizion", "gender": "N", "shiny": false, "level": 82, "moves": ["stoneedge", "closecombat", "leafblade", "swordsdance"], "ability": "Justified", "evs": {"hp": 85, "atk": 85, "def": 85, "spa": 85, "spd": 85, "spe": 85}, "ivs": {"hp": 31, "atk": 31, "def": 31, "spa": 31, "spd": 31, "spe": 31}, "item": "Life Orb", "teraType": "Rock", "role": "Setup Sweeper", "bvs": {"hp": 91, "atk": 90, "def": 72, "spa": 90, "spd": 129, "spe": 108}, "stats": {"hp": 283, "atk": 195, "def": 165, "spa": 195, "spd": 259, "spe": 224}, "types": ["Grass", "Fighting"]}}]}