{"id": "gen9randombattle-2641612717", "format": "[Gen 9] Random Battle", "players": ["notmetbh102", "Drop a nickname"], "log": "|j|\u2606notmetbh102\n|j|\u2606Drop a nickname\n|t:|1782818739\n|gametype|singles\n|player|p1|notmetbh102|170|2060\n|player|p2|Drop a nickname|265|2112\n|gen|9\n|tier|[Gen 9] Random Battle\n|rated|\n|rule|Species Clause: Limit one of each Pok\u00e9mon\n|rule|HP Percentage Mod: HP is shown in percentages\n|rule|Sleep Clause Mod: Limit one foe put to sleep\n|rule|Illusion Level Mod: Illusion disguises the Pok\u00e9mon's true level\n|\n|t:|1782818739\n|teamsize|p1|6\n|teamsize|p2|6\n|start\n|switch|p1a: Manaphy|Manaphy, L78|284/284\n|switch|p2a: Persian|Persian, L92, F|269/269\n|turn|1\n|inactive|Battle timer is ON: inactive players will automatically lose when time's up. (requested by notmetbh102)\n|c|\u2606notmetbh102|hf\n|\n|t:|1782818742\n|move|p2a: Persian|Fake Out|p1a: Manaphy\n|-damage|p1a: Manaphy|215/284\n|cant|p1a: Manaphy|flinch\n|\n|-heal|p1a: Manaphy|232/284|[from] item: Leftovers\n|upkeep\n|turn|2\n|\n|t:|1782818743\n|move|p2a: Persian|Double-Edge|p1a: Manaphy\n|-damage|p1a: Manaphy|100/284\n|-damage|p2a: Persian|225/269|[from] Recoil\n|move|p1a: Manaphy|Surf|p2a: Persian\n|-damage|p2a: Persian|122/269\n|\n|-heal|p1a: Manaphy|117/284|[from] item: Leftovers\n|upkeep\n|turn|3\n|\n|t:|1782818745\n|switch|p1a: Pecharunt|Pecharunt, L77|262/262\n|move|p2a: Persian|Double-Edge|p1a: Pecharunt\n|-immune|p1a: Pecharunt\n|\n|upkeep\n|turn|4\n|\n|t:|1782818746\n|move|p2a: Persian|Knock Off|p1a: Pecharunt\n|-supereffective|p1a: Pecharunt\n|-damage|p1a: Pecharunt|180/262\n|-enditem|p1a: Pecharunt|Leftovers|[from] move: Knock Off|[of] p2a: Persian\n|move|p1a: Pecharunt|Nasty Plot|p1a: Pecharunt\n|-boost|p1a: Pecharunt|spa|2\n|\n|upkeep\n|turn|5\n|\n|t:|1782818751\n|move|p2a: Persian|U-turn|p1a: Pecharunt\n|-resisted|p1a: Pecharunt\n|-damage|p1a: Pecharunt|173/262\n|\n|t:|1782818753\n|switch|p2a: Copperajah|Copperajah, L86, F|350/350|[from] U-turn\n|move|p1a: Pecharunt|Malignant Chain|p2a: Copperajah\n|-immune|p2a: Copperajah\n|\n|upkeep\n|turn|6\n|\n|t:|1782818755\n|move|p1a: Pecharunt|Shadow Ball|p2a: Copperajah\n|-damage|p2a: Copperajah|184/350\n|move|p2a: Copperajah|Earthquake|p1a: Pecharunt\n|-supereffective|p1a: Pecharunt\n|-damage|p1a: Pecharunt|1/262\n|-damage|p2a: Copperajah|149/350|[from] item: Life Orb\n|\n|upkeep\n|turn|7\n|\n|t:|1782818760\n|move|p1a: Pecharunt|Shadow Ball|p2a: Copperajah\n|-damage|p2a: Copperajah|0 fnt\n|faint|p2a: Copperajah\n|\n|upkeep\n|\n|t:|1782818761\n|switch|p2a: Persian|Persian, L92, F|122/269\n|turn|8\n|\n|t:|1782818762\n|move|p2a: Persian|Knock Off|p1a: Pecharunt\n|-supereffective|p1a: Pecharunt\n|-damage|p1a: Pecharunt|0 fnt\n|faint|p1a: Pecharunt\n|\n|upkeep\n|\n|t:|1782818763\n|switch|p1a: Excadrill|Excadrill, L79, F|303/303\n|-ability|p1a: Excadrill|Mold Breaker\n|turn|9\n|\n|t:|1782818766\n|move|p2a: Persian|Knock Off|p1a: Excadrill\n|-damage|p1a: Excadrill|209/303\n|-enditem|p1a: Excadrill|Leftovers|[from] move: Knock Off|[of] p2a: Persian\n|move|p1a: Excadrill|Earthquake|p2a: Persian\n|-damage|p2a: Persian|0 fnt\n|faint|p2a: Persian\n|\n|upkeep\n|\n|t:|1782818770\n|switch|p2a: Heracross|Heracross, L80, F|259/259\n|turn|10\n|\n|t:|1782818772\n|move|p1a: Excadrill|Iron Head|p2a: Heracross\n|-damage|p2a: Heracross|135/259\n|move|p2a: Heracross|Trailblaze|p1a: Excadrill\n|-damage|p1a: Excadrill|154/303\n|-boost|p2a: Heracross|spe|1\n|\n|-status|p2a: Heracross|brn|[from] item: Flame Orb\n|upkeep\n|turn|11\n|\n|t:|1782818776\n|move|p2a: Heracross|Close Combat|p1a: Excadrill\n|-supereffective|p1a: Excadrill\n|-damage|p1a: Excadrill|0 fnt\n|-unboost|p2a: Heracross|def|1\n|-unboost|p2a: Heracross|spd|1\n|faint|p1a: Excadrill\n|\n|-damage|p2a: Heracross|119/259 brn|[from] brn\n|upkeep\n|\n|t:|1782818777\n|switch|p1a: Vaporeon|Vaporeon, L86, F|364/364\n|turn|12\n|\n|t:|1782818782\n|-terastallize|p2a: Heracross|Normal\n|move|p2a: Heracross|Facade|p1a: Vaporeon\n|-damage|p1a: Vaporeon|64/364\n|move|p1a: Vaporeon|Scald|p2a: Heracross\n|-damage|p2a: Heracross|0 fnt\n|faint|p2a: Heracross\n|\n|-heal|p1a: Vaporeon|86/364|[from] item: Leftovers\n|upkeep\n|\n|t:|1782818789\n|switch|p2a: Raichu|Raichu, L88, M|249/249\n|turn|13\n|\n|t:|1782818791\n|move|p2a: Raichu|Nasty Plot|p2a: Raichu\n|-boost|p2a: Raichu|spa|2\n|move|p1a: Vaporeon|Wish|p1a: Vaporeon\n|\n|-heal|p1a: Vaporeon|108/364|[from] item: Leftovers\n|upkeep\n|turn|14\n|\n|t:|1782818796\n|move|p1a: Vaporeon|Protect|p1a: Vaporeon\n|-singleturn|p1a: Vaporeon|Protect\n|move|p2a: Raichu|Thunderbolt|p1a: Vaporeon\n|-activate|p1a: Vaporeon|move: Protect\n|\n|-heal|p1a: Vaporeon|290/364|[from] move: Wish|[wisher] Vaporeon\n|-heal|p1a: Vaporeon|312/364|[from] item: Leftovers\n|upkeep\n|turn|15\n|\n|t:|1782818797\n|-terastallize|p1a: Vaporeon|Ground\n|move|p2a: Raichu|Nasty Plot|p2a: Raichu\n|-boost|p2a: Raichu|spa|2\n|move|p1a: Vaporeon|Scald|p2a: Raichu\n|-damage|p2a: Raichu|147/249\n|\n|-heal|p1a: Vaporeon|334/364|[from] item: Leftovers\n|upkeep\n|turn|16\n|\n|t:|1782818799\n|move|p1a: Vaporeon|Protect|p1a: Vaporeon\n|-singleturn|p1a: Vaporeon|Protect\n|move|p2a: Raichu|Grass Knot|p1a: Vaporeon\n|-activate|p1a: Vaporeon|move: Protect\n|\n|-heal|p1a: Vaporeon|356/364|[from] item: Leftovers\n|upkeep\n|turn|17\n|\n|t:|1782818800\n|move|p2a: Raichu|Grass Knot|p1a: Vaporeon\n|-supereffective|p1a: Vaporeon\n|-damage|p1a: Vaporeon|62/364\n|-damage|p2a: Raichu|123/249|[from] item: Life Orb\n|move|p1a: Vaporeon|Scald|p2a: Raichu\n|-damage|p2a: Raichu|30/249\n|\n|-heal|p1a: Vaporeon|84/364|[from] item: Leftovers\n|upkeep\n|turn|18\n|\n|t:|1782818802\n|move|p2a: Raichu|Grass Knot|p1a: Vaporeon\n|-supereffective|p1a: Vaporeon\n|-damage|p1a: Vaporeon|0 fnt\n|faint|p1a: Vaporeon\n|-damage|p2a: Raichu|6/249|[from] item: Life Orb\n|\n|upkeep\n|\n|t:|1782818803\n|switch|p1a: Manaphy|Manaphy, L78|117/284\n|turn|19\n|\n|t:|1782818805\n|move|p2a: Raichu|Thunderbolt|p1a: Manaphy\n|-supereffective|p1a: Manaphy\n|-damage|p1a: Manaphy|0 fnt\n|faint|p1a: Manaphy\n|-damage|p2a: Raichu|0 fnt|[from] item: Life Orb\n|faint|p2a: Raichu\n|\n|upkeep\n|\n|t:|1782818808\n|switch|p2a: Cloyster|Cloyster, L80, M|211/211\n|switch|p1a: Dodrio|Dodrio, L85, M|241/241\n|turn|20\n|\n|t:|1782818810\n|move|p1a: Dodrio|Drill Run|p2a: Cloyster\n|-damage|p2a: Cloyster|157/211\n|move|p2a: Cloyster|Shell Smash|p2a: Cloyster\n|-unboost|p2a: Cloyster|def|1\n|-unboost|p2a: Cloyster|spd|1\n|-boost|p2a: Cloyster|atk|2\n|-boost|p2a: Cloyster|spa|2\n|-boost|p2a: Cloyster|spe|2\n|-enditem|p2a: Cloyster|White Herb\n|-clearnegativeboost|p2a: Cloyster|[silent]\n|\n|upkeep\n|turn|21\n|\n|t:|1782818814\n|switch|p1a: Ursaluna|Ursaluna, L79, M|335/335\n|move|p2a: Cloyster|Icicle Spear|p1a: Ursaluna\n|-supereffective|p1a: Ursaluna\n|-damage|p1a: Ursaluna|249/335\n|-supereffective|p1a: Ursaluna\n|-damage|p1a: Ursaluna|153/335\n|-supereffective|p1a: Ursaluna\n|-damage|p1a: Ursaluna|69/335\n|-supereffective|p1a: Ursaluna\n|-damage|p1a: Ursaluna|0 fnt\n|faint|p1a: Ursaluna\n|-hitcount|p1: Ursaluna|4\n|\n|upkeep\n|\n|t:|1782818814\n|switch|p1a: Dodrio|Dodrio, L85, M|241/241\n|turn|22\n|\n|t:|1782818816\n|move|p2a: Cloyster|Icicle Spear|p1a: Dodrio\n|-supereffective|p1a: Dodrio\n|-damage|p1a: Dodrio|133/241\n|-supereffective|p1a: Dodrio\n|-damage|p1a: Dodrio|13/241\n|-supereffective|p1a: Dodrio\n|-damage|p1a: Dodrio|0 fnt\n|faint|p1a: Dodrio\n|-hitcount|p1: Dodrio|3\n|\n|win|Drop a nickname\n|raw|notmetbh102's rating: 2060 &rarr; <strong>2043</strong><br />(-17 for losing)\n|raw|Drop a nickname's rating: 2112 &rarr; <strong>2129</strong><br />(+17 for winning)\n|c|\u2606notmetbh102|gg\n", "inputlog": ">version f8ac14003a5f27e1bdc8d8c59608a773c1cb96e5\n>start {\"formatid\":\"gen9randombattle\",\"seed\":\"sodium,4fada4a1f7cfc9822655c815ea69f654\",\"rated\":\"Rated battle\"}\n>player p1 {\"name\":\"notmetbh102\",\"avatar\":\"170\",\"rating\":2060,\"seed\":\"sodium,73a91cb4435f35ad13f0b317b1801d31\"}\n>player p2 {\"name\":\"Drop a nickname\",\"avatar\":\"265\",\"rating\":2112,\"seed\":\"sodium,898e2562d5632a6f33a9a923373a5bf4\"}\n>chat \u2606notmetbh102|hf\n>p1 move surf\n>p2 move fakeout\n>p1 move surf\n>p2 move doubleedge\n>p1 switch 5\n>p2 move doubleedge\n>p1 move nastyplot\n>p2 move knockoff\n>p1 move malignantchain\n>p2 move uturn\n>p2 switch 6\n>p1 move shadowball\n>p2 move earthquake\n>p1 move shadowball\n>p2 move earthquake\n>p2 switch 6\n>p1 move malignantchain\n>p2 move knockoff\n>p1 switch 6\n>p1 move earthquake\n>p2 move knockoff\n>p2 switch 3\n>p1 move ironhead\n>p2 move trailblaze\n>p1 move ironhead\n>p2 move closecombat\n>p1 switch 3\n>p1 move scald\n>p2 move facade terastallize\n>p2 switch 2\n>p1 move wish\n>p2 move nastyplot\n>p1 move protect\n>p2 move thunderbolt\n>p1 move scald terastallize\n>p2 move nastyplot\n>p1 move protect\n>p2 move grassknot\n>p1 move scald\n>p2 move grassknot\n>p1 move scald\n>p2 move grassknot\n>p1 switch 5\n>p1 move tailglow\n>p2 move thunderbolt\n>p1 switch 4\n>p2 switch 4\n>p1 move drillrun\n>p2 move shellsmash\n>p1 switch 2\n>p2 move iciclespear\n>p1 switch 2\n>p1 move drillrun\n>p2 move iciclespear", "uploadtime": 1782818741, "views": 8, "formatid": "gen9randombattle", "rating": 2043, "private": 0, "password": null, "player_dets": [{"name": "notmetbh102", "avatar": "170", "rating": 2060, "seed": "sodium,73a91cb4435f35ad13f0b317b1801d31"}, {"name": "Drop a nickname", "avatar": "265", "rating": 2112, "seed": "sodium,898e2562d5632a6f33a9a923373a5bf4"}], "teams_full": [{"Manaphy": {"name": "Manaphy", "species": "Manaphy", "speciesId": "manaphy", "gender": "N", "shiny": false, "level": 78, "moves": ["icebeam", "energyball", "surf", "tailglow"], "ability": "Hydration", "evs": {"hp": 85, "atk": 0, "def": 85, "spa": 85, "spd": 85, "spe": 85}, "ivs": {"hp": 31, "atk": 0, "def": 31, "spa": 31, "spd": 31, "spe": 31}, "item": "Leftovers", "teraType": "Water", "role": "Bulky Setup", "bvs": {"hp": 100, "atk": 100, "def": 100, "spa": 100, "spd": 100, "spe": 100}, "stats": {"hp": 284, "atk": 161, "def": 201, "spa": 201, "spd": 201, "spe": 201}, "types": ["Water"]}, "Ursaluna": {"name": "Ursaluna", "species": "Ursaluna", "speciesId": "ursaluna", "gender": "M", "shiny": false, "level": 79, "moves": ["trailblaze", "throatchop", "facade", "headlongrush"], "ability": "Guts", "evs": {"hp": 85, "atk": 85, "def": 85, "spa": 85, "spd": 85, "spe": 85}, "ivs": {"hp": 31, "atk": 31, "def": 31, "spa": 31, "spd": 31, "spe": 31}, "item": "Flame Orb", "teraType": "Normal", "role": "Bulky Attacker", "bvs": {"hp": 130, "atk": 140, "def": 105, "spa": 45, "spd": 80, "spe": 50}, "stats": {"hp": 335, "atk": 267, "def": 211, "spa": 117, "spd": 172, "spe": 125}, "types": ["Ground", "Normal"]}, "Vaporeon": {"name": "Vaporeon", "species": "Vaporeon", "speciesId": "vaporeon", "gender": "F", "shiny": false, "level": 86, "moves": ["icebeam", "scald", "wish", "protect"], "ability": "Water Absorb", "evs": {"hp": 85, "atk": 0, "def": 85, "spa": 85, "spd": 85, "spe": 85}, "ivs": {"hp": 31, "atk": 0, "def": 31, "spa": 31, "spd": 31, "spe": 31}, "item": "Leftovers", "teraType": "Ground", "role": "Bulky Support", "bvs": {"hp": 130, "atk": 65, "def": 60, "spa": 110, "spd": 95, "spe": 65}, "stats": {"hp": 364, "atk": 116, "def": 152, "spa": 238, "spd": 213, "spe": 161}, "types": ["Water"]}, "Dodrio": {"name": "Dodrio", "species": "Dodrio", "speciesId": "dodrio", "gender": "M", "shiny": false, "level": 85, "moves": ["doubleedge", "drillrun", "knockoff", "bravebird"], "ability": "Early Bird", "evs": {"hp": 85, "atk": 85, "def": 85, "spa": 85, "spd": 85, "spe": 85}, "ivs": {"hp": 31, "atk": 31, "def": 31, "spa": 31, "spd": 31, "spe": 31}, "item": "Choice Band", "teraType": "Normal", "role": "Fast Attacker", "bvs": {"hp": 60, "atk": 110, "def": 70, "spa": 60, "spd": 60, "spe": 110}, "stats": {"hp": 241, "atk": 236, "def": 168, "spa": 151, "spd": 151, "spe": 236}, "types": ["Normal", "Flying"]}, "Pecharunt": {"name": "Pecharunt", "species": "Pecharunt", "speciesId": "pecharunt", "gender": "N", "shiny": false, "level": 77, "moves": ["recover", "malignantchain", "nastyplot", "shadowball"], "ability": "Poison Puppeteer", "evs": {"hp": 85, "atk": 0, "def": 85, "spa": 85, "spd": 85, "spe": 85}, "ivs": {"hp": 31, "atk": 0, "def": 31, "spa": 31, "spd": 31, "spe": 31}, "item": "Leftovers", "teraType": "Dark", "role": "Bulky Attacker", "bvs": {"hp": 88, "atk": 88, "def": 160, "spa": 88, "spd": 88, "spe": 88}, "stats": {"hp": 262, "atk": 140, "def": 291, "spa": 180, "spd": 180, "spe": 180}, "types": ["Poison", "Ghost"]}, "Excadrill": {"name": "Excadrill", "species": "Excadrill", "speciesId": "excadrill", "gender": "F", "shiny": false, "level": 79, "moves": ["ironhead", "swordsdance", "rapidspin", "earthquake"], "ability": "Mold Breaker", "evs": {"hp": 85, "atk": 85, "def": 85, "spa": 85, "spd": 85, "spe": 85}, "ivs": {"hp": 31, "atk": 31, "def": 31, "spa": 31, "spd": 31, "spe": 31}, "item": "Leftovers", "teraType": "Ground", "role": "Bulky Setup", "bvs": {"hp": 110, "atk": 135, "def": 60, "spa": 50, "spd": 65, "spe": 88}, "stats": {"hp": 303, "atk": 259, "def": 140, "spa": 125, "spd": 148, "spe": 185}, "types": ["Ground", "Steel"]}}, {"Persian": {"name": "Persian", "species": "Persian", "speciesId": "persian", "gender": "F", "shiny": false, "level": 92, "moves": ["fakeout", "doubleedge", "uturn", "knockoff"], "ability": "Technician", "evs": {"hp": 85, "atk": 85, "def": 85, "spa": 85, "spd": 85, "spe": 85}, "ivs": {"hp": 31, "atk": 31, "def": 31, "spa": 31, "spd": 31, "spe": 31}, "item": "Silk Scarf", "teraType": "Normal", "role": "Fast Attacker", "bvs": {"hp": 65, "atk": 70, "def": 60, "spa": 65, "spd": 65, "spe": 115}, "stats": {"hp": 269, "atk": 181, "def": 163, "spa": 172, "spd": 172, "spe": 264}, "types": ["Normal"]}, "Raichu": {"name": "Raichu", "species": "Raichu", "speciesId": "raichu", "gender": "M", "shiny": false, "level": 88, "moves": ["surf", "grassknot", "thunderbolt", "nastyplot"], "ability": "Lightning Rod", "evs": {"hp": 85, "atk": 0, "def": 85, "spa": 85, "spd": 85, "spe": 85}, "ivs": {"hp": 31, "atk": 0, "def": 31, "spa": 31, "spd": 31, "spe": 31}, "item": "Life Orb", "teraType": "Water", "role": "Fast Support", "bvs": {"hp": 60, "atk": 90, "def": 55, "spa": 90, "spd": 80, "spe": 110}, "stats": {"hp": 249, "atk": 163, "def": 147, "spa": 209, "spd": 191, "spe": 244}, "types": ["Electric"]}, "Heracross": {"name": "Heracross", "species": "Heracross", "speciesId": "heracross", "gender": "F", "shiny": false, "level": 80, "moves": ["closecombat", "trailblaze", "knockoff", "facade"], "ability": "Guts", "evs": {"hp": 85, "atk": 85, "def": 85, "spa": 85, "spd": 85, "spe": 85}, "ivs": {"hp": 31, "atk": 31, "def": 31, "spa": 31, "spd": 31, "spe": 31}, "item": "Flame Orb", "teraType": "Normal", "role": "Setup Sweeper", "bvs": {"hp": 80, "atk": 125, "def": 75, "spa": 40, "spd": 95, "spe": 85}, "stats": {"hp": 259, "atk": 246, "def": 166, "spa": 110, "spd": 198, "spe": 182}, "types": ["Bug", "Fighting"]}, "Cloyster": {"name": "Cloyster", "species": "Cloyster", "speciesId": "cloyster", "gender": "M", "shiny": false, "level": 80, "moves": ["rockblast", "iciclespear", "shellsmash", "hydropump"], "ability": "Skill Link", "evs": {"hp": 85, "atk": 85, "def": 85, "spa": 85, "spd": 85, "spe": 85}, "ivs": {"hp": 31, "atk": 31, "def": 31, "spa": 31, "spd": 31, "spe": 31}, "item": "White Herb", "teraType": "Rock", "role": "Setup Sweeper", "bvs": {"hp": 50, "atk": 95, "def": 180, "spa": 85, "spd": 45, "spe": 70}, "stats": {"hp": 211, "atk": 198, "def": 334, "spa": 182, "spd": 118, "spe": 158}, "types": ["Water", "Ice"]}, "Typhlosion": {"name": "Typhlosion", "species": "Typhlosion-Hisui", "speciesId": "typhlosionhisui", "gender": "F", "shiny": false, "level": 83, "moves": ["focusblast", "calmmind", "shadowball", "fireblast"], "ability": "Blaze", "evs": {"hp": 85, "atk": 0, "def": 85, "spa": 85, "spd": 85, "spe": 85}, "ivs": {"hp": 31, "atk": 0, "def": 31, "spa": 31, "spd": 31, "spe": 31}, "item": "Heavy-Duty Boots", "teraType": "Fire", "role": "Fast Bulky Setup", "bvs": {"hp": 73, "atk": 84, "def": 78, "spa": 119, "spd": 85, "spe": 95}, "stats": {"hp": 257, "atk": 144, "def": 177, "spa": 245, "spd": 189, "spe": 205}, "types": ["Fire", "Ghost"]}, "Copperajah": {"name": "Copperajah", "species": "Copperajah", "speciesId": "copperajah", "gender": "F", "shiny": false, "level": 86, "moves": ["playrough", "rockslide", "ironhead", "earthquake"], "ability": "Sheer Force", "evs": {"hp": 85, "atk": 85, "def": 85, "spa": 85, "spd": 85, "spe": 85}, "ivs": {"hp": 31, "atk": 31, "def": 31, "spa": 31, "spd": 31, "spe": 31}, "item": "Life Orb", "teraType": "Fairy", "role": "Wallbreaker", "bvs": {"hp": 122, "atk": 130, "def": 69, "spa": 80, "spd": 69, "spe": 30}, "stats": {"hp": 350, "atk": 273, "def": 168, "spa": 187, "spd": 168, "spe": 101}, "types": ["Steel"]}}]}