{"id": "gen9randombattle-2641357680", "format": "[Gen 9] Random Battle", "players": ["kasskouy", "Teroxide"], "log": "|badge|p2|bronze|gen9randombattle|100-9\n|html|<div class=\"broadcast-red\"><strong>This battle is required to be public due to one or more player having a season medal.</strong><br />During the public phase, you can discuss the state of the ladder <a href=\"/seasondiscussion\">in a special chatroom.</a></div>\n|uhtml|medal-msg|<div class=\"broadcast-blue\">Curious what those medals under the avatar are? PS now has Ladder Seasons! For more information, check out the <a href=\"https://www.smogon.com/forums/threads/3740067/\">thread on Smogon.</a></div>\n|raw|<div class=\"broadcast-blue\"><strong>This battle is required to be public due to a player having a name starting with 'medal'.</div>\n|j|\u2606kasskouy\n|j|\u2606Teroxide\n|t:|1782772451\n|gametype|singles\n|player|p1|kasskouy|volkner|2152\n|player|p2|Teroxide|169|2232\n|gen|9\n|tier|[Gen 9] Random Battle\n|rated|\n|rule|Species Clause: Limit one of each Pok\u00e9mon\n|rule|HP Percentage Mod: HP is shown in percentages\n|rule|Sleep Clause Mod: Limit one foe put to sleep\n|rule|Illusion Level Mod: Illusion disguises the Pok\u00e9mon's true level\n|\n|t:|1782772451\n|teamsize|p1|6\n|teamsize|p2|6\n|start\n|switch|p1a: Umbreon|Umbreon, L84, M|297/297\n|switch|p2a: Floatzel|Floatzel, L86, M|286/286\n|turn|1\n|\n|t:|1782772462\n|switch|p2a: Snorlax|Snorlax, L82, F|397/397\n|move|p1a: Umbreon|Protect||[still]\n|-fail|p1a: Umbreon\n|\n|upkeep\n|turn|2\n|\n|t:|1782772466\n|move|p1a: Umbreon|Toxic|p2a: Snorlax\n|-status|p2a: Snorlax|tox\n|move|p2a: Snorlax|Body Slam||[still]\n|-damage|p1a: Umbreon|218/297\n|-status|p1a: Umbreon|par\n|-activate|p1a: Umbreon|ability: Synchronize\n|-fail|p1a: Umbreon\n|\n|-heal|p1a: Umbreon|236/297 par|[from] item: Leftovers\n|-damage|p2a: Snorlax|373/397 tox|[from] psn\n|upkeep\n|turn|3\n|\n|t:|1782772469\n|move|p2a: Snorlax|Body Slam|p1a: Umbreon\n|-damage|p1a: Umbreon|160/297 par\n|move|p1a: Umbreon|Wish|p1a: Umbreon\n|\n|-heal|p1a: Umbreon|178/297 par|[from] item: Leftovers\n|-damage|p2a: Snorlax|325/397 tox|[from] psn\n|upkeep\n|turn|4\n|\n|t:|1782772475\n|move|p2a: Snorlax|Curse|p2a: Snorlax\n|-unboost|p2a: Snorlax|spe|1\n|-boost|p2a: Snorlax|atk|1\n|-boost|p2a: Snorlax|def|1\n|move|p1a: Umbreon|Foul Play|p2a: Snorlax\n|-damage|p2a: Snorlax|190/397 tox\n|\n|-heal|p1a: Umbreon|297/297 par|[from] move: Wish|[wisher] Umbreon\n|-damage|p2a: Snorlax|118/397 tox|[from] psn\n|upkeep\n|turn|5\n|\n|t:|1782772483\n|switch|p2a: Glalie|Glalie, L96, M|309/309\n|cant|p1a: Umbreon|par\n|\n|upkeep\n|turn|6\n|\n|t:|1782772485\n|move|p2a: Glalie|Taunt|p1a: Umbreon\n|-start|p1a: Umbreon|move: Taunt\n|cant|p1a: Umbreon|move: Taunt|Toxic\n|\n|upkeep\n|turn|7\n|\n|t:|1782772490\n|move|p2a: Glalie|Spikes|p1a: Umbreon\n|-sidestart|p1: kasskouy|Spikes\n|move|p1a: Umbreon|Foul Play|p2a: Glalie\n|-crit|p2a: Glalie\n|-damage|p2a: Glalie|170/309\n|\n|upkeep\n|turn|8\n|\n|t:|1782772493\n|move|p2a: Glalie|Spikes|p1a: Umbreon\n|-sidestart|p1: kasskouy|Spikes\n|move|p1a: Umbreon|Foul Play|p2a: Glalie\n|-damage|p2a: Glalie|77/309\n|\n|-end|p1a: Umbreon|move: Taunt\n|upkeep\n|turn|9\n|\n|t:|1782772495\n|move|p2a: Glalie|Spikes|p1a: Umbreon\n|-sidestart|p1: kasskouy|Spikes\n|cant|p1a: Umbreon|par\n|\n|upkeep\n|turn|10\n|\n|t:|1782772497\n|move|p2a: Glalie|Taunt|p1a: Umbreon\n|-start|p1a: Umbreon|move: Taunt\n|move|p1a: Umbreon|Foul Play|p2a: Glalie\n|-damage|p2a: Glalie|0 fnt\n|faint|p2a: Glalie\n|\n|upkeep\n|\n|t:|1782772499\n|switch|p2a: Primarina|Primarina, L83, F|268/268\n|turn|11\n|\n|t:|1782772507\n|switch|p1a: Basculegion|Basculegion, L80, M|323/323\n|-damage|p1a: Basculegion|243/323|[from] Spikes\n|move|p2a: Primarina|Moonblast|p1a: Basculegion\n|-damage|p1a: Basculegion|143/323\n|-unboost|p1a: Basculegion|spa|1\n|\n|upkeep\n|turn|12\n|\n|t:|1782772513\n|switch|p2a: Floatzel|Floatzel, L86, M|286/286\n|move|p1a: Basculegion|Shadow Ball|p2a: Floatzel\n|-damage|p2a: Floatzel|192/286\n|-unboost|p2a: Floatzel|spd|1\n|\n|-heal|p2a: Floatzel|209/286|[from] item: Leftovers\n|upkeep\n|turn|13\n|\n|t:|1782772517\n|move|p2a: Floatzel|Wave Crash|p1a: Basculegion\n|-resisted|p1a: Basculegion\n|-damage|p1a: Basculegion|45/323\n|-damage|p2a: Floatzel|177/286|[from] Recoil\n|move|p1a: Basculegion|Shadow Ball|p2a: Floatzel\n|-damage|p2a: Floatzel|41/286\n|\n|-heal|p2a: Floatzel|58/286|[from] item: Leftovers\n|upkeep\n|turn|14\n|\n|t:|1782772520\n|move|p2a: Floatzel|Wave Crash|p1a: Basculegion\n|-resisted|p1a: Basculegion\n|-damage|p1a: Basculegion|0 fnt\n|faint|p1a: Basculegion\n|-damage|p2a: Floatzel|43/286|[from] Recoil\n|\n|-heal|p2a: Floatzel|60/286|[from] item: Leftovers\n|upkeep\n|\n|t:|1782772525\n|switch|p1a: Brambleghast|Brambleghast, L88, F|240/240\n|turn|15\n|\n|t:|1782772528\n|switch|p2a: Necrozma|Necrozma-Dawn-Wings, L76|272/272\n|move|p1a: Brambleghast|Rapid Spin|p2a: Necrozma\n|-immune|p2a: Necrozma\n|\n|upkeep\n|turn|16\n|\n|t:|1782772531\n|-terastallize|p2a: Necrozma|Fairy\n|move|p1a: Brambleghast|Poltergeist|p2a: Necrozma\n|-activate|p2a: Necrozma|move: Poltergeist|Leftovers\n|-damage|p2a: Necrozma|143/272\n|move|p2a: Necrozma|Moongeist Beam|p1a: Brambleghast\n|-supereffective|p1a: Brambleghast\n|-damage|p1a: Brambleghast|0 fnt\n|faint|p1a: Brambleghast\n|\n|-heal|p2a: Necrozma|160/272|[from] item: Leftovers\n|upkeep\n|\n|t:|1782772534\n|switch|p1a: Furret|Furret, L94, M|312/312\n|-damage|p1a: Furret|234/312|[from] Spikes\n|-item|p2a: Necrozma|Leftovers|[from] ability: Frisk|[of] p1a: Furret\n|turn|17\n|\n|t:|1782772539\n|move|p1a: Furret|Tidy Up|p1a: Furret\n|-sideend|p1: kasskouy|Spikes\n|-activate|p1a: Furret|move: Tidy Up\n|-boost|p1a: Furret|atk|1\n|-boost|p1a: Furret|spe|1\n|move|p2a: Necrozma|Photon Geyser|p1a: Furret\n|-damage|p1a: Furret|68/312\n|\n|-heal|p2a: Necrozma|177/272|[from] item: Leftovers\n|upkeep\n|turn|18\n|\n|t:|1782772541\n|switch|p2a: Haxorus|Haxorus, L77, F|244/244\n|-ability|p2a: Haxorus|Mold Breaker\n|move|p1a: Furret|Double-Edge|p2a: Haxorus\n|-crit|p2a: Haxorus\n|-damage|p2a: Haxorus|0 fnt\n|faint|p2a: Haxorus\n|-damage|p1a: Furret|0 fnt|[from] Recoil\n|faint|p1a: Furret\n|\n|upkeep\n|\n|t:|1782772549\n|switch|p1a: Umbreon|Umbreon, L84, M|297/297 par\n|switch|p2a: Floatzel|Floatzel, L86, M|60/286\n|turn|19\n|\n|t:|1782772553\n|move|p2a: Floatzel|Taunt|p1a: Umbreon\n|-start|p1a: Umbreon|move: Taunt\n|cant|p1a: Umbreon|move: Taunt|Toxic\n|\n|-heal|p2a: Floatzel|77/286|[from] item: Leftovers\n|upkeep\n|turn|20\n|\n|t:|1782772555\n|switch|p2a: Primarina|Primarina, L83, F|268/268\n|move|p1a: Umbreon|Foul Play|p2a: Primarina\n|-resisted|p2a: Primarina\n|-damage|p2a: Primarina|234/268\n|\n|-heal|p2a: Primarina|250/268|[from] item: Leftovers\n|upkeep\n|turn|21\n|\n|t:|1782772557\n|switch|p1a: Sunflora|Sunflora, F|312/312\n|move|p2a: Primarina|Calm Mind|p2a: Primarina\n|-boost|p2a: Primarina|spa|1\n|-boost|p2a: Primarina|spd|1\n|\n|-heal|p2a: Primarina|266/268|[from] item: Leftovers\n|upkeep\n|turn|22\n|\n|t:|1782772560\n|move|p2a: Primarina|Moonblast|p1a: Sunflora\n|-damage|p1a: Sunflora|149/312\n|move|p1a: Sunflora|Sunny Day|p1a: Sunflora\n|-weather|SunnyDay\n|\n|-weather|SunnyDay|[upkeep]\n|-heal|p2a: Primarina|268/268|[from] item: Leftovers\n|upkeep\n|turn|23\n|\n|t:|1782772565\n|switch|p2a: Snorlax|Snorlax, L82, F|118/397 tox\n|move|p1a: Sunflora|Solar Beam||[still]\n|-prepare|p1a: Sunflora|Solar Beam\n|-anim|p1a: Sunflora|Solar Beam|p2a: Snorlax\n|-damage|p2a: Snorlax|0 fnt\n|faint|p2a: Snorlax\n|-damage|p1a: Sunflora|118/312|[from] item: Life Orb\n|\n|-weather|SunnyDay|[upkeep]\n|upkeep\n|\n|t:|1782772568\n|switch|p2a: Floatzel|Floatzel, L86, M|77/286\n|turn|24\n|\n|t:|1782772571\n|switch|p1a: Umbreon|Umbreon, L84, M|297/297 par\n|move|p2a: Floatzel|Ice Spinner|p1a: Umbreon\n|-damage|p1a: Umbreon|241/297 par\n|\n|-weather|SunnyDay|[upkeep]\n|-heal|p2a: Floatzel|94/286|[from] item: Leftovers\n|-heal|p1a: Umbreon|259/297 par|[from] item: Leftovers\n|upkeep\n|turn|25\n|\n|t:|1782772574\n|move|p2a: Floatzel|Taunt|p1a: Umbreon\n|-start|p1a: Umbreon|move: Taunt\n|move|p1a: Umbreon|Foul Play|p2a: Floatzel\n|-damage|p2a: Floatzel|0 fnt\n|faint|p2a: Floatzel\n|\n|-weather|SunnyDay|[upkeep]\n|-heal|p1a: Umbreon|277/297 par|[from] item: Leftovers\n|upkeep\n|\n|t:|1782772575\n|switch|p2a: Primarina|Primarina, L83, F|268/268\n|turn|26\n|\n|t:|1782772577\n|switch|p1a: Sunflora|Sunflora, F|118/312\n|move|p2a: Primarina|Calm Mind|p2a: Primarina\n|-boost|p2a: Primarina|spa|1\n|-boost|p2a: Primarina|spd|1\n|\n|-weather|none\n|upkeep\n|turn|27\n|\n|t:|1782772580\n|-terastallize|p1a: Sunflora|Fire\n|move|p2a: Primarina|Moonblast|p1a: Sunflora\n|-resisted|p1a: Sunflora\n|-damage|p1a: Sunflora|40/312\n|move|p1a: Sunflora|Sunny Day|p1a: Sunflora\n|-weather|SunnyDay\n|\n|-weather|SunnyDay|[upkeep]\n|upkeep\n|turn|28\n|\n|t:|1782772583\n|move|p1a: Sunflora|Solar Beam||[still]\n|-prepare|p1a: Sunflora|Solar Beam\n|-anim|p1a: Sunflora|Solar Beam|p2a: Primarina\n|-supereffective|p2a: Primarina\n|-crit|p2a: Primarina\n|-damage|p2a: Primarina|0 fnt\n|faint|p2a: Primarina\n|-damage|p1a: Sunflora|9/312|[from] item: Life Orb\n|\n|-weather|SunnyDay|[upkeep]\n|upkeep\n|c|\u2606Teroxide|no\n|c|\u2606Teroxide|no no no\n|n|!Teroxide|teroxide\n|c|\u2606kasskouy|Ye\n|\n|t:|1782772592\n|switch|p2a: Necrozma|Necrozma-Dawn-Wings, L76, tera:Fairy|177/272\n|turn|29\n|c|\u2606kasskouy|Yeyeye\n|\n|t:|1782772599\n|move|p1a: Sunflora|Weather Ball|p2a: Necrozma\n|-damage|p2a: Necrozma|0 fnt\n|faint|p2a: Necrozma\n|-damage|p1a: Sunflora|0 fnt|[from] item: Life Orb\n|faint|p1a: Sunflora\n|\n|win|kasskouy\n", "inputlog": ">version f8ac14003a5f27e1bdc8d8c59608a773c1cb96e5\n>start {\"formatid\":\"gen9randombattle\",\"seed\":\"sodium,e136e055bce4bdd25a65c11b4a964c05\",\"rated\":\"Rated battle\"}\n>player p1 {\"name\":\"kasskouy\",\"avatar\":\"volkner\",\"rating\":2152,\"seed\":\"sodium,215f067ce808c045d1aacdcedd93bea3\"}\n>player p2 {\"name\":\"Teroxide\",\"avatar\":\"169\",\"rating\":2232,\"seed\":\"sodium,4ec5f0ecd657c924500c957200b739d9\"}\n>p1 move protect\n>p2 switch 2\n>p1 move toxic\n>p2 move bodyslam\n>p1 move wish\n>p2 move bodyslam\n>p1 move foulplay\n>p2 move curse\n>p1 move foulplay\n>p2 switch 6\n>p1 move toxic\n>p2 move taunt\n>p1 move foulplay\n>p2 move spikes\n>p1 move foulplay\n>p2 move spikes\n>p1 move foulplay\n>p2 move spikes\n>p1 move foulplay\n>p2 move taunt\n>p2 switch 3\n>p1 switch 4\n>p2 move moonblast\n>p1 move shadowball\n>p2 switch 2\n>p1 move shadowball\n>p2 move wavecrash\n>p1 move wavecrash\n>p2 move wavecrash\n>p1 switch 6\n>p1 move rapidspin\n>p2 switch 4\n>p1 move poltergeist\n>p2 move moongeistbeam terastallize\n>p1 switch 3\n>p1 move tidyup\n>p2 move photongeyser\n>p1 move doubleedge\n>p2 switch 5\n>p1 switch 4\n>p2 switch 4\n>p1 move toxic\n>p2 move taunt\n>p1 move foulplay\n>p2 switch 2\n>p1 switch 2\n>p2 move calmmind\n>p1 move sunnyday\n>p2 move moonblast\n>p1 move solarbeam\n>p2 switch 6\n>p2 switch 2\n>p1 switch 2\n>p2 move icespinner\n>p1 move foulplay\n>p2 move taunt\n>p2 switch 6\n>p1 switch 2\n>p2 move calmmind\n>p1 move sunnyday terastallize\n>p2 move moonblast\n>p1 move solarbeam\n>p2 move drainingkiss\n>chat \u2606Teroxide|no\n>chat \u2606Teroxide|no no no\n>chat \u2606Teroxide|fuck off man\n>chat \u2606kasskouy|Ye\n>p2 switch 5\n>chat \u2606kasskouy|Yeyeye\n>p1 move weatherball\n>p2 move moonlight", "uploadtime": 1782772589, "views": 2, "formatid": "gen9randombattle", "rating": null, "private": 0, "password": null, "player_dets": [{"name": "kasskouy", "avatar": "volkner", "rating": 2152, "seed": "sodium,215f067ce808c045d1aacdcedd93bea3"}, {"name": "Teroxide", "avatar": "169", "rating": 2232, "seed": "sodium,4ec5f0ecd657c924500c957200b739d9"}], "teams_full": [{"Umbreon": {"name": "Umbreon", "species": "Umbreon", "speciesId": "umbreon", "gender": "M", "shiny": false, "level": 84, "moves": ["protect", "wish", "foulplay", "toxic"], "ability": "Synchronize", "evs": {"hp": 85, "atk": 0, "def": 85, "spa": 85, "spd": 85, "spe": 85}, "ivs": {"hp": 31, "atk": 0, "def": 31, "spa": 31, "spd": 31, "spe": 31}, "item": "Leftovers", "teraType": "Poison", "role": "Bulky Support", "bvs": {"hp": 95, "atk": 65, "def": 110, "spa": 60, "spd": 130, "spe": 65}, "stats": {"hp": 297, "atk": 114, "def": 233, "spa": 149, "spd": 267, "spe": 157}, "types": ["Dark"]}, "Sunflora": {"name": "Sunflora", "species": "Sunflora", "speciesId": "sunflora", "gender": "F", "shiny": false, "level": 100, "moves": ["earthpower", "solarbeam", "weatherball", "sunnyday"], "ability": "Chlorophyll", "evs": {"hp": 85, "atk": 0, "def": 85, "spa": 85, "spd": 85, "spe": 85}, "ivs": {"hp": 31, "atk": 0, "def": 31, "spa": 31, "spd": 31, "spe": 31}, "item": "Life Orb", "teraType": "Fire", "role": "Setup Sweeper", "bvs": {"hp": 75, "atk": 75, "def": 55, "spa": 105, "spd": 85, "spe": 30}, "stats": {"hp": 312, "atk": 155, "def": 167, "spa": 267, "spd": 227, "spe": 117}, "types": ["Grass"]}, "Furret": {"name": "Furret", "species": "Furret", "speciesId": "furret", "gender": "M", "shiny": false, "level": 94, "moves": ["doubleedge", "tidyup", "brickbreak", "knockoff"], "ability": "Frisk", "evs": {"hp": 85, "atk": 85, "def": 85, "spa": 85, "spd": 85, "spe": 85}, "ivs": {"hp": 31, "atk": 31, "def": 31, "spa": 31, "spd": 31, "spe": 31}, "item": "Life Orb", "teraType": "Ghost", "role": "Setup Sweeper", "bvs": {"hp": 85, "atk": 76, "def": 64, "spa": 45, "spd": 55, "spe": 90}, "stats": {"hp": 312, "atk": 196, "def": 174, "spa": 138, "spd": 157, "spe": 223}, "types": ["Normal"]}, "Basculegion": {"name": "Basculegion", "species": "Basculegion", "speciesId": "basculegion", "gender": "M", "shiny": false, "level": 80, "moves": ["shadowball", "flipturn", "aquajet", "wavecrash"], "ability": "Adaptability", "evs": {"hp": 85, "atk": 85, "def": 85, "spa": 85, "spd": 85, "spe": 85}, "ivs": {"hp": 31, "atk": 31, "def": 31, "spa": 31, "spd": 31, "spe": 31}, "item": "Assault Vest", "teraType": "Water", "role": "AV Pivot", "bvs": {"hp": 120, "atk": 112, "def": 65, "spa": 80, "spd": 75, "spe": 78}, "stats": {"hp": 323, "atk": 225, "def": 150, "spa": 174, "spd": 166, "spe": 171}, "types": ["Water", "Ghost"]}, "Arceus": {"name": "Arceus", "species": "Arceus-Dark", "speciesId": "arceusdark", "gender": "N", "shiny": false, "level": 71, "moves": ["judgment", "sludgebomb", "calmmind", "recover"], "ability": "Multitype", "evs": {"hp": 85, "atk": 0, "def": 85, "spa": 85, "spd": 85, "spe": 85}, "ivs": {"hp": 31, "atk": 0, "def": 31, "spa": 31, "spd": 31, "spe": 31}, "item": "Dread Plate", "teraType": "Poison", "role": "Bulky Setup", "bvs": {"hp": 120, "atk": 120, "def": 120, "spa": 120, "spd": 120, "spe": 120}, "stats": {"hp": 288, "atk": 175, "def": 212, "spa": 212, "spd": 212, "spe": 212}, "types": ["Dark"]}, "Brambleghast": {"name": "Brambleghast", "species": "Brambleghast", "speciesId": "brambleghast", "gender": "F", "shiny": false, "level": 88, "moves": ["rapidspin", "poltergeist", "powerwhip", "strengthsap"], "ability": "Wind Rider", "evs": {"hp": 85, "atk": 85, "def": 85, "spa": 85, "spd": 85, "spe": 85}, "ivs": {"hp": 31, "atk": 31, "def": 31, "spa": 31, "spd": 31, "spe": 31}, "item": "Heavy-Duty Boots", "teraType": "Water", "role": "Fast Support", "bvs": {"hp": 55, "atk": 115, "def": 70, "spa": 80, "spd": 70, "spe": 90}, "stats": {"hp": 240, "atk": 253, "def": 173, "spa": 191, "spd": 173, "spe": 209}, "types": ["Grass", "Ghost"]}}, {"Floatzel": {"name": "Floatzel", "species": "Floatzel", "speciesId": "floatzel", "gender": "M", "shiny": false, "level": 86, "moves": ["taunt", "wavecrash", "icespinner", "bulkup"], "ability": "Water Veil", "evs": {"hp": 85, "atk": 85, "def": 85, "spa": 85, "spd": 85, "spe": 85}, "ivs": {"hp": 31, "atk": 31, "def": 31, "spa": 31, "spd": 31, "spe": 31}, "item": "Leftovers", "teraType": "Water", "role": "Bulky Setup", "bvs": {"hp": 85, "atk": 105, "def": 55, "spa": 85, "spd": 50, "spe": 115}, "stats": {"hp": 286, "atk": 230, "def": 144, "spa": 195, "spd": 135, "spe": 247}, "types": ["Water"]}, "Snorlax": {"name": "Snorlax", "species": "Snorlax", "speciesId": "snorlax", "gender": "F", "shiny": false, "level": 82, "moves": ["curse", "rest", "bodyslam", "crunch"], "ability": "Thick Fat", "evs": {"hp": 85, "atk": 85, "def": 85, "spa": 85, "spd": 85, "spe": 85}, "ivs": {"hp": 31, "atk": 31, "def": 31, "spa": 31, "spd": 31, "spe": 31}, "item": "Chesto Berry", "teraType": "Poison", "role": "Bulky Setup", "bvs": {"hp": 160, "atk": 110, "def": 65, "spa": 65, "spd": 110, "spe": 30}, "stats": {"hp": 397, "atk": 228, "def": 154, "spa": 154, "spd": 228, "spe": 96}, "types": ["Normal"]}, "Primarina": {"name": "Primarina", "species": "Primarina", "speciesId": "primarina", "gender": "F", "shiny": false, "level": 83, "moves": ["calmmind", "moonblast", "drainingkiss", "psychicnoise"], "ability": "Liquid Voice", "evs": {"hp": 85, "atk": 0, "def": 85, "spa": 85, "spd": 85, "spe": 85}, "ivs": {"hp": 31, "atk": 0, "def": 31, "spa": 31, "spd": 31, "spe": 31}, "item": "Leftovers", "teraType": "Fairy", "role": "Bulky Setup", "bvs": {"hp": 80, "atk": 74, "def": 74, "spa": 126, "spd": 116, "spe": 60}, "stats": {"hp": 268, "atk": 127, "def": 171, "spa": 257, "spd": 240, "spe": 147}, "types": ["Water", "Fairy"]}, "Necrozma": {"name": "Necrozma", "species": "Necrozma-Dawn-Wings", "speciesId": "necrozmadawnwings", "gender": "N", "shiny": false, "level": 76, "moves": ["photongeyser", "calmmind", "moongeistbeam", "moonlight"], "ability": "Prism Armor", "evs": {"hp": 85, "atk": 0, "def": 85, "spa": 85, "spd": 85, "spe": 85}, "ivs": {"hp": 31, "atk": 0, "def": 31, "spa": 31, "spd": 31, "spe": 31}, "item": "Leftovers", "teraType": "Fairy", "role": "Bulky Setup", "bvs": {"hp": 97, "atk": 113, "def": 109, "spa": 157, "spd": 127, "spe": 77}, "stats": {"hp": 272, "atk": 176, "def": 210, "spa": 283, "spd": 237, "spe": 161}, "types": ["Psychic", "Ghost"]}, "Haxorus": {"name": "Haxorus", "species": "Haxorus", "speciesId": "haxorus", "gender": "F", "shiny": false, "level": 77, "moves": ["ironhead", "swordsdance", "scaleshot", "closecombat"], "ability": "Mold Breaker", "evs": {"hp": 85, "atk": 85, "def": 85, "spa": 85, "spd": 85, "spe": 85}, "ivs": {"hp": 31, "atk": 31, "def": 31, "spa": 31, "spd": 31, "spe": 31}, "item": "Loaded Dice", "teraType": "Steel", "role": "Fast Bulky Setup", "bvs": {"hp": 76, "atk": 147, "def": 90, "spa": 60, "spd": 70, "spe": 97}, "stats": {"hp": 244, "atk": 271, "def": 183, "spa": 137, "spd": 152, "spe": 194}, "types": ["Dragon"]}, "Glalie": {"name": "Glalie", "species": "Glalie", "speciesId": "glalie", "gender": "M", "shiny": false, "level": 96, "moves": ["earthquake", "freezedry", "spikes", "taunt"], "ability": "Inner Focus", "evs": {"hp": 85, "atk": 85, "def": 85, "spa": 85, "spd": 85, "spe": 85}, "ivs": {"hp": 31, "atk": 31, "def": 31, "spa": 31, "spd": 31, "spe": 31}, "item": "Heavy-Duty Boots", "teraType": "Ground", "role": "Fast Support", "bvs": {"hp": 80, "atk": 80, "def": 80, "spa": 80, "spd": 80, "spe": 80}, "stats": {"hp": 309, "atk": 208, "def": 208, "spa": 208, "spd": 208, "spe": 208}, "types": ["Ice"]}}]}