{"id": "gen9randombattle-2641151039", "format": "[Gen 9] Random Battle", "players": ["fucksnapchat", "lectruist6"], "log": "|j|\u2606fucksnapchat\n|j|\u203dlectruist6\n|t:|1782746811\n|gametype|singles\n|player|p1|fucksnapchat|170|1436\n|player|p2|lectruist6|gardenia|1461\n|gen|9\n|tier|[Gen 9] Random Battle\n|rated|\n|rule|Species Clause: Limit one of each Pok\u00e9mon\n|rule|HP Percentage Mod: HP is shown in percentages\n|rule|Sleep Clause Mod: Limit one foe put to sleep\n|rule|Illusion Level Mod: Illusion disguises the Pok\u00e9mon's true level\n|\n|t:|1782746811\n|teamsize|p1|6\n|teamsize|p2|6\n|start\n|switch|p1a: Shaymin|Shaymin-Sky, L73|266/266\n|switch|p2a: Iron Valiant|Iron Valiant, L78|244/244\n|turn|1\n|\n|t:|1782746834\n|-end|p2a: Iron Valiant|Quark Drive|[silent]\n|switch|p2a: Vikavolt|Vikavolt, L83, F|263/263\n|move|p1a: Shaymin|Air Slash|p2a: Vikavolt|[miss]\n|-miss|p1a: Shaymin|p2a: Vikavolt\n|\n|upkeep\n|turn|2\n|\n|t:|1782746844\n|move|p1a: Shaymin|Air Slash|p2a: Vikavolt\n|-damage|p2a: Vikavolt|187/263\n|move|p2a: Vikavolt|Sticky Web|p1a: Shaymin\n|-sidestart|p1: fucksnapchat|move: Sticky Web\n|\n|upkeep\n|turn|3\n|\n|t:|1782746851\n|move|p1a: Shaymin|Air Slash|p2a: Vikavolt|[miss]\n|-miss|p1a: Shaymin|p2a: Vikavolt\n|move|p2a: Vikavolt|Discharge|p1a: Shaymin\n|-damage|p1a: Shaymin|128/266\n|-status|p1a: Shaymin|par\n|\n|upkeep\n|turn|4\n|\n|t:|1782746858\n|move|p2a: Vikavolt|Discharge|p1a: Shaymin\n|-damage|p1a: Shaymin|0 fnt\n|faint|p1a: Shaymin\n|\n|upkeep\n|\n|t:|1782746869\n|switch|p1a: Baxcalibur|Baxcalibur, L75, F|296/296\n|turn|5\n|\n|t:|1782746877\n|move|p1a: Baxcalibur|Dragon Dance|p1a: Baxcalibur\n|-boost|p1a: Baxcalibur|atk|1\n|-boost|p1a: Baxcalibur|spe|1\n|move|p2a: Vikavolt|Bug Buzz|p1a: Baxcalibur\n|-damage|p1a: Baxcalibur|145/296\n|\n|upkeep\n|turn|6\n|\n|t:|1782746892\n|move|p1a: Baxcalibur|Glaive Rush|p2a: Vikavolt\n|-damage|p2a: Vikavolt|0 fnt\n|-singlemove|p1a: Baxcalibur|Glaive Rush|[silent]\n|faint|p2a: Vikavolt\n|\n|upkeep\n|\n|t:|1782746910\n|switch|p2a: Krookodile|Krookodile, L79, F|280/280\n|-ability|p2a: Krookodile|Intimidate|boost\n|-unboost|p1a: Baxcalibur|atk|1\n|turn|7\n|\n|t:|1782746920\n|switch|p2a: Glalie|Glalie, L96, F|309/309\n|move|p1a: Baxcalibur|Icicle Crash|p2a: Glalie|[miss]\n|-miss|p1a: Baxcalibur|p2a: Glalie\n|\n|upkeep\n|turn|8\n|\n|t:|1782746930\n|move|p1a: Baxcalibur|Dragon Dance|p1a: Baxcalibur\n|-boost|p1a: Baxcalibur|atk|1\n|-boost|p1a: Baxcalibur|spe|1\n|move|p2a: Glalie|Freeze-Dry|p1a: Baxcalibur\n|-damage|p1a: Baxcalibur|57/296\n|\n|upkeep\n|turn|9\n|\n|t:|1782746939\n|move|p1a: Baxcalibur|Earthquake|p2a: Glalie\n|-damage|p2a: Glalie|192/309\n|move|p2a: Glalie|Freeze-Dry|p1a: Baxcalibur\n|-damage|p1a: Baxcalibur|0 fnt\n|faint|p1a: Baxcalibur\n|\n|upkeep\n|\n|t:|1782746948\n|switch|p1a: Tauros|Tauros-Paldea-Blaze, L81, M|254/254\n|-activate|p1a: Tauros|move: Sticky Web\n|-unboost|p1a: Tauros|spe|1\n|-ability|p1a: Tauros|Intimidate|boost\n|-fail|p2a: Glalie|unboost|Attack|[from] ability: Inner Focus|[of] p2a: Glalie\n|turn|10\n|\n|t:|1782746979\n|switch|p2a: Dragonite|Dragonite, L74, F|257/257\n|move|p1a: Tauros|Flare Blitz|p2a: Dragonite\n|-resisted|p2a: Dragonite\n|-damage|p2a: Dragonite|206/257\n|-damage|p1a: Tauros|237/254|[from] Recoil\n|\n|upkeep\n|turn|11\n|\n|t:|1782746993\n|switch|p1a: Dondozo|Dondozo, L78, F|362/362\n|-activate|p1a: Dondozo|move: Sticky Web\n|-unboost|p1a: Dondozo|spe|1\n|move|p2a: Dragonite|Dragon Dance|p2a: Dragonite\n|-boost|p2a: Dragonite|atk|1\n|-boost|p2a: Dragonite|spe|1\n|\n|upkeep\n|turn|12\n|\n|t:|1782747003\n|move|p2a: Dragonite|Outrage|p1a: Dondozo\n|-damage|p1a: Dondozo|250/362\n|move|p1a: Dondozo|Curse|p1a: Dondozo\n|-unboost|p1a: Dondozo|spe|1\n|-boost|p1a: Dondozo|atk|1\n|-boost|p1a: Dondozo|def|1\n|\n|-heal|p1a: Dondozo|272/362|[from] item: Leftovers\n|upkeep\n|turn|13\n|\n|t:|1782747011\n|move|p2a: Dragonite|Outrage|p1a: Dondozo|[from] lockedmove\n|-damage|p1a: Dondozo|200/362\n|-start|p2a: Dragonite|confusion|[fatigue]\n|move|p1a: Dondozo|Curse|p1a: Dondozo\n|-unboost|p1a: Dondozo|spe|1\n|-boost|p1a: Dondozo|atk|1\n|-boost|p1a: Dondozo|def|1\n|\n|-heal|p1a: Dondozo|222/362|[from] item: Leftovers\n|upkeep\n|turn|14\n|\n|t:|1782747024\n|switch|p2a: Glalie|Glalie, L96, F|192/309\n|move|p1a: Dondozo|Wave Crash|p2a: Glalie\n|-damage|p2a: Glalie|0 fnt\n|faint|p2a: Glalie\n|-damage|p1a: Dondozo|159/362|[from] Recoil\n|\n|-heal|p1a: Dondozo|181/362|[from] item: Leftovers\n|upkeep\n|\n|t:|1782747037\n|switch|p2a: Farigiraf|Farigiraf, L90, M|362/362\n|turn|15\n|\n|t:|1782747043\n|move|p2a: Farigiraf|Psychic Noise|p1a: Dondozo\n|-damage|p1a: Dondozo|51/362\n|-start|p1a: Dondozo|move: Heal Block\n|move|p1a: Dondozo|Wave Crash|p2a: Farigiraf\n|-damage|p2a: Farigiraf|113/362\n|-damage|p1a: Dondozo|0 fnt|[from] Recoil\n|faint|p1a: Dondozo\n|\n|-heal|p2a: Farigiraf|135/362|[from] item: Leftovers\n|upkeep\n|\n|t:|1782747055\n|switch|p1a: Tauros|Tauros-Paldea-Blaze, L81, M|237/254\n|-activate|p1a: Tauros|move: Sticky Web\n|-unboost|p1a: Tauros|spe|1\n|-ability|p1a: Tauros|Intimidate|boost\n|-unboost|p2a: Farigiraf|atk|1\n|turn|16\n|\n|t:|1782747065\n|move|p2a: Farigiraf|Psychic Noise|p1a: Tauros\n|-supereffective|p1a: Tauros\n|-damage|p1a: Tauros|0 fnt\n|faint|p1a: Tauros\n|\n|-heal|p2a: Farigiraf|157/362|[from] item: Leftovers\n|upkeep\n|\n|t:|1782747072\n|switch|p1a: Samurott|Samurott-Hisui, L77, M|265/265\n|-activate|p1a: Samurott|move: Sticky Web\n|-unboost|p1a: Samurott|spe|1\n|turn|17\n|\n|t:|1782747085\n|move|p2a: Farigiraf|Protect|p2a: Farigiraf\n|-singleturn|p2a: Farigiraf|Protect\n|move|p1a: Samurott|Swords Dance|p1a: Samurott\n|-boost|p1a: Samurott|atk|2\n|\n|-heal|p2a: Farigiraf|179/362|[from] item: Leftovers\n|upkeep\n|turn|18\n|\n|t:|1782747095\n|move|p2a: Farigiraf|Body Slam|p1a: Samurott\n|-damage|p1a: Samurott|192/265\n|move|p1a: Samurott|Ceaseless Edge|p2a: Farigiraf\n|-supereffective|p2a: Farigiraf\n|-damage|p2a: Farigiraf|0 fnt\n|-sidestart|p2: lectruist6|Spikes\n|faint|p2a: Farigiraf\n|-damage|p1a: Samurott|166/265|[from] item: Life Orb\n|\n|upkeep\n|\n|t:|1782747104\n|switch|p2a: Iron Valiant|Iron Valiant, L78|244/244\n|-damage|p2a: Iron Valiant|214/244|[from] Spikes\n|turn|19\n|\n|t:|1782747114\n|move|p2a: Iron Valiant|Close Combat|p1a: Samurott\n|-supereffective|p1a: Samurott\n|-damage|p1a: Samurott|0 fnt\n|-unboost|p2a: Iron Valiant|def|1\n|-unboost|p2a: Iron Valiant|spd|1\n|faint|p1a: Samurott\n|-damage|p2a: Iron Valiant|190/244|[from] item: Life Orb\n|\n|upkeep\n|\n|t:|1782747121\n|switch|p1a: Tinkaton|Tinkaton, L82, F|274/274\n|-activate|p1a: Tinkaton|move: Sticky Web\n|-unboost|p1a: Tinkaton|spe|1\n|-ability|p1a: Tinkaton|Mold Breaker\n|turn|20\n|\n|t:|1782747131\n|-end|p2a: Iron Valiant|Quark Drive|[silent]\n|switch|p2a: Krookodile|Krookodile, L79, F|280/280\n|-damage|p2a: Krookodile|245/280|[from] Spikes\n|-ability|p2a: Krookodile|Intimidate|boost\n|-unboost|p1a: Tinkaton|atk|1\n|move|p1a: Tinkaton|Swords Dance|p1a: Tinkaton\n|-boost|p1a: Tinkaton|atk|2\n|\n|upkeep\n|turn|21\n|\n|t:|1782747147\n|move|p2a: Krookodile|Earthquake|p1a: Tinkaton\n|-supereffective|p1a: Tinkaton\n|-damage|p1a: Tinkaton|0 fnt\n|faint|p1a: Tinkaton\n|-damage|p2a: Krookodile|217/280|[from] item: Life Orb\n|\n|win|lectruist6\n|raw|fucksnapchat's rating: 1436 &rarr; <strong>1417</strong><br />(-19 for losing)\n|raw|lectruist6's rating: 1461 &rarr; <strong>1480</strong><br />(+19 for winning)\n", "inputlog": ">version f8ac14003a5f27e1bdc8d8c59608a773c1cb96e5\n>start {\"formatid\":\"gen9randombattle\",\"seed\":\"sodium,0868c92db5fb43576e8db870baa03bcb\",\"rated\":\"Rated battle\"}\n>player p1 {\"name\":\"fucksnapchat\",\"avatar\":\"170\",\"rating\":1436,\"seed\":\"sodium,79398bbd0bc6b93b493ba28551eb7d10\"}\n>player p2 {\"name\":\"lectruist6\",\"avatar\":\"gardenia\",\"rating\":1461,\"seed\":\"sodium,0f22166ba51dccd46a1bf70f1389dc1a\"}\n>p1 move airslash\n>p2 switch 3\n>p1 move airslash\n>p2 move stickyweb\n>p1 move airslash\n>p2 move discharge\n>p1 move airslash\n>p2 move discharge\n>p1 switch 4\n>p1 move dragondance\n>p2 move bugbuzz\n>p1 move glaiverush\n>p2 move bugbuzz\n>p2 switch 2\n>p1 move iciclecrash\n>p2 switch 5\n>p1 move dragondance\n>p2 move freezedry\n>p1 move earthquake\n>p2 move freezedry\n>p1 switch 6\n>p1 move flareblitz\n>p2 switch 6\n>p1 switch 3\n>p2 move dragondance\n>p1 move curse\n>p2 move outrage\n>p1 move curse\n>p2 move outrage\n>p1 move wavecrash\n>p2 switch 6\n>p2 switch 4\n>p1 move wavecrash\n>p2 move psychicnoise\n>p1 switch 3\n>p1 move stoneedge\n>p2 move psychicnoise\n>p1 switch 2\n>p1 move swordsdance\n>p2 move protect\n>p1 move ceaselessedge\n>p2 move bodyslam\n>p2 switch 3\n>p1 move razorshell\n>p2 move closecombat\n>p1 switch 5\n>p1 move swordsdance\n>p2 switch 5\n>p1 move playrough\n>p2 move earthquake", "uploadtime": 1782747152, "views": 6, "formatid": "gen9randombattle", "rating": 1417, "private": 0, "password": null, "player_dets": [{"name": "fucksnapchat", "avatar": "170", "rating": 1436, "seed": "sodium,79398bbd0bc6b93b493ba28551eb7d10"}, {"name": "lectruist6", "avatar": "gardenia", "rating": 1461, "seed": "sodium,0f22166ba51dccd46a1bf70f1389dc1a"}], "teams_full": [{"Shaymin": {"name": "Shaymin", "species": "Shaymin-Sky", "speciesId": "shayminsky", "gender": "N", "shiny": false, "level": 73, "moves": ["earthpower", "airslash", "seedflare", "synthesis"], "ability": "Serene Grace", "evs": {"hp": 85, "atk": 0, "def": 85, "spa": 85, "spd": 85, "spe": 85}, "ivs": {"hp": 31, "atk": 0, "def": 31, "spa": 31, "spd": 31, "spe": 31}, "item": "Heavy-Duty Boots", "teraType": "Steel", "role": "Bulky Attacker", "bvs": {"hp": 100, "atk": 103, "def": 75, "spa": 120, "spd": 75, "spe": 127}, "stats": {"hp": 266, "atk": 155, "def": 152, "spa": 218, "spd": 152, "spe": 228}, "types": ["Grass", "Flying"]}, "Samurott": {"name": "Samurott", "species": "Samurott-Hisui", "speciesId": "samurotthisui", "gender": "M", "shiny": false, "level": 77, "moves": ["swordsdance", "ceaselessedge", "razorshell", "sacredsword"], "ability": "Sharpness", "evs": {"hp": 85, "atk": 85, "def": 85, "spa": 85, "spd": 85, "spe": 85}, "ivs": {"hp": 31, "atk": 31, "def": 31, "spa": 31, "spd": 31, "spe": 31}, "item": "Life Orb", "teraType": "Water", "role": "Fast Attacker", "bvs": {"hp": 90, "atk": 108, "def": 80, "spa": 100, "spd": 65, "spe": 85}, "stats": {"hp": 265, "atk": 211, "def": 168, "spa": 199, "spd": 145, "spe": 175}, "types": ["Water", "Dark"]}, "Dondozo": {"name": "Dondozo", "species": "Dondozo", "speciesId": "dondozo", "gender": "F", "shiny": false, "level": 78, "moves": ["sleeptalk", "wavecrash", "rest", "curse"], "ability": "Unaware", "evs": {"hp": 85, "atk": 85, "def": 85, "spa": 85, "spd": 85, "spe": 85}, "ivs": {"hp": 31, "atk": 31, "def": 31, "spa": 31, "spd": 31, "spe": 31}, "item": "Leftovers", "teraType": "Dragon", "role": "Bulky Setup", "bvs": {"hp": 150, "atk": 100, "def": 115, "spa": 65, "spd": 65, "spe": 35}, "stats": {"hp": 362, "atk": 201, "def": 224, "spa": 146, "spd": 146, "spe": 100}, "types": ["Water"]}, "Baxcalibur": {"name": "Baxcalibur", "species": "Baxcalibur", "speciesId": "baxcalibur", "gender": "F", "shiny": false, "level": 75, "moves": ["earthquake", "glaiverush", "iciclecrash", "dragondance"], "ability": "Thermal Exchange", "evs": {"hp": 85, "atk": 85, "def": 85, "spa": 85, "spd": 85, "spe": 85}, "ivs": {"hp": 31, "atk": 31, "def": 31, "spa": 31, "spd": 31, "spe": 31}, "item": "Heavy-Duty Boots", "teraType": "Ground", "role": "Setup Sweeper", "bvs": {"hp": 115, "atk": 145, "def": 92, "spa": 75, "spd": 86, "spe": 87}, "stats": {"hp": 296, "atk": 261, "def": 182, "spa": 156, "spd": 173, "spe": 174}, "types": ["Dragon", "Ice"]}, "Tinkaton": {"name": "Tinkaton", "species": "Tinkaton", "speciesId": "tinkaton", "gender": "F", "shiny": false, "level": 82, "moves": ["swordsdance", "knockoff", "playrough", "gigatonhammer"], "ability": "Mold Breaker", "evs": {"hp": 85, "atk": 85, "def": 85, "spa": 85, "spd": 85, "spe": 85}, "ivs": {"hp": 31, "atk": 31, "def": 31, "spa": 31, "spd": 31, "spe": 31}, "item": "Leftovers", "teraType": "Steel", "role": "Bulky Setup", "bvs": {"hp": 85, "atk": 75, "def": 77, "spa": 70, "spd": 105, "spe": 94}, "stats": {"hp": 274, "atk": 170, "def": 173, "spa": 162, "spd": 219, "spe": 201}, "types": ["Fairy", "Steel"]}, "Tauros": {"name": "Tauros", "species": "Tauros-Paldea-Blaze", "speciesId": "taurospaldeablaze", "gender": "M", "shiny": false, "level": 81, "moves": ["flareblitz", "stoneedge", "closecombat", "wildcharge"], "ability": "Intimidate", "evs": {"hp": 85, "atk": 85, "def": 85, "spa": 85, "spd": 85, "spe": 85}, "ivs": {"hp": 31, "atk": 31, "def": 31, "spa": 31, "spd": 31, "spe": 31}, "item": "Choice Band", "teraType": "Fighting", "role": "Wallbreaker", "bvs": {"hp": 75, "atk": 110, "def": 105, "spa": 30, "spd": 70, "spe": 100}, "stats": {"hp": 254, "atk": 225, "def": 217, "spa": 95, "spd": 160, "spe": 209}, "types": ["Fighting", "Fire"]}}, {"Iron Valiant": {"name": "Iron Valiant", "species": "Iron Valiant", "speciesId": "ironvaliant", "gender": "N", "shiny": false, "level": 78, "moves": ["psychic", "calmmind", "closecombat", "moonblast"], "ability": "Quark Drive", "evs": {"hp": 85, "atk": 85, "def": 85, "spa": 85, "spd": 85, "spe": 85}, "ivs": {"hp": 31, "atk": 31, "def": 31, "spa": 31, "spd": 31, "spe": 31}, "item": "Life Orb", "teraType": "Fairy", "role": "Fast Attacker", "bvs": {"hp": 74, "atk": 130, "def": 90, "spa": 120, "spd": 60, "spe": 116}, "stats": {"hp": 244, "atk": 248, "def": 185, "spa": 232, "spd": 139, "spe": 226}, "types": ["Fairy", "Fighting"]}, "Krookodile": {"name": "Krookodile", "species": "Krookodile", "speciesId": "krookodile", "gender": "F", "shiny": false, "level": 79, "moves": ["stealthrock", "earthquake", "knockoff", "gunkshot"], "ability": "Intimidate", "evs": {"hp": 85, "atk": 85, "def": 85, "spa": 85, "spd": 85, "spe": 85}, "ivs": {"hp": 31, "atk": 31, "def": 31, "spa": 31, "spd": 31, "spe": 31}, "item": "Life Orb", "teraType": "Ground", "role": "Fast Attacker", "bvs": {"hp": 95, "atk": 117, "def": 80, "spa": 65, "spd": 70, "spe": 92}, "stats": {"hp": 280, "atk": 230, "def": 172, "spa": 148, "spd": 156, "spe": 191}, "types": ["Ground", "Dark"]}, "Vikavolt": {"name": "Vikavolt", "species": "Vikavolt", "speciesId": "vikavolt", "gender": "F", "shiny": false, "level": 83, "moves": ["discharge", "stickyweb", "energyball", "bugbuzz"], "ability": "Levitate", "evs": {"hp": 85, "atk": 0, "def": 85, "spa": 85, "spd": 85, "spe": 85}, "ivs": {"hp": 31, "atk": 0, "def": 31, "spa": 31, "spd": 31, "spe": 31}, "item": "Heavy-Duty Boots", "teraType": "Electric", "role": "Bulky Support", "bvs": {"hp": 77, "atk": 70, "def": 90, "spa": 145, "spd": 75, "spe": 43}, "stats": {"hp": 263, "atk": 121, "def": 197, "spa": 288, "spd": 172, "spe": 119}, "types": ["Bug", "Electric"]}, "Farigiraf": {"name": "Farigiraf", "species": "Farigiraf", "speciesId": "farigiraf", "gender": "M", "shiny": false, "level": 90, "moves": ["psychicnoise", "wish", "protect", "bodyslam"], "ability": "Sap Sipper", "evs": {"hp": 85, "atk": 85, "def": 85, "spa": 85, "spd": 85, "spe": 85}, "ivs": {"hp": 31, "atk": 31, "def": 31, "spa": 31, "spd": 31, "spe": 31}, "item": "Leftovers", "teraType": "Fairy", "role": "Bulky Support", "bvs": {"hp": 120, "atk": 90, "def": 70, "spa": 110, "spd": 70, "spe": 60}, "stats": {"hp": 362, "atk": 213, "def": 177, "spa": 249, "spd": 177, "spe": 159}, "types": ["Normal", "Psychic"]}, "Glalie": {"name": "Glalie", "species": "Glalie", "speciesId": "glalie", "gender": "F", "shiny": false, "level": 96, "moves": ["earthquake", "spikes", "freezedry", "taunt"], "ability": "Inner Focus", "evs": {"hp": 85, "atk": 85, "def": 85, "spa": 85, "spd": 85, "spe": 85}, "ivs": {"hp": 31, "atk": 31, "def": 31, "spa": 31, "spd": 31, "spe": 31}, "item": "Heavy-Duty Boots", "teraType": "Ground", "role": "Fast Support", "bvs": {"hp": 80, "atk": 80, "def": 80, "spa": 80, "spd": 80, "spe": 80}, "stats": {"hp": 309, "atk": 208, "def": 208, "spa": 208, "spd": 208, "spe": 208}, "types": ["Ice"]}, "Dragonite": {"name": "Dragonite", "species": "Dragonite", "speciesId": "dragonite", "gender": "F", "shiny": false, "level": 74, "moves": ["outrage", "ironhead", "earthquake", "dragondance"], "ability": "Multiscale", "evs": {"hp": 85, "atk": 85, "def": 85, "spa": 85, "spd": 85, "spe": 85}, "ivs": {"hp": 31, "atk": 31, "def": 31, "spa": 31, "spd": 31, "spe": 31}, "item": "Heavy-Duty Boots", "teraType": "Steel", "role": "Setup Sweeper", "bvs": {"hp": 91, "atk": 134, "def": 95, "spa": 100, "spd": 100, "spe": 80}, "stats": {"hp": 257, "atk": 241, "def": 184, "spa": 191, "spd": 191, "spe": 161}, "types": ["Dragon", "Flying"]}}]}