{"id": "gen9randombattle-2641590352", "format": "[Gen 9] Random Battle", "players": ["testbotcif", "High gb HR"], "log": "|j|\u2606testbotcif\n|j|\u2606High gb HR\n|t:|1782814367\n|gametype|singles\n|player|p1|testbotcif|266|1130\n|player|p2|High gb HR|ltsurge|1118\n|gen|9\n|tier|[Gen 9] Random Battle\n|rated|\n|rule|Species Clause: Limit one of each Pok\u00e9mon\n|rule|HP Percentage Mod: HP is shown in percentages\n|rule|Sleep Clause Mod: Limit one foe put to sleep\n|rule|Illusion Level Mod: Illusion disguises the Pok\u00e9mon's true level\n|\n|t:|1782814367\n|teamsize|p1|6\n|teamsize|p2|6\n|start\n|switch|p1a: Mienshao|Mienshao, L83, F|244/244\n|switch|p2a: Decidueye|Decidueye, L88, F|281/281\n|turn|1\n|inactive|Battle timer is ON: inactive players will automatically lose when time's up. (requested by testbotcif)\n|c|\u2606testbotcif|rlhf\n|\n|t:|1782814384\n|move|p1a: Mienshao|Knock Off|p2a: Decidueye\n|-supereffective|p2a: Decidueye\n|-damage|p2a: Decidueye|93/281\n|-enditem|p2a: Decidueye|Heavy-Duty Boots|[from] move: Knock Off|[of] p1a: Mienshao\n|move|p2a: Decidueye|U-turn|p1a: Mienshao\n|-resisted|p1a: Mienshao\n|-damage|p1a: Mienshao|208/244\n|\n|t:|1782814395\n|switch|p2a: Hatterene|Hatterene, L85, F|236/236|[from] U-turn\n|\n|upkeep\n|turn|2\n|\n|t:|1782814403\n|switch|p1a: Regirock|Regirock, L83|268/268\n|move|p2a: Hatterene|Calm Mind|p2a: Hatterene\n|-boost|p2a: Hatterene|spa|1\n|-boost|p2a: Hatterene|spd|1\n|\n|upkeep\n|turn|3\n|\n|t:|1782814415\n|move|p1a: Regirock|Stone Edge|p2a: Hatterene\n|-damage|p2a: Hatterene|143/236\n|move|p2a: Hatterene|Psychic|p1a: Regirock\n|-damage|p1a: Regirock|100/268\n|\n|-heal|p2a: Hatterene|157/236|[from] item: Leftovers\n|upkeep\n|turn|4\n|\n|t:|1782814419\n|move|p1a: Regirock|Stone Edge|p2a: Hatterene\n|-damage|p2a: Hatterene|48/236\n|move|p2a: Hatterene|Psychic|p1a: Regirock\n|-damage|p1a: Regirock|0 fnt\n|faint|p1a: Regirock\n|\n|-heal|p2a: Hatterene|62/236|[from] item: Leftovers\n|upkeep\n|\n|t:|1782814419\n|switch|p1a: Tornadus|Tornadus, L82, M|263/263\n|turn|5\n|\n|t:|1782814425\n|move|p1a: Tornadus|Bleakwind Storm|p2a: Hatterene\n|-damage|p2a: Hatterene|0 fnt\n|faint|p2a: Hatterene\n|\n|upkeep\n|\n|t:|1782814443\n|switch|p2a: Primarina|Primarina, L83, F|268/268\n|turn|6\n|\n|t:|1782814449\n|move|p1a: Tornadus|Bleakwind Storm|p2a: Primarina\n|-damage|p2a: Primarina|111/268\n|move|p2a: Primarina|Moonblast|p1a: Tornadus\n|-damage|p1a: Tornadus|79/263\n|\n|upkeep\n|turn|7\n|\n|t:|1782814453\n|move|p1a: Tornadus|Bleakwind Storm|p2a: Primarina\n|-damage|p2a: Primarina|0 fnt\n|faint|p2a: Primarina\n|\n|upkeep\n|\n|t:|1782814463\n|switch|p2a: Arceus|Arceus-Poison, L70|284/284\n|turn|8\n|\n|t:|1782814465\n|move|p2a: Arceus|Extreme Speed|p1a: Tornadus\n|-damage|p1a: Tornadus|21/263\n|move|p1a: Tornadus|Bleakwind Storm|p2a: Arceus\n|-crit|p2a: Arceus\n|-damage|p2a: Arceus|14/284\n|-unboost|p2a: Arceus|spe|1\n|\n|upkeep\n|turn|9\n|\n|t:|1782814471\n|move|p2a: Arceus|Extreme Speed|p1a: Tornadus\n|-damage|p1a: Tornadus|0 fnt\n|faint|p1a: Tornadus\n|\n|upkeep\n|\n|t:|1782814471\n|switch|p1a: Jolteon|Jolteon, L84, M|246/246\n|turn|10\n|\n|t:|1782814482\n|move|p2a: Arceus|Extreme Speed|p1a: Jolteon\n|-damage|p1a: Jolteon|188/246\n|move|p1a: Jolteon|Thunderbolt|p2a: Arceus\n|-damage|p2a: Arceus|0 fnt\n|faint|p2a: Arceus\n|-damage|p1a: Jolteon|164/246|[from] item: Life Orb\n|\n|upkeep\n|\n|t:|1782814492\n|switch|p2a: Decidueye|Decidueye, L88, F|93/281\n|turn|11\n|\n|t:|1782814494\n|move|p1a: Jolteon|Shadow Ball|p2a: Decidueye\n|-supereffective|p2a: Decidueye\n|-damage|p2a: Decidueye|0 fnt\n|faint|p2a: Decidueye\n|-damage|p1a: Jolteon|140/246|[from] item: Life Orb\n|\n|upkeep\n|\n|t:|1782814499\n|switch|p2a: Gurdurr|Gurdurr, L85, M|283/283\n|turn|12\n|\n|t:|1782814501\n|-terastallize|p1a: Jolteon|Electric\n|move|p1a: Jolteon|Calm Mind|p1a: Jolteon\n|-boost|p1a: Jolteon|spa|1\n|-boost|p1a: Jolteon|spd|1\n|move|p2a: Gurdurr|Knock Off|p1a: Jolteon\n|-damage|p1a: Jolteon|39/246\n|-enditem|p1a: Jolteon|Life Orb|[from] move: Knock Off|[of] p2a: Gurdurr\n|\n|upkeep\n|turn|13\n|\n|t:|1782814511\n|move|p2a: Gurdurr|Mach Punch|p1a: Jolteon\n|-damage|p1a: Jolteon|0 fnt\n|faint|p1a: Jolteon\n|\n|upkeep\n|\n|t:|1782814511\n|switch|p1a: Ogerpon|Ogerpon-Hearthflame, L74, F|239/239\n|-ability|p1a: Ogerpon|Mold Breaker\n|turn|14\n|\n|t:|1782814519\n|move|p1a: Ogerpon|Swords Dance|p1a: Ogerpon\n|-boost|p1a: Ogerpon|atk|2\n|move|p2a: Gurdurr|Knock Off|p1a: Ogerpon\n|-damage|p1a: Ogerpon|182/239\n|\n|upkeep\n|turn|15\n|\n|t:|1782814526\n|move|p1a: Ogerpon|Ivy Cudgel|p2a: Gurdurr|[anim] Ivy Cudgel Fire\n|-crit|p2a: Gurdurr\n|-damage|p2a: Gurdurr|63/283\n|move|p2a: Gurdurr|Bulk Up|p2a: Gurdurr\n|-boost|p2a: Gurdurr|atk|1\n|-boost|p2a: Gurdurr|def|1\n|\n|upkeep\n|turn|16\n|\n|t:|1782814531\n|move|p2a: Gurdurr|Mach Punch|p1a: Ogerpon\n|-damage|p1a: Ogerpon|101/239\n|move|p1a: Ogerpon|Ivy Cudgel|p2a: Gurdurr|[anim] Ivy Cudgel Fire\n|-damage|p2a: Gurdurr|0 fnt\n|faint|p2a: Gurdurr\n|\n|upkeep\n|\n|t:|1782814537\n|switch|p2a: Toucannon|Toucannon, L88, M|284/284\n|turn|17\n|\n|t:|1782814544\n|move|p1a: Ogerpon|Ivy Cudgel|p2a: Toucannon|[anim] Ivy Cudgel Fire\n|-damage|p2a: Toucannon|43/284\n|move|p2a: Toucannon|Boomburst|p1a: Ogerpon\n|-damage|p1a: Ogerpon|0 fnt\n|faint|p1a: Ogerpon\n|\n|upkeep\n|\n|t:|1782814545\n|switch|p1a: Mienshao|Mienshao, L83, F|244/244\n|turn|18\n|\n|t:|1782814553\n|move|p1a: Mienshao|Close Combat|p2a: Toucannon\n|-damage|p2a: Toucannon|0 fnt\n|-unboost|p1a: Mienshao|def|1\n|-unboost|p1a: Mienshao|spd|1\n|faint|p2a: Toucannon\n|\n|win|testbotcif\n|raw|testbotcif's rating: 1130 &rarr; <strong>1154</strong><br />(+24 for winning)\n|raw|High gb HR's rating: 1118 &rarr; <strong>1094</strong><br />(-24 for losing)\n", "inputlog": ">version f8ac14003a5f27e1bdc8d8c59608a773c1cb96e5\n>start {\"formatid\":\"gen9randombattle\",\"seed\":\"sodium,994112453c44febf8865d9a027ba3cd3\",\"rated\":\"Rated battle\"}\n>player p1 {\"name\":\"testbotcif\",\"avatar\":\"266\",\"rating\":1130,\"seed\":\"sodium,4724a8a51ac3b3b275ff4f5c530959a7\"}\n>player p2 {\"name\":\"High gb HR\",\"avatar\":\"ltsurge\",\"rating\":1118,\"seed\":\"sodium,cfa573cc36dba3aaffd446700b8bd468\"}\n>chat \u2606testbotcif|rlhf\n>p1 move knockoff\n>p2 move uturn\n>p2 switch 5\n>p1 switch 3\n>p2 move calmmind\n>p1 move stoneedge\n>p2 move psychic\n>p1 move stoneedge\n>p2 move psychic\n>p1 switch 6\n>p1 move bleakwindstorm\n>p2 move mysticalfire\n>p2 switch 4\n>p1 move bleakwindstorm\n>p2 move moonblast\n>p1 move bleakwindstorm\n>p2 move moonblast\n>p2 switch 6\n>p1 move bleakwindstorm\n>p2 move extremespeed\n>p1 move bleakwindstorm\n>p2 move extremespeed\n>p1 switch 5\n>p1 move thunderbolt\n>p2 move extremespeed\n>p2 switch 5\n>p1 move shadowball\n>p2 move roost\n>p2 switch 3\n>p1 move calmmind terastallize\n>p2 move knockoff\n>p1 move thunderbolt\n>p2 move machpunch\n>p1 switch 2\n>p1 move swordsdance\n>p2 move knockoff\n>p1 move ivycudgel\n>p2 move bulkup\n>p1 move ivycudgel\n>p2 move machpunch\n>p2 switch 2\n>p1 move ivycudgel\n>p2 move boomburst\n>p1 switch 3\n>p1 move closecombat\n>p2 move roost", "uploadtime": 1782814553, "views": 5, "formatid": "gen9randombattle", "rating": 1094, "private": 0, "password": null, "player_dets": [{"name": "testbotcif", "avatar": "266", "rating": 1130, "seed": "sodium,4724a8a51ac3b3b275ff4f5c530959a7"}, {"name": "High gb HR", "avatar": "ltsurge", "rating": 1118, "seed": "sodium,cfa573cc36dba3aaffd446700b8bd468"}], "teams_full": [{"Mienshao": {"name": "Mienshao", "species": "Mienshao", "speciesId": "mienshao", "gender": "F", "shiny": false, "level": 83, "moves": ["fakeout", "uturn", "knockoff", "closecombat"], "ability": "Regenerator", "evs": {"hp": 85, "atk": 85, "def": 85, "spa": 85, "spd": 85, "spe": 85}, "ivs": {"hp": 31, "atk": 31, "def": 31, "spa": 31, "spd": 31, "spe": 31}, "item": "Assault Vest", "teraType": "Steel", "role": "AV Pivot", "bvs": {"hp": 65, "atk": 125, "def": 60, "spa": 95, "spd": 60, "spe": 105}, "stats": {"hp": 244, "atk": 255, "def": 147, "spa": 205, "spd": 147, "spe": 222}, "types": ["Fighting"]}, "Ogerpon": {"name": "Ogerpon", "species": "Ogerpon-Hearthflame", "speciesId": "ogerponhearthflame", "gender": "F", "shiny": false, "level": 74, "moves": ["knockoff", "swordsdance", "hornleech", "ivycudgel"], "ability": "Mold Breaker", "evs": {"hp": 77, "atk": 85, "def": 85, "spa": 85, "spd": 85, "spe": 85}, "ivs": {"hp": 31, "atk": 31, "def": 31, "spa": 31, "spd": 31, "spe": 31}, "item": "Hearthflame Mask", "teraType": "Fire", "role": "Setup Sweeper", "bvs": {"hp": 80, "atk": 120, "def": 84, "spa": 60, "spd": 96, "spe": 110}, "stats": {"hp": 239, "atk": 221, "def": 167, "spa": 132, "spd": 185, "spe": 206}, "types": ["Grass", "Fire"]}, "Regirock": {"name": "Regirock", "species": "Regirock", "speciesId": "regirock", "gender": "N", "shiny": false, "level": 83, "moves": ["curse", "stoneedge", "rest", "bodypress"], "ability": "Clear Body", "evs": {"hp": 85, "atk": 85, "def": 85, "spa": 85, "spd": 85, "spe": 85}, "ivs": {"hp": 31, "atk": 31, "def": 31, "spa": 31, "spd": 31, "spe": 31}, "item": "Chesto Berry", "teraType": "Fighting", "role": "Bulky Setup", "bvs": {"hp": 80, "atk": 100, "def": 200, "spa": 50, "spd": 100, "spe": 50}, "stats": {"hp": 268, "atk": 214, "def": 380, "spa": 131, "spd": 214, "spe": 131}, "types": ["Rock"]}, "Leafeon": {"name": "Leafeon", "species": "Leafeon", "speciesId": "leafeon", "gender": "M", "shiny": false, "level": 88, "moves": ["knockoff", "synthesis", "swordsdance", "leafblade"], "ability": "Chlorophyll", "evs": {"hp": 85, "atk": 85, "def": 85, "spa": 85, "spd": 85, "spe": 85}, "ivs": {"hp": 31, "atk": 31, "def": 31, "spa": 31, "spd": 31, "spe": 31}, "item": "Life Orb", "teraType": "Dark", "role": "Setup Sweeper", "bvs": {"hp": 65, "atk": 110, "def": 130, "spa": 60, "spd": 65, "spe": 95}, "stats": {"hp": 258, "atk": 244, "def": 279, "spa": 156, "spd": 165, "spe": 217}, "types": ["Grass"]}, "Jolteon": {"name": "Jolteon", "species": "Jolteon", "speciesId": "jolteon", "gender": "M", "shiny": false, "level": 84, "moves": ["thunderbolt", "alluringvoice", "shadowball", "calmmind"], "ability": "Volt Absorb", "evs": {"hp": 85, "atk": 0, "def": 85, "spa": 85, "spd": 85, "spe": 85}, "ivs": {"hp": 31, "atk": 0, "def": 31, "spa": 31, "spd": 31, "spe": 31}, "item": "Life Orb", "teraType": "Electric", "role": "Fast Attacker", "bvs": {"hp": 65, "atk": 65, "def": 60, "spa": 110, "spd": 95, "spe": 130}, "stats": {"hp": 246, "atk": 114, "def": 149, "spa": 233, "spd": 208, "spe": 267}, "types": ["Electric"]}, "Tornadus": {"name": "Tornadus", "species": "Tornadus", "speciesId": "tornadus", "gender": "M", "shiny": false, "level": 82, "moves": ["bleakwindstorm", "focusblast", "heatwave", "uturn"], "ability": "Defiant", "evs": {"hp": 81, "atk": 85, "def": 85, "spa": 85, "spd": 85, "spe": 85}, "ivs": {"hp": 31, "atk": 31, "def": 31, "spa": 31, "spd": 31, "spe": 31}, "item": "Choice Specs", "teraType": "Fire", "role": "Fast Attacker", "bvs": {"hp": 79, "atk": 115, "def": 70, "spa": 125, "spd": 80, "spe": 111}, "stats": {"hp": 263, "atk": 236, "def": 162, "spa": 252, "spd": 178, "spe": 229}, "types": ["Flying"]}}, {"Decidueye": {"name": "Decidueye", "species": "Decidueye", "speciesId": "decidueye", "gender": "F", "shiny": false, "level": 88, "moves": ["spiritshackle", "roost", "uturn", "leafstorm"], "ability": "Overgrow", "evs": {"hp": 85, "atk": 85, "def": 85, "spa": 85, "spd": 85, "spe": 85}, "ivs": {"hp": 31, "atk": 31, "def": 31, "spa": 31, "spd": 31, "spe": 31}, "item": "Heavy-Duty Boots", "teraType": "Grass", "role": "Fast Support", "bvs": {"hp": 78, "atk": 107, "def": 75, "spa": 100, "spd": 100, "spe": 70}, "stats": {"hp": 281, "atk": 239, "def": 182, "spa": 226, "spd": 226, "spe": 173}, "types": ["Grass", "Ghost"]}, "Toucannon": {"name": "Toucannon", "species": "Toucannon", "speciesId": "toucannon", "gender": "M", "shiny": false, "level": 88, "moves": ["bulletseed", "boomburst", "roost", "beakblast"], "ability": "Skill Link", "evs": {"hp": 85, "atk": 85, "def": 85, "spa": 85, "spd": 85, "spe": 85}, "ivs": {"hp": 31, "atk": 31, "def": 31, "spa": 31, "spd": 31, "spe": 31}, "item": "Heavy-Duty Boots", "teraType": "Steel", "role": "Bulky Support", "bvs": {"hp": 80, "atk": 120, "def": 75, "spa": 75, "spd": 75, "spe": 60}, "stats": {"hp": 284, "atk": 261, "def": 182, "spa": 182, "spd": 182, "spe": 156}, "types": ["Normal", "Flying"]}, "Gurdurr": {"name": "Gurdurr", "species": "Gurdurr", "speciesId": "gurdurr", "gender": "M", "shiny": false, "level": 85, "moves": ["bulkup", "drainpunch", "machpunch", "knockoff"], "ability": "Guts", "evs": {"hp": 85, "atk": 85, "def": 85, "spa": 85, "spd": 85, "spe": 85}, "ivs": {"hp": 31, "atk": 31, "def": 31, "spa": 31, "spd": 31, "spe": 31}, "item": "Eviolite", "teraType": "Steel", "role": "Bulky Attacker", "bvs": {"hp": 85, "atk": 105, "def": 85, "spa": 40, "spd": 50, "spe": 40}, "stats": {"hp": 283, "atk": 227, "def": 193, "spa": 117, "spd": 134, "spe": 117}, "types": ["Fighting"]}, "Primarina": {"name": "Primarina", "species": "Primarina", "speciesId": "primarina", "gender": "F", "shiny": false, "level": 83, "moves": ["psychic", "hydropump", "flipturn", "moonblast"], "ability": "Torrent", "evs": {"hp": 85, "atk": 85, "def": 85, "spa": 85, "spd": 85, "spe": 85}, "ivs": {"hp": 31, "atk": 31, "def": 31, "spa": 31, "spd": 31, "spe": 31}, "item": "Choice Specs", "teraType": "Water", "role": "Wallbreaker", "bvs": {"hp": 80, "atk": 74, "def": 74, "spa": 126, "spd": 116, "spe": 60}, "stats": {"hp": 268, "atk": 171, "def": 171, "spa": 257, "spd": 240, "spe": 147}, "types": ["Water", "Fairy"]}, "Hatterene": {"name": "Hatterene", "species": "Hatterene", "speciesId": "hatterene", "gender": "F", "shiny": false, "level": 85, "moves": ["psychic", "drainingkiss", "calmmind", "mysticalfire"], "ability": "Magic Bounce", "evs": {"hp": 85, "atk": 0, "def": 85, "spa": 85, "spd": 85, "spe": 85}, "ivs": {"hp": 31, "atk": 0, "def": 31, "spa": 31, "spd": 31, "spe": 31}, "item": "Leftovers", "teraType": "Fairy", "role": "Bulky Setup", "bvs": {"hp": 57, "atk": 90, "def": 95, "spa": 136, "spd": 103, "spe": 29}, "stats": {"hp": 236, "atk": 158, "def": 210, "spa": 280, "spd": 224, "spe": 98}, "types": ["Psychic", "Fairy"]}, "Arceus": {"name": "Arceus", "species": "Arceus-Poison", "speciesId": "arceuspoison", "gender": "N", "shiny": false, "level": 70, "moves": ["earthquake", "gunkshot", "swordsdance", "extremespeed"], "ability": "Multitype", "evs": {"hp": 85, "atk": 85, "def": 85, "spa": 85, "spd": 85, "spe": 85}, "ivs": {"hp": 31, "atk": 31, "def": 31, "spa": 31, "spd": 31, "spe": 31}, "item": "Toxic Plate", "teraType": "Normal", "role": "Fast Bulky Setup", "bvs": {"hp": 120, "atk": 120, "def": 120, "spa": 120, "spd": 120, "spe": 120}, "stats": {"hp": 284, "atk": 209, "def": 209, "spa": 209, "spd": 209, "spe": 209}, "types": ["Poison"]}}]}