{"id": "gen9randombattle-2641558052", "format": "[Gen 9] Random Battle", "players": ["bakavelique", "Osranedupsko"], "log": "|j|\u2606bakavelique\n|j|\u2606Osranedupsko\n|t:|1782807651\n|gametype|singles\n|player|p1|bakavelique|2|2026\n|player|p2|Osranedupsko|janitor|2082\n|gen|9\n|tier|[Gen 9] Random Battle\n|rated|\n|rule|Species Clause: Limit one of each Pok\u00e9mon\n|rule|HP Percentage Mod: HP is shown in percentages\n|rule|Sleep Clause Mod: Limit one foe put to sleep\n|rule|Illusion Level Mod: Illusion disguises the Pok\u00e9mon's true level\n|\n|t:|1782807651\n|teamsize|p1|6\n|teamsize|p2|6\n|start\n|switch|p1a: Noivern|Noivern, L82, M|274/274\n|switch|p2a: Slowking|Slowking, L88, F|310/310\n|turn|1\n|inactive|Battle timer is ON: inactive players will automatically lose when time's up. (requested by Osranedupsko)\n|\n|t:|1782807660\n|move|p1a: Noivern|Hurricane|p2a: Slowking|[miss]\n|-miss|p1a: Noivern|p2a: Slowking\n|move|p2a: Slowking|Thunder Wave|p1a: Noivern\n|-status|p1a: Noivern|par\n|\n|upkeep\n|turn|2\n|\n|t:|1782807668\n|cant|p1a: Noivern|par\n|move|p2a: Slowking|Psychic Noise|p1a: Noivern\n|-damage|p1a: Noivern|183/274 par\n|-start|p1a: Noivern|move: Heal Block\n|\n|upkeep\n|turn|3\n|\n|t:|1782807675\n|switch|p1a: Delphox|Delphox, L84, M|263/263\n|move|p2a: Slowking|Psychic Noise|p1a: Delphox\n|-resisted|p1a: Delphox\n|-damage|p1a: Delphox|225/263\n|-start|p1a: Delphox|move: Heal Block\n|\n|upkeep\n|turn|4\n|\n|t:|1782807679\n|switch|p1a: Hatterene|Hatterene, L85, F|236/236\n|move|p2a: Slowking|Thunder Wave|p1a: Hatterene\n|move|p1a: Hatterene|Thunder Wave|p2a: Slowking|[from] ability: Magic Bounce\n|-status|p2a: Slowking|par\n|\n|upkeep\n|turn|5\n|\n|t:|1782807685\n|switch|p2a: Golurk|Golurk, L87|297/297\n|move|p1a: Hatterene|Calm Mind|p1a: Hatterene\n|-boost|p1a: Hatterene|spa|1\n|-boost|p1a: Hatterene|spd|1\n|\n|upkeep\n|turn|6\n|\n|t:|1782807696\n|switch|p1a: Ogerpon|Ogerpon-Wellspring, L76, F|247/247\n|move|p2a: Golurk|Poltergeist|p1a: Ogerpon\n|-activate|p1a: Ogerpon|move: Poltergeist|Wellspring Mask\n|-damage|p1a: Ogerpon|7/247\n|\n|upkeep\n|turn|7\n|\n|t:|1782807710\n|switch|p2a: Swalot|Swalot, L90, F|326/326\n|move|p1a: Ogerpon|Ivy Cudgel|p2a: Swalot|[anim] Ivy Cudgel Water\n|-damage|p2a: Swalot|194/326\n|\n|-heal|p2a: Swalot|214/326|[from] item: Leftovers\n|upkeep\n|turn|8\n|\n|t:|1782807718\n|move|p1a: Ogerpon|Synthesis|p1a: Ogerpon\n|-heal|p1a: Ogerpon|130/247\n|move|p2a: Swalot|Knock Off|p1a: Ogerpon\n|-damage|p1a: Ogerpon|82/247\n|\n|-heal|p2a: Swalot|234/326|[from] item: Leftovers\n|upkeep\n|turn|9\n|\n|t:|1782807725\n|switch|p1a: Noivern|Noivern, L82, M|183/274 par\n|move|p2a: Swalot|Gunk Shot|p1a: Noivern\n|-damage|p1a: Noivern|50/274 par\n|\n|-heal|p2a: Swalot|254/326|[from] item: Leftovers\n|upkeep\n|turn|10\n|\n|t:|1782807729\n|move|p2a: Swalot|Knock Off|p1a: Noivern\n|-damage|p1a: Noivern|0 fnt\n|-enditem|p1a: Noivern|Heavy-Duty Boots|[from] move: Knock Off|[of] p2a: Swalot\n|faint|p1a: Noivern\n|\n|-heal|p2a: Swalot|274/326|[from] item: Leftovers\n|upkeep\n|\n|t:|1782807733\n|switch|p1a: Delphox|Delphox, L84, M|225/263\n|turn|11\n|\n|t:|1782807746\n|move|p1a: Delphox|Nasty Plot|p1a: Delphox\n|-boost|p1a: Delphox|spa|2\n|move|p2a: Swalot|Earthquake|p1a: Delphox\n|-supereffective|p1a: Delphox\n|-damage|p1a: Delphox|65/263\n|\n|-heal|p2a: Swalot|294/326|[from] item: Leftovers\n|upkeep\n|turn|12\n|\n|t:|1782807755\n|move|p1a: Delphox|Psyshock|p2a: Swalot\n|-supereffective|p2a: Swalot\n|-damage|p2a: Swalot|0 fnt\n|faint|p2a: Swalot\n|\n|upkeep\n|\n|t:|1782807764\n|switch|p2a: Dedenne|Dedenne, L88, F|261/261\n|turn|13\n|\n|t:|1782807768\n|move|p2a: Dedenne|Thunderbolt|p1a: Delphox\n|-damage|p1a: Delphox|0 fnt\n|faint|p1a: Delphox\n|\n|upkeep\n|\n|t:|1782807771\n|switch|p1a: Oricorio|Oricorio-Pom-Pom, L82, M|257/257\n|turn|14\n|\n|t:|1782807779\n|move|p2a: Dedenne|U-turn|p1a: Oricorio\n|-resisted|p1a: Oricorio\n|-damage|p1a: Oricorio|233/257\n|\n|t:|1782807781\n|switch|p2a: Golurk|Golurk, L87|297/297|[from] U-turn\n|move|p1a: Oricorio|Quiver Dance|p1a: Oricorio\n|-boost|p1a: Oricorio|spa|1\n|-boost|p1a: Oricorio|spd|1\n|-boost|p1a: Oricorio|spe|1\n|\n|upkeep\n|turn|15\n|\n|t:|1782807790\n|move|p1a: Oricorio|Hurricane|p2a: Golurk\n|-crit|p2a: Golurk\n|-damage|p2a: Golurk|60/297\n|move|p2a: Golurk|Stone Edge|p1a: Oricorio\n|-supereffective|p1a: Oricorio\n|-damage|p1a: Oricorio|0 fnt\n|faint|p1a: Oricorio\n|\n|upkeep\n|\n|t:|1782807796\n|switch|p1a: Ogerpon|Ogerpon-Wellspring, L76, F|82/247\n|turn|16\n|\n|t:|1782807804\n|switch|p2a: Dedenne|Dedenne, L88, F|261/261\n|move|p1a: Ogerpon|Synthesis|p1a: Ogerpon\n|-heal|p1a: Ogerpon|205/247\n|\n|upkeep\n|turn|17\n|\n|t:|1782807810\n|switch|p1a: Hatterene|Hatterene, L85, F|236/236\n|move|p2a: Dedenne|Nuzzle|p1a: Hatterene\n|-damage|p1a: Hatterene|220/236\n|-status|p1a: Hatterene|par\n|\n|-heal|p1a: Hatterene|234/236 par|[from] item: Leftovers\n|upkeep\n|turn|18\n|\n|t:|1782807816\n|move|p2a: Dedenne|U-turn|p1a: Hatterene\n|-damage|p1a: Hatterene|201/236 par\n|\n|t:|1782807818\n|switch|p2a: Perrserker|Perrserker, L89, M|269/269|[from] U-turn\n|move|p1a: Hatterene|Psyshock|p2a: Perrserker\n|-resisted|p2a: Perrserker\n|-damage|p2a: Perrserker|221/269\n|\n|-heal|p1a: Hatterene|215/236 par|[from] item: Leftovers\n|upkeep\n|turn|19\n|\n|t:|1782807826\n|move|p2a: Perrserker|Iron Head|p1a: Hatterene\n|-supereffective|p1a: Hatterene\n|-damage|p1a: Hatterene|0 fnt\n|faint|p1a: Hatterene\n|\n|upkeep\n|\n|t:|1782807828\n|switch|p1a: Ogerpon|Ogerpon-Wellspring, L76, F|205/247\n|turn|20\n|\n|t:|1782807835\n|switch|p2a: Dedenne|Dedenne, L88, F|261/261\n|move|p1a: Ogerpon|Ivy Cudgel|p2a: Dedenne|[anim] Ivy Cudgel Water\n|-damage|p2a: Dedenne|111/261\n|-enditem|p2a: Dedenne|Sitrus Berry|[eat]\n|-heal|p2a: Dedenne|176/261|[from] item: Sitrus Berry\n|-heal|p2a: Dedenne|261/261|[from] ability: Cheek Pouch\n|\n|upkeep\n|turn|21\n|\n|t:|1782807839\n|move|p2a: Dedenne|Nuzzle|p1a: Ogerpon\n|-damage|p1a: Ogerpon|186/247\n|-status|p1a: Ogerpon|par\n|move|p1a: Ogerpon|Ivy Cudgel|p2a: Dedenne|[anim] Ivy Cudgel Water\n|-damage|p2a: Dedenne|111/261\n|\n|upkeep\n|turn|22\n|\n|t:|1782807846\n|move|p2a: Dedenne|Thunderbolt|p1a: Ogerpon\n|-damage|p1a: Ogerpon|99/247 par\n|move|p1a: Ogerpon|Ivy Cudgel|p2a: Dedenne|[anim] Ivy Cudgel Water\n|-damage|p2a: Dedenne|0 fnt\n|faint|p2a: Dedenne\n|\n|upkeep\n|\n|t:|1782807855\n|switch|p2a: Perrserker|Perrserker, L89, M|221/269\n|turn|23\n|\n|t:|1782807859\n|move|p2a: Perrserker|U-turn|p1a: Ogerpon\n|-supereffective|p1a: Ogerpon\n|-damage|p1a: Ogerpon|0 fnt\n|faint|p1a: Ogerpon\n|\n|t:|1782807867\n|switch|p2a: Golurk|Golurk, L87|60/297|[from] U-turn\n|\n|upkeep\n|\n|t:|1782807871\n|switch|p1a: Primarina|Primarina, L83, M|268/268\n|turn|24\n|\n|t:|1782807877\n|move|p1a: Primarina|Sparkling Aria|p2a: Golurk\n|-supereffective|p2a: Golurk\n|-crit|p2a: Golurk\n|-damage|p2a: Golurk|0 fnt\n|faint|p2a: Golurk\n|\n|upkeep\n|\n|t:|1782807881\n|switch|p2a: Slowking|Slowking, L88, F|310/310 par\n|turn|25\n|\n|t:|1782807885\n|move|p1a: Primarina|Calm Mind|p1a: Primarina\n|-boost|p1a: Primarina|spa|1\n|-boost|p1a: Primarina|spd|1\n|move|p2a: Slowking|Thunder Wave|p1a: Primarina\n|-status|p1a: Primarina|par\n|\n|upkeep\n|turn|26\n|\n|t:|1782807892\n|switch|p2a: Perrserker|Perrserker, L89, M|221/269\n|cant|p1a: Primarina|par\n|\n|upkeep\n|turn|27\n|\n|t:|1782807897\n|-terastallize|p1a: Primarina|Steel\n|move|p2a: Perrserker|Iron Head|p1a: Primarina\n|-resisted|p1a: Primarina\n|-crit|p1a: Primarina\n|-damage|p1a: Primarina|95/268 par\n|move|p1a: Primarina|Sparkling Aria|p2a: Perrserker\n|-damage|p2a: Perrserker|16/269\n|\n|-heal|p1a: Primarina|111/268 par|[from] item: Leftovers\n|upkeep\n|turn|28\n|\n|t:|1782807904\n|move|p2a: Perrserker|Iron Head|p1a: Primarina\n|-resisted|p1a: Primarina\n|-damage|p1a: Primarina|0 fnt\n|faint|p1a: Primarina\n|\n|win|Osranedupsko\n", "inputlog": ">version f8ac14003a5f27e1bdc8d8c59608a773c1cb96e5\n>start {\"formatid\":\"gen9randombattle\",\"seed\":\"sodium,592568d09cac0f214c331285a86951c1\",\"rated\":\"Rated battle\"}\n>player p1 {\"name\":\"bakavelique\",\"avatar\":\"2\",\"rating\":2026,\"seed\":\"sodium,e1303ec384ae416efab8f6b004c20e5e\"}\n>player p2 {\"name\":\"Osranedupsko\",\"avatar\":\"janitor\",\"rating\":2082,\"seed\":\"sodium,244a88e45a04998f6fdbb751a00c2d72\"}\n>p1 move hurricane\n>p2 move thunderwave\n>p1 move hurricane\n>p2 move psychicnoise\n>p1 switch 4\n>p2 move psychicnoise\n>p1 switch 5\n>p2 move thunderwave\n>p1 move calmmind\n>p2 switch 3\n>p1 switch 3\n>p2 move poltergeist\n>p1 move ivycudgel\n>p2 switch 6\n>p1 move synthesis\n>p2 move knockoff\n>p1 switch 4\n>p2 move gunkshot\n>p1 move dracometeor\n>p2 move knockoff\n>p1 switch 5\n>p1 move nastyplot\n>p2 move earthquake\n>p1 move psyshock\n>p2 move knockoff\n>p2 switch 2\n>p1 move fireblast\n>p2 move thunderbolt\n>p1 switch 2\n>p1 move quiverdance\n>p2 move uturn\n>p2 switch 6\n>p1 move hurricane\n>p2 move stoneedge\n>p1 switch 4\n>p1 move synthesis\n>p2 switch 6\n>p1 switch 3\n>p2 move nuzzle\n>p1 move psyshock\n>p2 move uturn\n>p2 switch 5\n>p1 move mysticalfire\n>p2 move ironhead\n>p1 switch 3\n>p1 move ivycudgel\n>p2 switch 5\n>p1 move ivycudgel\n>p2 move nuzzle\n>p1 move ivycudgel\n>p2 move thunderbolt\n>p2 switch 5\n>p1 move ivycudgel\n>p2 move uturn\n>p2 switch 6\n>p1 switch 6\n>p1 move sparklingaria\n>p2 move dynamicpunch\n>p2 switch 3\n>p1 move calmmind\n>p2 move thunderwave\n>p1 move calmmind\n>p2 switch 6\n>p1 move sparklingaria terastallize\n>p2 move ironhead\n>p1 move drainingkiss\n>p2 move ironhead", "uploadtime": 1782807653, "views": 7, "formatid": "gen9randombattle", "rating": null, "private": 0, "password": null, "player_dets": [{"name": "bakavelique", "avatar": "2", "rating": 2026, "seed": "sodium,e1303ec384ae416efab8f6b004c20e5e"}, {"name": "Osranedupsko", "avatar": "janitor", "rating": 2082, "seed": "sodium,244a88e45a04998f6fdbb751a00c2d72"}], "teams_full": [{"Noivern": {"name": "Noivern", "species": "Noivern", "speciesId": "noivern", "gender": "M", "shiny": false, "level": 82, "moves": ["hurricane", "flamethrower", "dracometeor", "roost"], "ability": "Infiltrator", "evs": {"hp": 85, "atk": 0, "def": 85, "spa": 85, "spd": 85, "spe": 85}, "ivs": {"hp": 31, "atk": 0, "def": 31, "spa": 31, "spd": 31, "spe": 31}, "item": "Heavy-Duty Boots", "teraType": "Fire", "role": "Fast Support", "bvs": {"hp": 85, "atk": 70, "def": 80, "spa": 97, "spd": 80, "spe": 123}, "stats": {"hp": 274, "atk": 119, "def": 178, "spa": 206, "spd": 178, "spe": 249}, "types": ["Flying", "Dragon"]}, "Oricorio": {"name": "Oricorio", "species": "Oricorio-Pom-Pom", "speciesId": "oricoriopompom", "gender": "M", "shiny": false, "level": 82, "moves": ["quiverdance", "roost", "revelationdance", "hurricane"], "ability": "Dancer", "evs": {"hp": 85, "atk": 0, "def": 85, "spa": 85, "spd": 85, "spe": 85}, "ivs": {"hp": 31, "atk": 0, "def": 31, "spa": 31, "spd": 31, "spe": 31}, "item": "Heavy-Duty Boots", "teraType": "Ground", "role": "Setup Sweeper", "bvs": {"hp": 75, "atk": 70, "def": 70, "spa": 98, "spd": 70, "spe": 93}, "stats": {"hp": 257, "atk": 119, "def": 162, "spa": 208, "spd": 162, "spe": 200}, "types": ["Electric", "Flying"]}, "Ogerpon": {"name": "Ogerpon", "species": "Ogerpon-Wellspring", "speciesId": "ogerponwellspring", "gender": "F", "shiny": false, "level": 76, "moves": ["spikes", "ivycudgel", "synthesis", "woodhammer"], "ability": "Water Absorb", "evs": {"hp": 85, "atk": 85, "def": 85, "spa": 85, "spd": 85, "spe": 85}, "ivs": {"hp": 31, "atk": 31, "def": 31, "spa": 31, "spd": 31, "spe": 31}, "item": "Wellspring Mask", "teraType": "Water", "role": "Bulky Attacker", "bvs": {"hp": 80, "atk": 120, "def": 84, "spa": 60, "spd": 96, "spe": 110}, "stats": {"hp": 247, "atk": 226, "def": 172, "spa": 135, "spd": 190, "spe": 211}, "types": ["Grass", "Water"]}, "Delphox": {"name": "Delphox", "species": "Delphox", "speciesId": "delphox", "gender": "M", "shiny": false, "level": 84, "moves": ["psyshock", "nastyplot", "fireblast", "grassknot"], "ability": "Blaze", "evs": {"hp": 85, "atk": 0, "def": 85, "spa": 85, "spd": 85, "spe": 85}, "ivs": {"hp": 31, "atk": 0, "def": 31, "spa": 31, "spd": 31, "spe": 31}, "item": "Heavy-Duty Boots", "teraType": "Grass", "role": "Fast Attacker", "bvs": {"hp": 75, "atk": 69, "def": 72, "spa": 114, "spd": 100, "spe": 104}, "stats": {"hp": 263, "atk": 120, "def": 169, "spa": 240, "spd": 216, "spe": 223}, "types": ["Fire", "Psychic"]}, "Hatterene": {"name": "Hatterene", "species": "Hatterene", "speciesId": "hatterene", "gender": "F", "shiny": false, "level": 85, "moves": ["drainingkiss", "calmmind", "mysticalfire", "psyshock"], "ability": "Magic Bounce", "evs": {"hp": 85, "atk": 0, "def": 85, "spa": 85, "spd": 85, "spe": 85}, "ivs": {"hp": 31, "atk": 0, "def": 31, "spa": 31, "spd": 31, "spe": 31}, "item": "Leftovers", "teraType": "Steel", "role": "Bulky Setup", "bvs": {"hp": 57, "atk": 90, "def": 95, "spa": 136, "spd": 103, "spe": 29}, "stats": {"hp": 236, "atk": 158, "def": 210, "spa": 280, "spd": 224, "spe": 98}, "types": ["Psychic", "Fairy"]}, "Primarina": {"name": "Primarina", "species": "Primarina", "speciesId": "primarina", "gender": "M", "shiny": false, "level": 83, "moves": ["psychic", "drainingkiss", "sparklingaria", "calmmind"], "ability": "Torrent", "evs": {"hp": 85, "atk": 0, "def": 85, "spa": 85, "spd": 85, "spe": 85}, "ivs": {"hp": 31, "atk": 0, "def": 31, "spa": 31, "spd": 31, "spe": 31}, "item": "Leftovers", "teraType": "Steel", "role": "Bulky Attacker", "bvs": {"hp": 80, "atk": 74, "def": 74, "spa": 126, "spd": 116, "spe": 60}, "stats": {"hp": 268, "atk": 127, "def": 171, "spa": 257, "spd": 240, "spe": 147}, "types": ["Water", "Fairy"]}}, {"Slowking": {"name": "Slowking", "species": "Slowking", "speciesId": "slowking", "gender": "F", "shiny": false, "level": 88, "moves": ["scald", "psychicnoise", "slackoff", "thunderwave"], "ability": "Regenerator", "evs": {"hp": 85, "atk": 0, "def": 85, "spa": 85, "spd": 85, "spe": 85}, "ivs": {"hp": 31, "atk": 0, "def": 31, "spa": 31, "spd": 31, "spe": 31}, "item": "Leftovers", "teraType": "Dragon", "role": "Bulky Attacker", "bvs": {"hp": 95, "atk": 75, "def": 80, "spa": 100, "spd": 110, "spe": 30}, "stats": {"hp": 310, "atk": 137, "def": 191, "spa": 226, "spd": 244, "spe": 103}, "types": ["Water", "Psychic"]}, "Dedenne": {"name": "Dedenne", "species": "Dedenne", "speciesId": "dedenne", "gender": "F", "shiny": false, "level": 88, "moves": ["dazzlinggleam", "uturn", "nuzzle", "thunderbolt"], "ability": "Cheek Pouch", "evs": {"hp": 85, "atk": 85, "def": 85, "spa": 85, "spd": 85, "spe": 85}, "ivs": {"hp": 31, "atk": 31, "def": 31, "spa": 31, "spd": 31, "spe": 31}, "item": "Sitrus Berry", "teraType": "Flying", "role": "Fast Support", "bvs": {"hp": 67, "atk": 58, "def": 57, "spa": 81, "spd": 67, "spe": 101}, "stats": {"hp": 261, "atk": 152, "def": 151, "spa": 193, "spd": 168, "spe": 228}, "types": ["Electric", "Fairy"]}, "Golurk": {"name": "Golurk", "species": "Golurk", "speciesId": "golurk", "gender": "N", "shiny": false, "level": 87, "moves": ["stoneedge", "dynamicpunch", "earthquake", "poltergeist"], "ability": "No Guard", "evs": {"hp": 85, "atk": 85, "def": 85, "spa": 85, "spd": 85, "spe": 85}, "ivs": {"hp": 31, "atk": 31, "def": 31, "spa": 31, "spd": 31, "spe": 31}, "item": "Choice Band", "teraType": "Ghost", "role": "Wallbreaker", "bvs": {"hp": 89, "atk": 124, "def": 80, "spa": 55, "spd": 80, "spe": 55}, "stats": {"hp": 297, "atk": 266, "def": 189, "spa": 145, "spd": 189, "spe": 145}, "types": ["Ground", "Ghost"]}, "Zamazenta": {"name": "Zamazenta", "species": "Zamazenta", "speciesId": "zamazenta", "gender": "N", "shiny": false, "level": 71, "moves": ["bodypress", "stoneedge", "irondefense", "ironhead"], "ability": "Dauntless Shield", "evs": {"hp": 85, "atk": 85, "def": 85, "spa": 85, "spd": 85, "spe": 85}, "ivs": {"hp": 31, "atk": 31, "def": 31, "spa": 31, "spd": 31, "spe": 31}, "item": "Leftovers", "teraType": "Steel", "role": "Bulky Setup", "bvs": {"hp": 92, "atk": 120, "def": 115, "spa": 80, "spd": 115, "spe": 138}, "stats": {"hp": 248, "atk": 212, "def": 205, "spa": 155, "spd": 205, "spe": 237}, "types": ["Fighting"]}, "Perrserker": {"name": "Perrserker", "species": "Perrserker", "speciesId": "perrserker", "gender": "M", "shiny": false, "level": 89, "moves": ["uturn", "knockoff", "ironhead", "closecombat"], "ability": "Tough Claws", "evs": {"hp": 85, "atk": 85, "def": 85, "spa": 85, "spd": 85, "spe": 85}, "ivs": {"hp": 31, "atk": 31, "def": 31, "spa": 31, "spd": 31, "spe": 31}, "item": "Choice Band", "teraType": "Fighting", "role": "Fast Attacker", "bvs": {"hp": 70, "atk": 110, "def": 100, "spa": 50, "spd": 60, "spe": 50}, "stats": {"hp": 269, "atk": 247, "def": 229, "spa": 140, "spd": 158, "spe": 140}, "types": ["Steel"]}, "Swalot": {"name": "Swalot", "species": "Swalot", "speciesId": "swalot", "gender": "F", "shiny": false, "level": 90, "moves": ["earthquake", "knockoff", "gunkshot", "swordsdance"], "ability": "Liquid Ooze", "evs": {"hp": 85, "atk": 85, "def": 85, "spa": 85, "spd": 85, "spe": 85}, "ivs": {"hp": 31, "atk": 31, "def": 31, "spa": 31, "spd": 31, "spe": 31}, "item": "Leftovers", "teraType": "Dark", "role": "Bulky Setup", "bvs": {"hp": 100, "atk": 73, "def": 83, "spa": 73, "spd": 83, "spe": 55}, "stats": {"hp": 326, "atk": 183, "def": 201, "spa": 183, "spd": 201, "spe": 150}, "types": ["Poison"]}}]}