{"id": "gen9randombattle-2641519804", "format": "[Gen 9] Random Battle", "players": ["bluffmepls", "xurkitree373"], "log": "|j|\u2606bluffmepls\n|j|\u2606xurkitree373\n|t:|1782799468\n|gametype|singles\n|player|p1|bluffmepls|266|2117\n|player|p2|xurkitree373|dawn|2192\n|gen|9\n|tier|[Gen 9] Random Battle\n|rated|\n|rule|Species Clause: Limit one of each Pok\u00e9mon\n|rule|HP Percentage Mod: HP is shown in percentages\n|rule|Sleep Clause Mod: Limit one foe put to sleep\n|rule|Illusion Level Mod: Illusion disguises the Pok\u00e9mon's true level\n|\n|t:|1782799468\n|teamsize|p1|6\n|teamsize|p2|6\n|start\n|switch|p1a: Fezandipiti|Fezandipiti, L82, M|278/278\n|switch|p2a: Floatzel|Floatzel, L86, M|286/286\n|turn|1\n|inactive|Battle timer is ON: inactive players will automatically lose when time's up. (requested by bluffmepls)\n|\n|t:|1782799480\n|move|p2a: Floatzel|Flip Turn|p1a: Fezandipiti\n|-damage|p1a: Fezandipiti|155/278\n|\n|t:|1782799498\n|switch|p2a: Calyrex|Calyrex, L93|337/337|[from] Flip Turn\n|-ability|p2a: Calyrex|Unnerve\n|move|p1a: Fezandipiti|Beat Up|p2a: Calyrex\n|-supereffective|p2a: Calyrex\n|-damage|p2a: Calyrex|319/337\n|-supereffective|p2a: Calyrex\n|-damage|p2a: Calyrex|305/337\n|-supereffective|p2a: Calyrex\n|-damage|p2a: Calyrex|285/337\n|-supereffective|p2a: Calyrex\n|-damage|p2a: Calyrex|259/337\n|-status|p2a: Calyrex|tox|[from] ability: Toxic Chain|[of] p1a: Fezandipiti\n|-supereffective|p2a: Calyrex\n|-damage|p2a: Calyrex|241/337 tox\n|-supereffective|p2a: Calyrex\n|-damage|p2a: Calyrex|227/337 tox\n|-hitcount|p2a: Calyrex|6\n|\n|-heal|p1a: Fezandipiti|172/278|[from] item: Leftovers\n|-heal|p2a: Calyrex|248/337 tox|[from] item: Leftovers\n|-damage|p2a: Calyrex|227/337 tox|[from] psn\n|upkeep\n|turn|2\n|\n|t:|1782799526\n|move|p1a: Fezandipiti|Gunk Shot|p2a: Calyrex\n|-supereffective|p2a: Calyrex\n|-damage|p2a: Calyrex|9/337 tox\n|move|p2a: Calyrex|Psychic|p1a: Fezandipiti\n|-supereffective|p1a: Fezandipiti\n|-damage|p1a: Fezandipiti|16/278\n|\n|-heal|p1a: Fezandipiti|33/278|[from] item: Leftovers\n|-heal|p2a: Calyrex|30/337 tox|[from] item: Leftovers\n|-damage|p2a: Calyrex|0 fnt|[from] psn\n|faint|p2a: Calyrex\n|upkeep\n|\n|t:|1782799536\n|switch|p2a: Floatzel|Floatzel, L86, M|286/286\n|turn|3\n|\n|t:|1782799540\n|switch|p1a: Vileplume|Vileplume, L85, M|266/266\n|move|p2a: Floatzel|Flip Turn|p1a: Vileplume\n|-resisted|p1a: Vileplume\n|-damage|p1a: Vileplume|212/266\n|\n|t:|1782799547\n|switch|p2a: Houndoom|Houndoom, L87, F|272/272|[from] Flip Turn\n|\n|-heal|p1a: Vileplume|228/266|[from] item: Leftovers\n|upkeep\n|turn|4\n|\n|t:|1782799564\n|switch|p1a: Fezandipiti|Fezandipiti, L82, M|33/278\n|move|p2a: Houndoom|Fire Blast|p1a: Fezandipiti\n|-crit|p1a: Fezandipiti\n|-damage|p1a: Fezandipiti|0 fnt\n|faint|p1a: Fezandipiti\n|\n|upkeep\n|\n|t:|1782799579\n|switch|p1a: Veluza|Veluza, L85, F|292/292\n|turn|5\n|\n|t:|1782799600\n|move|p1a: Veluza|Flip Turn|p2a: Houndoom\n|-supereffective|p2a: Houndoom\n|-damage|p2a: Houndoom|84/272\n|\n|t:|1782799618\n|switch|p1a: Kilowattrel|Kilowattrel, L83, M|252/252|[from] Flip Turn\n|move|p2a: Houndoom|Dark Pulse|p1a: Kilowattrel\n|-damage|p1a: Kilowattrel|110/252\n|\n|upkeep\n|turn|6\n|\n|t:|1782799632\n|switch|p2a: Terapagos|Terapagos, L77, F|265/265\n|-activate|p2a: Terapagos|ability: Tera Shift\n|detailschange|p2a: Terapagos|Terapagos-Terastal, L77, F\n|-heal|p2a: Terapagos|273/273|[silent]\n|move|p1a: Kilowattrel|Roost|p1a: Kilowattrel\n|-heal|p1a: Kilowattrel|236/252\n|-singleturn|p1a: Kilowattrel|move: Roost\n|\n|upkeep\n|turn|7\n|\n|t:|1782799641\n|move|p1a: Kilowattrel|U-turn|p2a: Terapagos\n|-activate|p2a: Terapagos|ability: Tera Shell\n|-resisted|p2a: Terapagos\n|-damage|p2a: Terapagos|254/273\n|\n|t:|1782799650\n|switch|p1a: Veluza|Veluza, L85, F|292/292|[from] U-turn\n|move|p2a: Terapagos|Calm Mind|p2a: Terapagos\n|-boost|p2a: Terapagos|spa|1\n|-boost|p2a: Terapagos|spd|1\n|\n|upkeep\n|turn|8\n|\n|t:|1782799660\n|move|p1a: Veluza|Flip Turn|p2a: Terapagos\n|-crit|p2a: Terapagos\n|-damage|p2a: Terapagos|152/273\n|\n|t:|1782799670\n|switch|p1a: Vileplume|Vileplume, L85, M|228/266|[from] Flip Turn\n|move|p2a: Terapagos|Tera Starstorm|p1a: Vileplume\n|-damage|p1a: Vileplume|71/266\n|\n|-heal|p1a: Vileplume|87/266|[from] item: Leftovers\n|upkeep\n|turn|9\n|\n|t:|1782799679\n|move|p2a: Terapagos|Tera Starstorm|p1a: Vileplume\n|-damage|p1a: Vileplume|0 fnt\n|faint|p1a: Vileplume\n|\n|upkeep\n|\n|t:|1782799686\n|switch|p1a: Veluza|Veluza, L85, F|292/292\n|turn|10\n|\n|t:|1782799697\n|move|p1a: Veluza|Aqua Cutter|p2a: Terapagos\n|-damage|p2a: Terapagos|50/273\n|move|p2a: Terapagos|Rest|p2a: Terapagos\n|-status|p2a: Terapagos|slp|[from] move: Rest\n|-heal|p2a: Terapagos|273/273 slp|[silent]\n|-enditem|p2a: Terapagos|Chesto Berry|[eat]\n|-curestatus|p2a: Terapagos|slp|[msg]\n|\n|upkeep\n|turn|11\n|\n|t:|1782799709\n|move|p1a: Veluza|Aqua Cutter|p2a: Terapagos\n|-activate|p2a: Terapagos|ability: Tera Shell\n|-resisted|p2a: Terapagos\n|-damage|p2a: Terapagos|216/273\n|move|p2a: Terapagos|Tera Starstorm|p1a: Veluza\n|-damage|p1a: Veluza|72/292\n|\n|upkeep\n|turn|12\n|\n|t:|1782799714\n|move|p1a: Veluza|Aqua Cutter|p2a: Terapagos\n|-damage|p2a: Terapagos|108/273\n|move|p2a: Terapagos|Earth Power|p1a: Veluza\n|-damage|p1a: Veluza|0 fnt\n|faint|p1a: Veluza\n|\n|upkeep\n|\n|t:|1782799717\n|switch|p1a: Delibird|Delibird, M|252/252\n|turn|13\n|\n|t:|1782799743\n|move|p1a: Delibird|Brave Bird|p2a: Terapagos\n|-damage|p2a: Terapagos|0 fnt\n|faint|p2a: Terapagos\n|-damage|p1a: Delibird|216/252|[from] Recoil\n|\n|upkeep\n|\n|t:|1782799751\n|switch|p2a: Floatzel|Floatzel, L86, M|286/286\n|turn|14\n|\n|t:|1782799756\n|move|p2a: Floatzel|Wave Crash|p1a: Delibird\n|-damage|p1a: Delibird|0 fnt\n|faint|p1a: Delibird\n|-damage|p2a: Floatzel|215/286|[from] Recoil\n|\n|upkeep\n|\n|t:|1782799761\n|switch|p1a: Haxorus|Haxorus, L77, M|244/244\n|-ability|p1a: Haxorus|Mold Breaker\n|turn|15\n|\n|t:|1782799770\n|switch|p2a: Azumarill|Azumarill, L82, F|298/298\n|move|p1a: Haxorus|Dragon Dance|p1a: Haxorus\n|-boost|p1a: Haxorus|atk|1\n|-boost|p1a: Haxorus|spe|1\n|\n|upkeep\n|turn|16\n|\n|t:|1782799800\n|-terastallize|p1a: Haxorus|Steel\n|move|p1a: Haxorus|Iron Head|p2a: Azumarill\n|-damage|p2a: Azumarill|121/298\n|cant|p2a: Azumarill|flinch\n|\n|upkeep\n|turn|17\n|\n|t:|1782799814\n|switch|p2a: Houndoom|Houndoom, L87, F|84/272\n|move|p1a: Haxorus|Earthquake|p2a: Houndoom\n|-supereffective|p2a: Houndoom\n|-damage|p2a: Houndoom|0 fnt\n|faint|p2a: Houndoom\n|\n|upkeep\n|inactive|xurkitree373 has 120 seconds left.\n|\n|t:|1782799835\n|switch|p2a: Flamigo|Flamigo, L82, M|269/269\n|turn|18\n|\n|t:|1782799843\n|move|p1a: Haxorus|Outrage|p2a: Flamigo\n|-damage|p2a: Flamigo|0 fnt\n|faint|p2a: Flamigo\n|\n|upkeep\n|\n|t:|1782799845\n|switch|p2a: Azumarill|Azumarill, L82, F|121/298\n|turn|19\n|inactive|xurkitree373 has 120 seconds left.\n|\n|t:|1782799884\n|move|p1a: Haxorus|Outrage|p2a: Azumarill|[from] lockedmove\n|-immune|p2a: Azumarill\n|move|p2a: Azumarill|Liquidation|p1a: Haxorus\n|-damage|p1a: Haxorus|76/244\n|\n|upkeep\n|turn|20\n|\n|t:|1782799893\n|switch|p2a: Floatzel|Floatzel, L86, M|215/286\n|move|p1a: Haxorus|Earthquake|p2a: Floatzel\n|-damage|p2a: Floatzel|35/286\n|\n|upkeep\n|turn|21\n|\n|t:|1782799899\n|move|p1a: Haxorus|Earthquake|p2a: Floatzel\n|-damage|p2a: Floatzel|0 fnt\n|faint|p2a: Floatzel\n|\n|upkeep\n|\n|t:|1782799901\n|switch|p2a: Azumarill|Azumarill, L82, F|121/298\n|turn|22\n|\n|t:|1782799906\n|-terastallize|p2a: Azumarill|Water\n|move|p2a: Azumarill|Aqua Jet|p1a: Haxorus\n|-damage|p1a: Haxorus|0 fnt\n|faint|p1a: Haxorus\n|\n|upkeep\n|\n|t:|1782799909\n|switch|p1a: Kilowattrel|Kilowattrel, L83, M|236/252\n|turn|23\n|\n|t:|1782799912\n|move|p2a: Azumarill|Aqua Jet|p1a: Kilowattrel\n|-damage|p1a: Kilowattrel|96/252\n|move|p1a: Kilowattrel|Thunderbolt|p2a: Azumarill\n|-supereffective|p2a: Azumarill\n|-damage|p2a: Azumarill|0 fnt\n|faint|p2a: Azumarill\n|\n|win|bluffmepls\n", "inputlog": ">version f8ac14003a5f27e1bdc8d8c59608a773c1cb96e5\n>start {\"formatid\":\"gen9randombattle\",\"seed\":\"sodium,e0a2e02ccd1155d688aca4b8ab432d62\",\"rated\":\"Rated battle\"}\n>player p1 {\"name\":\"bluffmepls\",\"avatar\":\"266\",\"rating\":2117,\"seed\":\"sodium,bd92d03ccf4aab537eeb6870bed5b4bd\"}\n>player p2 {\"name\":\"xurkitree373\",\"avatar\":\"dawn\",\"rating\":2192,\"seed\":\"sodium,9110448f650b8fede9bcda279f43e22c\"}\n>p1 move beatup\n>p2 move flipturn\n>p2 switch 2\n>p1 move gunkshot\n>p2 move psychic\n>p2 switch 2\n>p1 switch 5\n>p2 move flipturn\n>p2 switch 4\n>p1 switch 5\n>p2 move fireblast\n>p1 switch 3\n>p1 move flipturn\n>p2 move darkpulse\n>p1 switch 6\n>p1 move roost\n>p2 switch 3\n>p1 move uturn\n>p2 move calmmind\n>p1 switch 6\n>p1 move flipturn\n>p2 move terastarstorm\n>p1 switch 5\n>p1 move sleeppowder\n>p2 move terastarstorm\n>p1 switch 5\n>p1 move aquacutter\n>p2 move rest\n>p1 move aquacutter\n>p2 move terastarstorm\n>p1 move aquacutter\n>p2 move earthpower\n>p1 switch 2\n>p1 move bravebird\n>p2 move terastarstorm\n>p2 switch 4\n>p1 move bravebird\n>p2 move wavecrash\n>p1 switch 4\n>p1 move dragondance\n>p2 switch 5\n>p1 move ironhead terastallize\n>p2 move liquidation\n>p1 move earthquake\n>p2 switch 3\n>p2 switch 6\n>p1 move outrage\n>p2 move closecombat\n>p2 switch 3\n>p1 move outrage\n>p2 move liquidation\n>p1 move earthquake\n>p2 switch 5\n>p1 move earthquake\n>p2 move flipturn\n>p2 switch 5\n>p1 move earthquake\n>p2 move aquajet terastallize\n>p1 switch 6\n>p1 move thunderbolt\n>p2 move aquajet", "uploadtime": 1782799470, "views": 3, "formatid": "gen9randombattle", "rating": null, "private": 0, "password": null, "player_dets": [{"name": "bluffmepls", "avatar": "266", "rating": 2117, "seed": "sodium,bd92d03ccf4aab537eeb6870bed5b4bd"}, {"name": "xurkitree373", "avatar": "dawn", "rating": 2192, "seed": "sodium,9110448f650b8fede9bcda279f43e22c"}], "teams_full": [{"Fezandipiti": {"name": "Fezandipiti", "species": "Fezandipiti", "speciesId": "fezandipiti", "gender": "M", "shiny": false, "level": 82, "moves": ["beatup", "roost", "gunkshot", "moonblast"], "ability": "Toxic Chain", "evs": {"hp": 85, "atk": 85, "def": 85, "spa": 85, "spd": 85, "spe": 85}, "ivs": {"hp": 31, "atk": 31, "def": 31, "spa": 31, "spd": 31, "spe": 31}, "item": "Leftovers", "teraType": "Steel", "role": "Bulky Attacker", "bvs": {"hp": 88, "atk": 91, "def": 82, "spa": 70, "spd": 125, "spe": 99}, "stats": {"hp": 278, "atk": 196, "def": 182, "spa": 162, "spd": 252, "spe": 210}, "types": ["Poison", "Fairy"]}, "Delibird": {"name": "Delibird", "species": "Delibird", "speciesId": "delibird", "gender": "M", "shiny": false, "level": 100, "moves": ["icespinner", "spikes", "drillrun", "bravebird"], "ability": "Hustle", "evs": {"hp": 85, "atk": 85, "def": 85, "spa": 85, "spd": 85, "spe": 85}, "ivs": {"hp": 31, "atk": 31, "def": 31, "spa": 31, "spd": 31, "spe": 31}, "item": "Heavy-Duty Boots", "teraType": "Flying", "role": "Fast Attacker", "bvs": {"hp": 45, "atk": 55, "def": 45, "spa": 65, "spd": 45, "spe": 75}, "stats": {"hp": 252, "atk": 167, "def": 147, "spa": 187, "spd": 147, "spe": 207}, "types": ["Ice", "Flying"]}, "Veluza": {"name": "Veluza", "species": "Veluza", "speciesId": "veluza", "gender": "F", "shiny": false, "level": 85, "moves": ["flipturn", "psychocut", "aquacutter", "nightslash"], "ability": "Sharpness", "evs": {"hp": 85, "atk": 85, "def": 85, "spa": 85, "spd": 85, "spe": 85}, "ivs": {"hp": 31, "atk": 31, "def": 31, "spa": 31, "spd": 31, "spe": 31}, "item": "Choice Scarf", "teraType": "Water", "role": "Fast Attacker", "bvs": {"hp": 90, "atk": 102, "def": 73, "spa": 78, "spd": 65, "spe": 70}, "stats": {"hp": 292, "atk": 222, "def": 173, "spa": 181, "spd": 159, "spe": 168}, "types": ["Water", "Psychic"]}, "Haxorus": {"name": "Haxorus", "species": "Haxorus", "speciesId": "haxorus", "gender": "M", "shiny": false, "level": 77, "moves": ["ironhead", "outrage", "dragondance", "earthquake"], "ability": "Mold Breaker", "evs": {"hp": 85, "atk": 85, "def": 85, "spa": 85, "spd": 85, "spe": 85}, "ivs": {"hp": 31, "atk": 31, "def": 31, "spa": 31, "spd": 31, "spe": 31}, "item": "Lum Berry", "teraType": "Steel", "role": "Setup Sweeper", "bvs": {"hp": 76, "atk": 147, "def": 90, "spa": 60, "spd": 70, "spe": 97}, "stats": {"hp": 244, "atk": 271, "def": 183, "spa": 137, "spd": 152, "spe": 194}, "types": ["Dragon"]}, "Vileplume": {"name": "Vileplume", "species": "Vileplume", "speciesId": "vileplume", "gender": "M", "shiny": false, "level": 85, "moves": ["sludgebomb", "gigadrain", "strengthsap", "sleeppowder"], "ability": "Effect Spore", "evs": {"hp": 85, "atk": 0, "def": 85, "spa": 85, "spd": 85, "spe": 85}, "ivs": {"hp": 31, "atk": 0, "def": 31, "spa": 31, "spd": 31, "spe": 31}, "item": "Leftovers", "teraType": "Steel", "role": "Bulky Attacker", "bvs": {"hp": 75, "atk": 80, "def": 85, "spa": 110, "spd": 90, "spe": 50}, "stats": {"hp": 266, "atk": 141, "def": 193, "spa": 236, "spd": 202, "spe": 134}, "types": ["Grass", "Poison"]}, "Kilowattrel": {"name": "Kilowattrel", "species": "Kilowattrel", "speciesId": "kilowattrel", "gender": "M", "shiny": false, "level": 83, "moves": ["hurricane", "roost", "uturn", "thunderbolt"], "ability": "Volt Absorb", "evs": {"hp": 85, "atk": 85, "def": 85, "spa": 85, "spd": 85, "spe": 85}, "ivs": {"hp": 31, "atk": 31, "def": 31, "spa": 31, "spd": 31, "spe": 31}, "item": "Heavy-Duty Boots", "teraType": "Water", "role": "Bulky Attacker", "bvs": {"hp": 70, "atk": 70, "def": 60, "spa": 105, "spd": 60, "spe": 125}, "stats": {"hp": 252, "atk": 164, "def": 147, "spa": 222, "spd": 147, "spe": 255}, "types": ["Electric", "Flying"]}}, {"Floatzel": {"name": "Floatzel", "species": "Floatzel", "speciesId": "floatzel", "gender": "M", "shiny": false, "level": 86, "moves": ["crunch", "wavecrash", "icespinner", "flipturn"], "ability": "Water Veil", "evs": {"hp": 85, "atk": 85, "def": 85, "spa": 85, "spd": 85, "spe": 85}, "ivs": {"hp": 31, "atk": 31, "def": 31, "spa": 31, "spd": 31, "spe": 31}, "item": "Choice Band", "teraType": "Water", "role": "Wallbreaker", "bvs": {"hp": 85, "atk": 105, "def": 55, "spa": 85, "spd": 50, "spe": 115}, "stats": {"hp": 286, "atk": 230, "def": 144, "spa": 195, "spd": 135, "spe": 247}, "types": ["Water"]}, "Calyrex": {"name": "Calyrex", "species": "Calyrex", "speciesId": "calyrex", "gender": "N", "shiny": false, "level": 93, "moves": ["bodypress", "psychic", "encore", "leechseed"], "ability": "Unnerve", "evs": {"hp": 85, "atk": 0, "def": 85, "spa": 85, "spd": 85, "spe": 85}, "ivs": {"hp": 31, "atk": 0, "def": 31, "spa": 31, "spd": 31, "spe": 31}, "item": "Leftovers", "teraType": "Steel", "role": "Bulky Attacker", "bvs": {"hp": 100, "atk": 80, "def": 80, "spa": 80, "spd": 80, "spe": 80}, "stats": {"hp": 337, "atk": 153, "def": 202, "spa": 202, "spd": 202, "spe": 202}, "types": ["Psychic", "Grass"]}, "Terapagos": {"name": "Terapagos", "species": "Terapagos", "speciesId": "terapagos", "gender": "F", "shiny": false, "level": 77, "moves": ["terastarstorm", "earthpower", "calmmind", "rest"], "ability": "Tera Shift", "evs": {"hp": 85, "atk": 0, "def": 85, "spa": 85, "spd": 85, "spe": 85}, "ivs": {"hp": 31, "atk": 0, "def": 31, "spa": 31, "spd": 31, "spe": 31}, "item": "Chesto Berry", "teraType": "Stellar", "role": "Fast Bulky Setup", "bvs": {"hp": 90, "atk": 65, "def": 85, "spa": 65, "spd": 85, "spe": 60}, "stats": {"hp": 265, "atk": 105, "def": 175, "spa": 145, "spd": 175, "spe": 137}, "types": ["Normal"]}, "Houndoom": {"name": "Houndoom", "species": "Houndoom", "speciesId": "houndoom", "gender": "F", "shiny": false, "level": 87, "moves": ["sludgebomb", "nastyplot", "fireblast", "darkpulse"], "ability": "Flash Fire", "evs": {"hp": 85, "atk": 0, "def": 85, "spa": 85, "spd": 85, "spe": 85}, "ivs": {"hp": 31, "atk": 0, "def": 31, "spa": 31, "spd": 31, "spe": 31}, "item": "Heavy-Duty Boots", "teraType": "Fire", "role": "Fast Attacker", "bvs": {"hp": 75, "atk": 90, "def": 50, "spa": 110, "spd": 80, "spe": 95}, "stats": {"hp": 272, "atk": 161, "def": 137, "spa": 241, "spd": 189, "spe": 215}, "types": ["Dark", "Fire"]}, "Azumarill": {"name": "Azumarill", "species": "Azumarill", "speciesId": "azumarill", "gender": "F", "shiny": false, "level": 82, "moves": ["aquajet", "knockoff", "liquidation", "playrough"], "ability": "Huge Power", "evs": {"hp": 85, "atk": 85, "def": 85, "spa": 85, "spd": 85, "spe": 85}, "ivs": {"hp": 31, "atk": 31, "def": 31, "spa": 31, "spd": 31, "spe": 31}, "item": "Choice Band", "teraType": "Water", "role": "Bulky Attacker", "bvs": {"hp": 100, "atk": 50, "def": 80, "spa": 60, "spd": 80, "spe": 50}, "stats": {"hp": 298, "atk": 129, "def": 178, "spa": 146, "spd": 178, "spe": 129}, "types": ["Water", "Fairy"]}, "Flamigo": {"name": "Flamigo", "species": "Flamigo", "speciesId": "flamigo", "gender": "M", "shiny": false, "level": 82, "moves": ["swordsdance", "closecombat", "throatchop", "bravebird"], "ability": "Scrappy", "evs": {"hp": 85, "atk": 85, "def": 85, "spa": 85, "spd": 85, "spe": 85}, "ivs": {"hp": 31, "atk": 31, "def": 31, "spa": 31, "spd": 31, "spe": 31}, "item": "Life Orb", "teraType": "Steel", "role": "Setup Sweeper", "bvs": {"hp": 82, "atk": 115, "def": 74, "spa": 75, "spd": 64, "spe": 90}, "stats": {"hp": 269, "atk": 236, "def": 169, "spa": 170, "spd": 152, "spe": 195}, "types": ["Flying", "Fighting"]}}]}