{"id": "gen9randombattle-2641069107", "format": "[Gen 9] Random Battle", "players": ["Morrison17", "Mr. Hawk_Wins"], "log": "|j|\u2606Morrison17\n|j|\u2606Mr. Hawk_Wins\n|t:|1782735797\n|gametype|singles\n|player|p1|Morrison17|red|1390\n|player|p2|Mr. Hawk_Wins|crasherwake|1393\n|gen|9\n|tier|[Gen 9] Random Battle\n|rated|\n|rule|Species Clause: Limit one of each Pok\u00e9mon\n|rule|HP Percentage Mod: HP is shown in percentages\n|rule|Sleep Clause Mod: Limit one foe put to sleep\n|rule|Illusion Level Mod: Illusion disguises the Pok\u00e9mon's true level\n|\n|t:|1782735797\n|teamsize|p1|6\n|teamsize|p2|6\n|start\n|switch|p1a: Eelektross|Eelektross, L87, F|290/290\n|switch|p2a: Dewgong|Dewgong, L94, F|322/322\n|turn|1\n|inactive|Battle timer is ON: inactive players will automatically lose when time's up. (requested by Mr. Hawk_Wins)\n|inactive|Morrison17 has 120 seconds left.\n|\n|t:|1782735850\n|switch|p2a: Victreebel|Victreebel, L90, F|290/290\n|move|p1a: Eelektross|Supercell Slam|p2a: Victreebel\n|-resisted|p2a: Victreebel\n|-damage|p2a: Victreebel|212/290\n|\n|upkeep\n|turn|2\n|\n|t:|1782735860\n|switch|p1a: Metagross|Metagross, L79|256/256\n|move|p2a: Victreebel|Sunny Day|p2a: Victreebel\n|-weather|SunnyDay\n|\n|-weather|SunnyDay|[upkeep]\n|upkeep\n|turn|3\n|inactive|Morrison17 has 120 seconds left.\n|\n|t:|1782735896\n|move|p2a: Victreebel|Weather Ball|p1a: Metagross\n|-supereffective|p1a: Metagross\n|-damage|p1a: Metagross|0 fnt\n|faint|p1a: Metagross\n|-damage|p2a: Victreebel|183/290|[from] item: Life Orb\n|\n|-weather|SunnyDay|[upkeep]\n|upkeep\n|\n|t:|1782735901\n|switch|p1a: Medicham|Medicham, L86, M|243/243\n|turn|4\n|\n|t:|1782735918\n|move|p2a: Victreebel|Sludge Wave|p1a: Medicham\n|-damage|p1a: Medicham|78/243\n|-damage|p2a: Victreebel|154/290|[from] item: Life Orb\n|move|p1a: Medicham|Poison Jab|p2a: Victreebel\n|-damage|p2a: Victreebel|60/290\n|\n|-weather|SunnyDay|[upkeep]\n|upkeep\n|turn|5\n|\n|t:|1782735931\n|move|p2a: Victreebel|Sludge Wave|p1a: Medicham\n|-damage|p1a: Medicham|0 fnt\n|faint|p1a: Medicham\n|-damage|p2a: Victreebel|31/290|[from] item: Life Orb\n|\n|-weather|SunnyDay|[upkeep]\n|upkeep\n|inactive|Morrison17 has 120 seconds left.\n|\n|t:|1782735963\n|switch|p1a: Eelektross|Eelektross, L87, F|290/290\n|turn|6\n|\n|t:|1782735973\n|move|p2a: Victreebel|Sludge Wave|p1a: Eelektross\n|-damage|p1a: Eelektross|137/290\n|-damage|p2a: Victreebel|2/290|[from] item: Life Orb\n|move|p1a: Eelektross|Drain Punch|p2a: Victreebel\n|-resisted|p2a: Victreebel\n|-damage|p2a: Victreebel|0 fnt\n|-heal|p1a: Eelektross|138/290|[from] drain|[of] p2a: Victreebel\n|faint|p2a: Victreebel\n|\n|-weather|none\n|-heal|p1a: Eelektross|156/290|[from] item: Leftovers\n|upkeep\n|\n|t:|1782735990\n|switch|p2a: Meloetta|Meloetta, L82|298/298\n|turn|7\n|inactive|Morrison17 has 120 seconds left.\n|\n|t:|1782736002\n|move|p2a: Meloetta|Knock Off|p1a: Eelektross\n|-damage|p1a: Eelektross|78/290\n|-enditem|p1a: Eelektross|Leftovers|[from] move: Knock Off|[of] p2a: Meloetta\n|-damage|p2a: Meloetta|269/298|[from] item: Life Orb\n|move|p1a: Eelektross|Knock Off|p2a: Meloetta\n|-supereffective|p2a: Meloetta\n|-damage|p2a: Meloetta|83/298\n|-enditem|p2a: Meloetta|Life Orb|[from] move: Knock Off|[of] p1a: Eelektross\n|\n|upkeep\n|turn|8\n|\n|t:|1782736015\n|move|p2a: Meloetta|Relic Song|p1a: Eelektross\n|-crit|p1a: Eelektross\n|-damage|p1a: Eelektross|0 fnt\n|faint|p1a: Eelektross\n|-formechange|p2a: Meloetta|Meloetta-Pirouette|[msg]\n|\n|upkeep\n|inactive|Morrison17 has 120 seconds left.\n|\n|t:|1782736033\n|switch|p1a: Annihilape|Annihilape, L76, M|292/292\n|turn|9\n|\n|t:|1782736051\n|switch|p2a: Giratina|Giratina-Origin, L72|335/335\n|move|p1a: Annihilape|Drain Punch|p2a: Giratina\n|-immune|p2a: Giratina\n|\n|upkeep\n|turn|10\n|\n|t:|1782736061\n|switch|p1a: Cacturne|Cacturne, L92, F|278/278\n|move|p2a: Giratina|Will-O-Wisp|p1a: Cacturne\n|-status|p1a: Cacturne|brn\n|\n|-damage|p1a: Cacturne|261/278 brn|[from] brn\n|upkeep\n|turn|11\n|\n|t:|1782736085\n|switch|p2a: Dewgong|Dewgong, L94, F|322/322\n|move|p1a: Cacturne|Knock Off|p2a: Dewgong\n|-damage|p2a: Dewgong|230/322\n|-enditem|p2a: Dewgong|Heavy-Duty Boots|[from] move: Knock Off|[of] p1a: Cacturne\n|-damage|p1a: Cacturne|234/278 brn|[from] item: Life Orb\n|\n|-damage|p1a: Cacturne|217/278 brn|[from] brn\n|upkeep\n|turn|12\n|inactive|Mr. Hawk_Wins has 120 seconds left.\n|\n|t:|1782736105\n|move|p2a: Dewgong|Triple Axel|p1a: Cacturne\n|-supereffective|p1a: Cacturne\n|-damage|p1a: Cacturne|169/278 brn\n|-supereffective|p1a: Cacturne\n|-damage|p1a: Cacturne|65/278 brn\n|-supereffective|p1a: Cacturne\n|-damage|p1a: Cacturne|0 fnt\n|faint|p1a: Cacturne\n|-hitcount|p1: Cacturne|3\n|\n|upkeep\n|\n|t:|1782736119\n|switch|p1a: Annihilape|Annihilape, L76, M|292/292\n|turn|13\n|\n|t:|1782736133\n|switch|p2a: Meloetta|Meloetta, L82|83/298\n|move|p1a: Annihilape|Drain Punch|p2a: Meloetta\n|-damage|p2a: Meloetta|0 fnt\n|faint|p2a: Meloetta\n|\n|upkeep\n|\n|t:|1782736139\n|switch|p2a: Giratina|Giratina-Origin, L72|335/335\n|turn|14\n|\n|t:|1782736150\n|switch|p1a: Golem|Golem-Alola, L93, M|300/300\n|move|p2a: Giratina|Will-O-Wisp|p1a: Golem\n|-status|p1a: Golem|brn\n|\n|-damage|p1a: Golem|282/300 brn|[from] brn\n|upkeep\n|turn|15\n|\n|t:|1782736164\n|move|p2a: Giratina|Poltergeist|p1a: Golem\n|-activate|p1a: Golem|move: Poltergeist|Life Orb\n|-damage|p1a: Golem|197/300 brn\n|move|p1a: Golem|Stone Edge|p2a: Giratina\n|-damage|p2a: Giratina|226/335\n|-damage|p1a: Golem|167/300 brn|[from] item: Life Orb\n|\n|-damage|p1a: Golem|149/300 brn|[from] brn\n|upkeep\n|turn|16\n|inactive|Mr. Hawk_Wins has 120 seconds left.\n|inactive|Morrison17 has 120 seconds left.\n|\n|t:|1782736205\n|switch|p2a: Iron Boulder|Iron Boulder, L77|265/265\n|move|p1a: Golem|Stone Edge|p2a: Iron Boulder\n|-damage|p2a: Iron Boulder|140/265\n|-damage|p1a: Golem|119/300 brn|[from] item: Life Orb\n|\n|-damage|p1a: Golem|101/300 brn|[from] brn\n|upkeep\n|turn|17\n|\n|t:|1782736217\n|move|p2a: Iron Boulder|Swords Dance|p2a: Iron Boulder\n|-boost|p2a: Iron Boulder|atk|2\n|move|p1a: Golem|Earthquake|p2a: Iron Boulder\n|-supereffective|p2a: Iron Boulder\n|-damage|p2a: Iron Boulder|0 fnt\n|faint|p2a: Iron Boulder\n|-end|p2a: Iron Boulder|Quark Drive|[silent]\n|-damage|p1a: Golem|71/300 brn|[from] item: Life Orb\n|\n|-damage|p1a: Golem|53/300 brn|[from] brn\n|upkeep\n|\n|t:|1782736230\n|switch|p2a: Dewgong|Dewgong, L94, F|230/322\n|turn|18\n|inactive|Morrison17 has 120 seconds left.\n|\n|t:|1782736248\n|move|p2a: Dewgong|Surf|p1a: Golem\n|-supereffective|p1a: Golem\n|-damage|p1a: Golem|0 fnt\n|faint|p1a: Golem\n|\n|upkeep\n|\n|t:|1782736249\n|switch|p1a: Annihilape|Annihilape, L76, M|292/292\n|turn|19\n|inactive|Mr. Hawk_Wins has 120 seconds left.\n|\n|t:|1782736269\n|switch|p2a: Iron Thorns|Iron Thorns, L83|302/302\n|-enditem|p2a: Iron Thorns|Booster Energy\n|-activate|p2a: Iron Thorns|ability: Quark Drive|[fromitem]\n|-start|p2a: Iron Thorns|quarkdriveatk\n|move|p1a: Annihilape|Bulk Up|p1a: Annihilape\n|-boost|p1a: Annihilape|atk|1\n|-boost|p1a: Annihilape|def|1\n|\n|upkeep\n|turn|20\n|inactive|Morrison17 has 120 seconds left.\n|\n|t:|1782736293\n|-end|p2a: Iron Thorns|Quark Drive|[silent]\n|switch|p2a: Dewgong|Dewgong, L94, F|230/322\n|move|p1a: Annihilape|Drain Punch|p2a: Dewgong\n|-supereffective|p2a: Dewgong\n|-damage|p2a: Dewgong|8/322\n|\n|upkeep\n|turn|21\n|inactive|Mr. Hawk_Wins has 120 seconds left.\n|\n|t:|1782736300\n|move|p2a: Dewgong|Encore|p1a: Annihilape\n|-start|p1a: Annihilape|Encore\n|move|p1a: Annihilape|Drain Punch|p2a: Dewgong\n|-supereffective|p2a: Dewgong\n|-damage|p2a: Dewgong|0 fnt\n|faint|p2a: Dewgong\n|\n|upkeep\n|inactive|Mr. Hawk_Wins has 120 seconds left.\n|\n|t:|1782736306\n|switch|p2a: Giratina|Giratina-Origin, L72|226/335\n|turn|22\n|inactive|Morrison17 has 120 seconds left.\n|\n|t:|1782736347\n|move|p1a: Annihilape|Drain Punch|p2a: Giratina\n|-immune|p2a: Giratina\n|move|p2a: Giratina|Will-O-Wisp|p1a: Annihilape\n|-status|p1a: Annihilape|brn\n|\n|-damage|p1a: Annihilape|274/292 brn|[from] brn\n|upkeep\n|turn|23\n|inactive|Mr. Hawk_Wins has 120 seconds left.\n|\n|t:|1782736369\n|move|p1a: Annihilape|Drain Punch|p2a: Giratina\n|-immune|p2a: Giratina\n|move|p2a: Giratina|Poltergeist|p1a: Annihilape\n|-activate|p1a: Annihilape|move: Poltergeist|Leftovers\n|-supereffective|p1a: Annihilape\n|-damage|p1a: Annihilape|64/292 brn\n|\n|-heal|p1a: Annihilape|82/292 brn|[from] item: Leftovers\n|-damage|p1a: Annihilape|64/292 brn|[from] brn\n|-end|p1a: Annihilape|Encore\n|upkeep\n|turn|24\n|inactive|Morrison17 has 120 seconds left.\n|inactive|Mr. Hawk_Wins has 120 seconds left.\n|\n|t:|1782736383\n|move|p1a: Annihilape|Rage Fist|p2a: Giratina\n|-supereffective|p2a: Giratina\n|-crit|p2a: Giratina\n|-damage|p2a: Giratina|4/335\n|move|p2a: Giratina|Draco Meteor|p1a: Annihilape\n|-damage|p1a: Annihilape|0 fnt\n|-unboost|p2a: Giratina|spa|2\n|faint|p1a: Annihilape\n|\n|win|Mr. Hawk_Wins\n|raw|Morrison17's rating: 1406 &rarr; <strong>1385</strong><br />(-21 for losing)\n|raw|Mr. Hawk_Wins's rating: 1393 &rarr; <strong>1414</strong><br />(+21 for winning)\n|c|\u2606Mr. Hawk_Wins|gg wp\n", "inputlog": ">version 3f8ef8cf60cebd2b18892af2794d10415e14a302\n>start {\"formatid\":\"gen9randombattle\",\"seed\":\"sodium,f4019c82b6f8c7e956bf1d7de652d1fa\",\"rated\":\"Rated battle\"}\n>player p1 {\"name\":\"Morrison17\",\"avatar\":\"red\",\"rating\":1390,\"seed\":\"sodium,2e4c3ef722cdbb50d09cf471a17be290\"}\n>player p2 {\"name\":\"Mr. Hawk_Wins\",\"avatar\":\"crasherwake\",\"rating\":1393,\"seed\":\"sodium,954f6b0246549294557e107e9db000a4\"}\n>p1 move supercellslam\n>p2 switch 3\n>p1 switch 5\n>p2 move sunnyday\n>p1 move heavyslam\n>p2 move weatherball\n>p1 switch 2\n>p1 move poisonjab\n>p2 move sludgewave\n>p1 move poisonjab\n>p2 move sludgewave\n>p1 switch 5\n>p1 move drainpunch\n>p2 move sludgewave\n>p2 switch 2\n>p1 move knockoff\n>p2 move knockoff\n>p1 move supercellslam\n>p2 move relicsong\n>p1 switch 4\n>p1 move drainpunch\n>p2 switch 6\n>p1 switch 6\n>p2 move willowisp\n>p1 move knockoff\n>p2 switch 3\n>p1 move leafstorm\n>p2 move tripleaxel\n>p1 switch 6\n>p1 move drainpunch\n>p2 switch 6\n>p2 switch 3\n>p1 switch 3\n>p2 move willowisp\n>p1 move stoneedge\n>p2 move poltergeist\n>p1 move stoneedge\n>p2 switch 5\n>p1 move earthquake\n>p2 move swordsdance\n>p2 switch 6\n>p1 move doubleedge\n>p2 move surf\n>p1 switch 3\n>p1 move bulkup\n>p2 switch 4\n>p1 move drainpunch\n>p2 switch 4\n>p1 move drainpunch\n>p2 move encore\n>p2 switch 5\n>p1 move drainpunch\n>p2 move willowisp\n>p1 move drainpunch\n>p2 move poltergeist\n>p1 move ragefist\n>p2 move dracometeor", "uploadtime": 1782736409, "views": 4, "formatid": "gen9randombattle", "rating": 1385, "private": 0, "password": null, "player_dets": [{"name": "Morrison17", "avatar": "red", "rating": 1390, "seed": "sodium,2e4c3ef722cdbb50d09cf471a17be290"}, {"name": "Mr. Hawk_Wins", "avatar": "crasherwake", "rating": 1393, "seed": "sodium,954f6b0246549294557e107e9db000a4"}], "teams_full": [{"Eelektross": {"name": "Eelektross", "species": "Eelektross", "speciesId": "eelektross", "gender": "F", "shiny": false, "level": 87, "moves": ["coil", "drainpunch", "knockoff", "supercellslam"], "ability": "Levitate", "evs": {"hp": 85, "atk": 85, "def": 85, "spa": 85, "spd": 85, "spe": 85}, "ivs": {"hp": 31, "atk": 31, "def": 31, "spa": 31, "spd": 31, "spe": 31}, "item": "Leftovers", "teraType": "Fighting", "role": "Bulky Setup", "bvs": {"hp": 85, "atk": 115, "def": 80, "spa": 105, "spd": 80, "spe": 50}, "stats": {"hp": 290, "atk": 250, "def": 189, "spa": 232, "spd": 189, "spe": 137}, "types": ["Electric"]}, "Medicham": {"name": "Medicham", "species": "Medicham", "speciesId": "medicham", "gender": "M", "shiny": false, "level": 86, "moves": ["trick", "closecombat", "zenheadbutt", "poisonjab"], "ability": "Pure Power", "evs": {"hp": 85, "atk": 85, "def": 85, "spa": 85, "spd": 85, "spe": 85}, "ivs": {"hp": 31, "atk": 31, "def": 31, "spa": 31, "spd": 31, "spe": 31}, "item": "Choice Scarf", "teraType": "Fighting", "role": "Fast Attacker", "bvs": {"hp": 60, "atk": 60, "def": 75, "spa": 60, "spd": 75, "spe": 80}, "stats": {"hp": 243, "atk": 152, "def": 178, "spa": 152, "spd": 178, "spe": 187}, "types": ["Fighting", "Psychic"]}, "Golem": {"name": "Golem", "species": "Golem-Alola", "speciesId": "golemalola", "gender": "M", "shiny": false, "level": 93, "moves": ["stoneedge", "earthquake", "doubleedge", "rockpolish"], "ability": "Galvanize", "evs": {"hp": 85, "atk": 85, "def": 85, "spa": 85, "spd": 85, "spe": 85}, "ivs": {"hp": 31, "atk": 31, "def": 31, "spa": 31, "spd": 31, "spe": 31}, "item": "Life Orb", "teraType": "Grass", "role": "Setup Sweeper", "bvs": {"hp": 80, "atk": 120, "def": 130, "spa": 55, "spd": 65, "spe": 45}, "stats": {"hp": 300, "atk": 276, "def": 295, "spa": 155, "spd": 174, "spe": 137}, "types": ["Rock", "Electric"]}, "Annihilape": {"name": "Annihilape", "species": "Annihilape", "speciesId": "annihilape", "gender": "M", "shiny": false, "level": 76, "moves": ["gunkshot", "drainpunch", "ragefist", "bulkup"], "ability": "Defiant", "evs": {"hp": 85, "atk": 85, "def": 85, "spa": 85, "spd": 85, "spe": 85}, "ivs": {"hp": 31, "atk": 31, "def": 31, "spa": 31, "spd": 31, "spe": 31}, "item": "Leftovers", "teraType": "Ghost", "role": "Bulky Setup", "bvs": {"hp": 110, "atk": 115, "def": 80, "spa": 50, "spd": 90, "spe": 90}, "stats": {"hp": 292, "atk": 219, "def": 166, "spa": 120, "spd": 181, "spe": 181}, "types": ["Fighting", "Ghost"]}, "Metagross": {"name": "Metagross", "species": "Metagross", "speciesId": "metagross", "gender": "N", "shiny": false, "level": 79, "moves": ["earthquake", "bulletpunch", "heavyslam", "stealthrock"], "ability": "Clear Body", "evs": {"hp": 85, "atk": 85, "def": 85, "spa": 85, "spd": 85, "spe": 85}, "ivs": {"hp": 31, "atk": 31, "def": 31, "spa": 31, "spd": 31, "spe": 31}, "item": "Leftovers", "teraType": "Water", "role": "Bulky Support", "bvs": {"hp": 80, "atk": 135, "def": 130, "spa": 95, "spd": 90, "spe": 70}, "stats": {"hp": 256, "atk": 259, "def": 251, "spa": 196, "spd": 188, "spe": 156}, "types": ["Steel", "Psychic"]}, "Cacturne": {"name": "Cacturne", "species": "Cacturne", "speciesId": "cacturne", "gender": "F", "shiny": false, "level": 92, "moves": ["suckerpunch", "leafstorm", "spikes", "knockoff"], "ability": "Water Absorb", "evs": {"hp": 85, "atk": 85, "def": 85, "spa": 85, "spd": 85, "spe": 85}, "ivs": {"hp": 31, "atk": 31, "def": 31, "spa": 31, "spd": 31, "spe": 31}, "item": "Life Orb", "teraType": "Dark", "role": "Wallbreaker", "bvs": {"hp": 70, "atk": 115, "def": 60, "spa": 115, "spd": 60, "spe": 55}, "stats": {"hp": 278, "atk": 264, "def": 163, "spa": 264, "spd": 163, "spe": 154}, "types": ["Grass", "Dark"]}}, {"Dewgong": {"name": "Dewgong", "species": "Dewgong", "speciesId": "dewgong", "gender": "F", "shiny": false, "level": 94, "moves": ["tripleaxel", "surf", "encore", "knockoff"], "ability": "Thick Fat", "evs": {"hp": 85, "atk": 85, "def": 85, "spa": 85, "spd": 85, "spe": 85}, "ivs": {"hp": 31, "atk": 31, "def": 31, "spa": 31, "spd": 31, "spe": 31}, "item": "Heavy-Duty Boots", "teraType": "Grass", "role": "Bulky Attacker", "bvs": {"hp": 90, "atk": 70, "def": 80, "spa": 70, "spd": 95, "spe": 70}, "stats": {"hp": 322, "atk": 185, "def": 204, "spa": 185, "spd": 232, "spe": 185}, "types": ["Water", "Ice"]}, "Meloetta": {"name": "Meloetta", "species": "Meloetta", "speciesId": "meloetta", "gender": "N", "shiny": false, "level": 82, "moves": ["closecombat", "tripleaxel", "relicsong", "knockoff"], "ability": "Serene Grace", "evs": {"hp": 85, "atk": 85, "def": 85, "spa": 85, "spd": 85, "spe": 85}, "ivs": {"hp": 31, "atk": 31, "def": 31, "spa": 31, "spd": 31, "spe": 31}, "item": "Life Orb", "teraType": "Dark", "role": "Wallbreaker", "bvs": {"hp": 100, "atk": 77, "def": 77, "spa": 128, "spd": 128, "spe": 90}, "stats": {"hp": 298, "atk": 173, "def": 173, "spa": 257, "spd": 257, "spe": 195}, "types": ["Normal", "Psychic"]}, "Victreebel": {"name": "Victreebel", "species": "Victreebel", "speciesId": "victreebel", "gender": "F", "shiny": false, "level": 90, "moves": ["powerwhip", "weatherball", "sludgewave", "sunnyday"], "ability": "Chlorophyll", "evs": {"hp": 85, "atk": 85, "def": 85, "spa": 85, "spd": 85, "spe": 85}, "ivs": {"hp": 31, "atk": 31, "def": 31, "spa": 31, "spd": 31, "spe": 31}, "item": "Life Orb", "teraType": "Fire", "role": "Fast Attacker", "bvs": {"hp": 80, "atk": 105, "def": 65, "spa": 100, "spd": 70, "spe": 70}, "stats": {"hp": 290, "atk": 240, "def": 168, "spa": 231, "spd": 177, "spe": 177}, "types": ["Grass", "Poison"]}, "Iron Thorns": {"name": "Iron Thorns", "species": "Iron Thorns", "speciesId": "ironthorns", "gender": "N", "shiny": false, "level": 83, "moves": ["dragondance", "stoneedge", "icepunch", "wildcharge"], "ability": "Quark Drive", "evs": {"hp": 85, "atk": 85, "def": 85, "spa": 85, "spd": 85, "spe": 85}, "ivs": {"hp": 31, "atk": 31, "def": 31, "spa": 31, "spd": 31, "spe": 31}, "item": "Booster Energy", "teraType": "Rock", "role": "Fast Bulky Setup", "bvs": {"hp": 100, "atk": 134, "def": 110, "spa": 70, "spd": 84, "spe": 72}, "stats": {"hp": 302, "atk": 270, "def": 230, "spa": 164, "spd": 187, "spe": 167}, "types": ["Rock", "Electric"]}, "Iron Boulder": {"name": "Iron Boulder", "species": "Iron Boulder", "speciesId": "ironboulder", "gender": "N", "shiny": false, "level": 77, "moves": ["mightycleave", "zenheadbutt", "closecombat", "swordsdance"], "ability": "Quark Drive", "evs": {"hp": 85, "atk": 85, "def": 85, "spa": 85, "spd": 85, "spe": 85}, "ivs": {"hp": 31, "atk": 31, "def": 31, "spa": 31, "spd": 31, "spe": 31}, "item": "Life Orb", "teraType": "Fighting", "role": "Setup Sweeper", "bvs": {"hp": 90, "atk": 120, "def": 80, "spa": 68, "spd": 108, "spe": 124}, "stats": {"hp": 265, "atk": 229, "def": 168, "spa": 149, "spd": 211, "spe": 236}, "types": ["Rock", "Psychic"]}, "Giratina": {"name": "Giratina", "species": "Giratina-Origin", "speciesId": "giratinaorigin", "gender": "N", "shiny": false, "level": 72, "moves": ["willowisp", "dracometeor", "defog", "poltergeist"], "ability": "Levitate", "evs": {"hp": 85, "atk": 85, "def": 85, "spa": 85, "spd": 85, "spe": 85}, "ivs": {"hp": 31, "atk": 31, "def": 31, "spa": 31, "spd": 31, "spe": 31}, "item": "Griseous Core", "teraType": "Dragon", "role": "Fast Attacker", "bvs": {"hp": 150, "atk": 120, "def": 100, "spa": 120, "spd": 100, "spe": 90}, "stats": {"hp": 335, "atk": 215, "def": 186, "spa": 215, "spd": 186, "spe": 172}, "types": ["Ghost", "Dragon"]}}]}