{"id": "gen9randombattle-2641571738", "format": "[Gen 9] Random Battle", "players": ["Aaron Hiez", "JohnaP"], "log": "|j|\u2606Aaron Hiez\n|j|\u2606JohnaP\n|t:|1782810547\n|gametype|singles\n|player|p1|Aaron Hiez|101|1913\n|player|p2|JohnaP|elesa|1974\n|gen|9\n|tier|[Gen 9] Random Battle\n|rated|\n|rule|Species Clause: Limit one of each Pok\u00e9mon\n|rule|HP Percentage Mod: HP is shown in percentages\n|rule|Sleep Clause Mod: Limit one foe put to sleep\n|rule|Illusion Level Mod: Illusion disguises the Pok\u00e9mon's true level\n|\n|t:|1782810547\n|teamsize|p1|6\n|teamsize|p2|6\n|start\n|switch|p1a: Pawmot|Pawmot, L80, M|243/243\n|switch|p2a: Revavroom|Revavroom, L79, F|256/256\n|turn|1\n|inactive|Battle timer is ON: inactive players will automatically lose when time's up. (requested by JohnaP)\n|\n|t:|1782810573\n|switch|p1a: Masquerain|Masquerain, L87, M|264/264\n|-ability|p1a: Masquerain|Intimidate|boost\n|-unboost|p2a: Revavroom|atk|1\n|move|p2a: Revavroom|Shift Gear|p2a: Revavroom\n|-boost|p2a: Revavroom|spe|2\n|-boost|p2a: Revavroom|atk|1\n|\n|upkeep\n|turn|2\n|\n|t:|1782810584\n|move|p2a: Revavroom|Gunk Shot|p1a: Masquerain\n|-damage|p1a: Masquerain|60/264\n|-damage|p2a: Revavroom|231/256|[from] item: Life Orb\n|move|p1a: Masquerain|Stun Spore|p2a: Revavroom\n|-status|p2a: Revavroom|par\n|\n|upkeep\n|turn|3\n|\n|t:|1782810591\n|move|p1a: Masquerain|Sticky Web|p2a: Revavroom\n|-sidestart|p2: JohnaP|move: Sticky Web\n|move|p2a: Revavroom|Iron Head|p1a: Masquerain\n|-damage|p1a: Masquerain|0 fnt\n|faint|p1a: Masquerain\n|-damage|p2a: Revavroom|206/256 par|[from] item: Life Orb\n|\n|upkeep\n|\n|t:|1782810611\n|switch|p1a: Mudsdale|Mudsdale, L83, F|302/302\n|turn|4\n|\n|t:|1782810621\n|switch|p2a: Jumpluff|Jumpluff, L87, M|271/271\n|move|p1a: Mudsdale|Stealth Rock|p2a: Jumpluff\n|-sidestart|p2: JohnaP|move: Stealth Rock\n|\n|upkeep\n|turn|5\n|\n|t:|1782810634\n|move|p2a: Jumpluff|Sleep Powder|p1a: Mudsdale\n|-status|p1a: Mudsdale|slp|[from] move: Sleep Powder\n|cant|p1a: Mudsdale|slp\n|\n|upkeep\n|turn|6\n|\n|t:|1782810657\n|switch|p2a: Floatzel|Floatzel, L86, F|286/286\n|-activate|p2a: Floatzel|move: Sticky Web\n|-unboost|p2a: Floatzel|spe|1\n|-damage|p2a: Floatzel|251/286|[from] Stealth Rock\n|switch|p1a: Whimsicott|Whimsicott, L84, M|238/238\n|\n|upkeep\n|turn|7\n|\n|t:|1782810662\n|move|p1a: Whimsicott|Stun Spore|p2a: Floatzel\n|-status|p2a: Floatzel|par\n|move|p2a: Floatzel|Ice Spinner|p1a: Whimsicott\n|-supereffective|p1a: Whimsicott\n|-damage|p1a: Whimsicott|36/238\n|\n|upkeep\n|turn|8\n|\n|t:|1782810668\n|switch|p2a: Revavroom|Revavroom, L79, F|206/256 par\n|-activate|p2a: Revavroom|move: Sticky Web\n|-unboost|p2a: Revavroom|spe|1\n|-damage|p2a: Revavroom|190/256 par|[from] Stealth Rock\n|move|p1a: Whimsicott|Moonblast|p2a: Revavroom\n|-resisted|p2a: Revavroom\n|-damage|p2a: Revavroom|162/256 par\n|-unboost|p2a: Revavroom|spa|1\n|\n|upkeep\n|turn|9\n|\n|t:|1782810674\n|move|p1a: Whimsicott|U-turn|p2a: Revavroom\n|-resisted|p2a: Revavroom\n|-damage|p2a: Revavroom|152/256 par\n|\n|t:|1782810676\n|switch|p1a: Mudsdale|Mudsdale, L83, F|302/302 slp|[from] U-turn\n|cant|p2a: Revavroom|par\n|\n|upkeep\n|turn|10\n|\n|t:|1782810686\n|switch|p2a: Luvdisc|Luvdisc, F|247/247\n|cant|p1a: Mudsdale|slp\n|\n|upkeep\n|turn|11\n|\n|t:|1782810695\n|switch|p1a: Chansey|Chansey, L85, F|564/564\n|move|p2a: Luvdisc|Substitute|p2a: Luvdisc\n|-start|p2a: Luvdisc|Substitute\n|-damage|p2a: Luvdisc|186/247\n|\n|upkeep\n|turn|12\n|\n|t:|1782810700\n|move|p2a: Luvdisc|Whirlpool|p1a: Chansey\n|-damage|p1a: Chansey|546/564\n|-activate|p1a: Chansey|move: Whirlpool|[of] p2a: Luvdisc\n|move|p1a: Chansey|Seismic Toss|p2a: Luvdisc\n|-end|p2a: Luvdisc|Substitute\n|\n|-damage|p1a: Chansey|476/564|[from] move: Whirlpool|[partiallytrapped]\n|upkeep\n|turn|13\n|\n|t:|1782810709\n|move|p2a: Luvdisc|Substitute|p2a: Luvdisc\n|-start|p2a: Luvdisc|Substitute\n|-damage|p2a: Luvdisc|125/247\n|move|p1a: Chansey|Seismic Toss|p2a: Luvdisc\n|-end|p2a: Luvdisc|Substitute\n|\n|-damage|p1a: Chansey|406/564|[from] move: Whirlpool|[partiallytrapped]\n|upkeep\n|turn|14\n|\n|t:|1782810713\n|move|p2a: Luvdisc|Substitute|p2a: Luvdisc\n|-start|p2a: Luvdisc|Substitute\n|-damage|p2a: Luvdisc|64/247\n|move|p1a: Chansey|Seismic Toss|p2a: Luvdisc\n|-end|p2a: Luvdisc|Substitute\n|\n|-damage|p1a: Chansey|336/564|[from] move: Whirlpool|[partiallytrapped]\n|upkeep\n|turn|15\n|\n|t:|1782810716\n|move|p2a: Luvdisc|Substitute|p2a: Luvdisc\n|-start|p2a: Luvdisc|Substitute\n|-damage|p2a: Luvdisc|3/247\n|move|p1a: Chansey|Seismic Toss|p2a: Luvdisc\n|-end|p2a: Luvdisc|Substitute\n|\n|-damage|p1a: Chansey|266/564|[from] move: Whirlpool|[partiallytrapped]\n|upkeep\n|turn|16\n|\n|t:|1782810719\n|move|p2a: Luvdisc|Endeavor|p1a: Chansey\n|-damage|p1a: Chansey|3/564\n|move|p1a: Chansey|Seismic Toss|p2a: Luvdisc\n|-damage|p2a: Luvdisc|0 fnt\n|faint|p2a: Luvdisc\n|\n|-end|p1a: Chansey|Whirlpool|[partiallytrapped]|[silent]\n|upkeep\n|\n|t:|1782810727\n|switch|p2a: Jumpluff|Jumpluff, L87, M|271/271\n|-damage|p2a: Jumpluff|204/271|[from] Stealth Rock\n|turn|17\n|\n|t:|1782810732\n|move|p2a: Jumpluff|Acrobatics|p1a: Chansey\n|-damage|p1a: Chansey|0 fnt\n|faint|p1a: Chansey\n|\n|upkeep\n|\n|t:|1782810739\n|switch|p1a: Mewtwo|Mewtwo, L72|272/272\n|-ability|p1a: Mewtwo|Unnerve\n|turn|18\n|\n|t:|1782810757\n|move|p2a: Jumpluff|Strength Sap|p1a: Mewtwo\n|-unboost|p1a: Mewtwo|atk|1\n|-heal|p2a: Jumpluff|271/271\n|move|p1a: Mewtwo|Fire Blast|p2a: Jumpluff\n|-supereffective|p2a: Jumpluff\n|-damage|p2a: Jumpluff|79/271\n|-damage|p1a: Mewtwo|245/272|[from] item: Life Orb\n|\n|upkeep\n|turn|19\n|\n|t:|1782810766\n|move|p2a: Jumpluff|Encore|p1a: Mewtwo\n|-start|p1a: Mewtwo|Encore\n|move|p1a: Mewtwo|Fire Blast|p2a: Jumpluff\n|-supereffective|p2a: Jumpluff\n|-damage|p2a: Jumpluff|0 fnt\n|faint|p2a: Jumpluff\n|-damage|p1a: Mewtwo|218/272|[from] item: Life Orb\n|\n|upkeep\n|\n|t:|1782810768\n|switch|p2a: Gouging Fire|Gouging Fire, L74|277/277\n|turn|20\n|\n|t:|1782810772\n|switch|p1a: Whimsicott|Whimsicott, L84, M|36/238\n|move|p2a: Gouging Fire|Dragon Dance|p2a: Gouging Fire\n|-boost|p2a: Gouging Fire|atk|1\n|-boost|p2a: Gouging Fire|spe|1\n|\n|upkeep\n|turn|21\n|\n|t:|1782810778\n|-end|p2a: Gouging Fire|Protosynthesis|[silent]\n|switch|p2a: Revavroom|Revavroom, L79, F|152/256 par\n|-activate|p2a: Revavroom|move: Sticky Web\n|-unboost|p2a: Revavroom|spe|1\n|-damage|p2a: Revavroom|136/256 par|[from] Stealth Rock\n|move|p1a: Whimsicott|Encore||[still]\n|-fail|p1a: Whimsicott\n|\n|upkeep\n|turn|22\n|\n|t:|1782810783\n|move|p1a: Whimsicott|U-turn|p2a: Revavroom\n|-resisted|p2a: Revavroom\n|-damage|p2a: Revavroom|127/256 par\n|\n|t:|1782810785\n|switch|p1a: Mudsdale|Mudsdale, L83, F|302/302 slp|[from] U-turn\n|move|p2a: Revavroom|Iron Head|p1a: Mudsdale\n|-damage|p1a: Mudsdale|195/302 slp\n|-ability|p1a: Mudsdale|Stamina|boost\n|-boost|p1a: Mudsdale|def|1\n|-damage|p2a: Revavroom|102/256 par|[from] item: Life Orb\n|\n|-heal|p1a: Mudsdale|213/302 slp|[from] item: Leftovers\n|upkeep\n|turn|23\n|\n|t:|1782810791\n|switch|p2a: Floatzel|Floatzel, L86, F|251/286 par\n|-activate|p2a: Floatzel|move: Sticky Web\n|-unboost|p2a: Floatzel|spe|1\n|-damage|p2a: Floatzel|216/286 par|[from] Stealth Rock\n|-curestatus|p1a: Mudsdale|slp|[msg]\n|move|p1a: Mudsdale|Earthquake|p2a: Floatzel\n|-damage|p2a: Floatzel|51/286 par\n|\n|-heal|p1a: Mudsdale|231/302|[from] item: Leftovers\n|upkeep\n|turn|24\n|\n|t:|1782810799\n|move|p1a: Mudsdale|Earthquake|p2a: Floatzel\n|-damage|p2a: Floatzel|0 fnt\n|faint|p2a: Floatzel\n|\n|-heal|p1a: Mudsdale|249/302|[from] item: Leftovers\n|upkeep\n|\n|t:|1782810802\n|switch|p2a: Frosmoth|Frosmoth, L82, M|249/249\n|turn|25\n|\n|t:|1782810811\n|-terastallize|p2a: Frosmoth|Water\n|move|p2a: Frosmoth|Quiver Dance|p2a: Frosmoth\n|-boost|p2a: Frosmoth|spa|1\n|-boost|p2a: Frosmoth|spd|1\n|-boost|p2a: Frosmoth|spe|1\n|move|p1a: Mudsdale|Heavy Slam|p2a: Frosmoth\n|-resisted|p2a: Frosmoth\n|-damage|p2a: Frosmoth|178/249\n|\n|-heal|p1a: Mudsdale|267/302|[from] item: Leftovers\n|upkeep\n|turn|26\n|\n|t:|1782810825\n|-terastallize|p1a: Mudsdale|Steel\n|move|p2a: Frosmoth|Ice Beam|p1a: Mudsdale\n|-resisted|p1a: Mudsdale\n|-damage|p1a: Mudsdale|184/302\n|-ability|p1a: Mudsdale|Stamina|boost\n|-boost|p1a: Mudsdale|def|1\n|move|p1a: Mudsdale|Roar|p2a: Frosmoth\n|drag|p2a: Revavroom|Revavroom, L79, F|102/256 par\n|-activate|p2a: Revavroom|move: Sticky Web\n|-unboost|p2a: Revavroom|spe|1\n|-damage|p2a: Revavroom|86/256 par|[from] Stealth Rock\n|\n|-heal|p1a: Mudsdale|202/302|[from] item: Leftovers\n|upkeep\n|turn|27\n|-message|JohnaP forfeited.\n|\n|win|Aaron Hiez\n", "inputlog": ">version f8ac14003a5f27e1bdc8d8c59608a773c1cb96e5\n>start {\"formatid\":\"gen9randombattle\",\"seed\":\"sodium,d1a26881952182001cc65c55002896d8\",\"rated\":\"Rated battle\"}\n>player p1 {\"name\":\"Aaron Hiez\",\"avatar\":\"101\",\"rating\":1913,\"seed\":\"sodium,f15b5bfd1a115373395ea826920f7d70\"}\n>player p2 {\"name\":\"JohnaP\",\"avatar\":\"elesa\",\"rating\":1974,\"seed\":\"sodium,0e1c7823a5315f9369d3f653cca80779\"}\n>p1 switch 2\n>p2 move shiftgear\n>p1 move stunspore\n>p2 move gunkshot\n>p1 move stickyweb\n>p2 move ironhead\n>p1 switch 4\n>p1 move stealthrock\n>p2 switch 5\n>p1 move roar\n>p2 move sleeppowder\n>p1 switch 3\n>p2 switch 2\n>p1 move stunspore\n>p2 move icespinner\n>p1 move moonblast\n>p2 switch 5\n>p1 move uturn\n>p2 move ironhead\n>p1 switch 3\n>p1 move earthquake\n>p2 switch 4\n>p1 switch 5\n>p2 move substitute\n>p1 move seismictoss\n>p2 move whirlpool\n>p1 move seismictoss\n>p2 move substitute\n>p1 move seismictoss\n>p2 move substitute\n>p1 move seismictoss\n>p2 move substitute\n>p1 move seismictoss\n>p2 move endeavor\n>p2 switch 2\n>p1 move thunderwave\n>p2 move acrobatics\n>p1 switch 6\n>p1 move fireblast\n>p2 move strengthsap\n>p1 move nastyplot\n>p2 move encore\n>p2 switch 3\n>p1 switch 3\n>p2 move dragondance\n>p1 move encore\n>p2 switch 4\n>p1 move uturn\n>p2 move ironhead\n>p1 switch 5\n>p1 move earthquake\n>p2 switch 5\n>p1 move earthquake\n>p2 move wavecrash\n>p2 switch 6\n>p1 move heavyslam\n>p2 move quiverdance terastallize\n>p1 move roar terastallize\n>p2 move icebeam\n>forcelose p2", "uploadtime": 1782810550, "views": 4, "formatid": "gen9randombattle", "rating": null, "private": 0, "password": null, "player_dets": [{"name": "Aaron Hiez", "avatar": "101", "rating": 1913, "seed": "sodium,f15b5bfd1a115373395ea826920f7d70"}, {"name": "JohnaP", "avatar": "elesa", "rating": 1974, "seed": "sodium,0e1c7823a5315f9369d3f653cca80779"}], "teams_full": [{"Pawmot": {"name": "Pawmot", "species": "Pawmot", "speciesId": "pawmot", "gender": "M", "shiny": false, "level": 80, "moves": ["revivalblessing", "knockoff", "closecombat", "doubleshock"], "ability": "Volt Absorb", "evs": {"hp": 85, "atk": 85, "def": 85, "spa": 85, "spd": 85, "spe": 85}, "ivs": {"hp": 31, "atk": 31, "def": 31, "spa": 31, "spd": 31, "spe": 31}, "item": "Life Orb", "teraType": "Electric", "role": "Fast Attacker", "bvs": {"hp": 70, "atk": 115, "def": 70, "spa": 70, "spd": 60, "spe": 105}, "stats": {"hp": 243, "atk": 230, "def": 158, "spa": 158, "spd": 142, "spe": 214}, "types": ["Electric", "Fighting"]}, "Masquerain": {"name": "Masquerain", "species": "Masquerain", "speciesId": "masquerain", "gender": "M", "shiny": false, "level": 87, "moves": ["stunspore", "stickyweb", "uturn", "hurricane"], "ability": "Intimidate", "evs": {"hp": 85, "atk": 85, "def": 85, "spa": 85, "spd": 85, "spe": 85}, "ivs": {"hp": 31, "atk": 31, "def": 31, "spa": 31, "spd": 31, "spe": 31}, "item": "Heavy-Duty Boots", "teraType": "Steel", "role": "Fast Support", "bvs": {"hp": 70, "atk": 60, "def": 62, "spa": 100, "spd": 82, "spe": 80}, "stats": {"hp": 264, "atk": 154, "def": 158, "spa": 224, "spd": 192, "spe": 189}, "types": ["Bug", "Flying"]}, "Whimsicott": {"name": "Whimsicott", "species": "Whimsicott", "speciesId": "whimsicott", "gender": "M", "shiny": false, "level": 84, "moves": ["stunspore", "moonblast", "encore", "uturn"], "ability": "Prankster", "evs": {"hp": 85, "atk": 85, "def": 85, "spa": 85, "spd": 85, "spe": 85}, "ivs": {"hp": 31, "atk": 31, "def": 31, "spa": 31, "spd": 31, "spe": 31}, "item": "Heavy-Duty Boots", "teraType": "Poison", "role": "Fast Support", "bvs": {"hp": 60, "atk": 67, "def": 85, "spa": 77, "spd": 75, "spe": 116}, "stats": {"hp": 238, "atk": 161, "def": 191, "spa": 178, "spd": 174, "spe": 243}, "types": ["Grass", "Fairy"]}, "Mudsdale": {"name": "Mudsdale", "species": "Mudsdale", "speciesId": "mudsdale", "gender": "F", "shiny": false, "level": 83, "moves": ["earthquake", "stealthrock", "heavyslam", "roar"], "ability": "Stamina", "evs": {"hp": 85, "atk": 85, "def": 85, "spa": 85, "spd": 85, "spe": 85}, "ivs": {"hp": 31, "atk": 31, "def": 31, "spa": 31, "spd": 31, "spe": 31}, "item": "Leftovers", "teraType": "Steel", "role": "Bulky Attacker", "bvs": {"hp": 100, "atk": 125, "def": 100, "spa": 55, "spd": 85, "spe": 35}, "stats": {"hp": 302, "atk": 255, "def": 214, "spa": 139, "spd": 189, "spe": 106}, "types": ["Ground"]}, "Chansey": {"name": "Chansey", "species": "Chansey", "speciesId": "chansey", "gender": "F", "shiny": false, "level": 85, "moves": ["healbell", "softboiled", "seismictoss", "thunderwave"], "ability": "Natural Cure", "evs": {"hp": 85, "atk": 0, "def": 85, "spa": 85, "spd": 85, "spe": 85}, "ivs": {"hp": 31, "atk": 0, "def": 31, "spa": 31, "spd": 31, "spe": 31}, "item": "Eviolite", "teraType": "Poison", "role": "Bulky Support", "bvs": {"hp": 250, "atk": 5, "def": 5, "spa": 35, "spd": 105, "spe": 50}, "stats": {"hp": 564, "atk": 13, "def": 57, "spa": 108, "spd": 227, "spe": 134}, "types": ["Normal"]}, "Mewtwo": {"name": "Mewtwo", "species": "Mewtwo", "speciesId": "mewtwo", "gender": "N", "shiny": false, "level": 72, "moves": ["psystrike", "nastyplot", "darkpulse", "fireblast"], "ability": "Unnerve", "evs": {"hp": 85, "atk": 0, "def": 85, "spa": 85, "spd": 85, "spe": 85}, "ivs": {"hp": 31, "atk": 0, "def": 31, "spa": 31, "spd": 31, "spe": 31}, "item": "Life Orb", "teraType": "Psychic", "role": "Setup Sweeper", "bvs": {"hp": 106, "atk": 110, "def": 90, "spa": 154, "spd": 90, "spe": 130}, "stats": {"hp": 272, "atk": 163, "def": 172, "spa": 264, "spd": 172, "spe": 229}, "types": ["Psychic"]}}, {"Revavroom": {"name": "Revavroom", "species": "Revavroom", "speciesId": "revavroom", "gender": "F", "shiny": false, "level": 79, "moves": ["ironhead", "gunkshot", "highhorsepower", "shiftgear"], "ability": "Filter", "evs": {"hp": 85, "atk": 85, "def": 85, "spa": 85, "spd": 85, "spe": 85}, "ivs": {"hp": 31, "atk": 31, "def": 31, "spa": 31, "spd": 31, "spe": 31}, "item": "Life Orb", "teraType": "Ground", "role": "Fast Attacker", "bvs": {"hp": 80, "atk": 119, "def": 90, "spa": 54, "spd": 67, "spe": 90}, "stats": {"hp": 256, "atk": 234, "def": 188, "spa": 131, "spd": 151, "spe": 188}, "types": ["Steel", "Poison"]}, "Floatzel": {"name": "Floatzel", "species": "Floatzel", "speciesId": "floatzel", "gender": "F", "shiny": false, "level": 86, "moves": ["crunch", "icespinner", "wavecrash", "flipturn"], "ability": "Water Veil", "evs": {"hp": 85, "atk": 85, "def": 85, "spa": 85, "spd": 85, "spe": 85}, "ivs": {"hp": 31, "atk": 31, "def": 31, "spa": 31, "spd": 31, "spe": 31}, "item": "Choice Band", "teraType": "Water", "role": "Wallbreaker", "bvs": {"hp": 85, "atk": 105, "def": 55, "spa": 85, "spd": 50, "spe": 115}, "stats": {"hp": 286, "atk": 230, "def": 144, "spa": 195, "spd": 135, "spe": 247}, "types": ["Water"]}, "Gouging Fire": {"name": "Gouging Fire", "species": "Gouging Fire", "speciesId": "gougingfire", "gender": "N", "shiny": false, "level": 74, "moves": ["outrage", "heatcrash", "earthquake", "dragondance"], "ability": "Protosynthesis", "evs": {"hp": 85, "atk": 85, "def": 85, "spa": 85, "spd": 85, "spe": 85}, "ivs": {"hp": 31, "atk": 31, "def": 31, "spa": 31, "spd": 31, "spe": 31}, "item": "Heavy-Duty Boots", "teraType": "Ground", "role": "Setup Sweeper", "bvs": {"hp": 105, "atk": 115, "def": 121, "spa": 65, "spd": 93, "spe": 91}, "stats": {"hp": 277, "atk": 213, "def": 222, "spa": 139, "spd": 181, "spe": 178}, "types": ["Fire", "Dragon"]}, "Luvdisc": {"name": "Luvdisc", "species": "Luvdisc", "speciesId": "luvdisc", "gender": "F", "shiny": false, "level": 100, "moves": ["endeavor", "substitute", "surf", "whirlpool"], "ability": "Swift Swim", "evs": {"hp": 81, "atk": 0, "def": 85, "spa": 85, "spd": 85, "spe": 85}, "ivs": {"hp": 31, "atk": 0, "def": 31, "spa": 31, "spd": 31, "spe": 31}, "item": "Heavy-Duty Boots", "teraType": "Ground", "role": "Fast Support", "bvs": {"hp": 43, "atk": 30, "def": 55, "spa": 40, "spd": 65, "spe": 97}, "stats": {"hp": 247, "atk": 65, "def": 167, "spa": 137, "spd": 187, "spe": 251}, "types": ["Water"]}, "Jumpluff": {"name": "Jumpluff", "species": "Jumpluff", "speciesId": "jumpluff", "gender": "M", "shiny": false, "level": 87, "moves": ["strengthsap", "encore", "sleeppowder", "acrobatics"], "ability": "Infiltrator", "evs": {"hp": 81, "atk": 85, "def": 85, "spa": 85, "spd": 85, "spe": 85}, "ivs": {"hp": 31, "atk": 31, "def": 31, "spa": 31, "spd": 31, "spe": 31}, "item": "", "teraType": "Steel", "role": "Bulky Attacker", "bvs": {"hp": 75, "atk": 55, "def": 70, "spa": 55, "spd": 95, "spe": 110}, "stats": {"hp": 271, "atk": 145, "def": 172, "spa": 145, "spd": 215, "spe": 241}, "types": ["Grass", "Flying"]}, "Frosmoth": {"name": "Frosmoth", "species": "Frosmoth", "speciesId": "frosmoth", "gender": "M", "shiny": false, "level": 82, "moves": ["icebeam", "quiverdance", "hurricane", "gigadrain"], "ability": "Ice Scales", "evs": {"hp": 85, "atk": 0, "def": 85, "spa": 85, "spd": 85, "spe": 85}, "ivs": {"hp": 31, "atk": 0, "def": 31, "spa": 31, "spd": 31, "spe": 31}, "item": "Heavy-Duty Boots", "teraType": "Water", "role": "Setup Sweeper", "bvs": {"hp": 70, "atk": 65, "def": 60, "spa": 125, "spd": 90, "spe": 65}, "stats": {"hp": 249, "atk": 111, "def": 146, "spa": 252, "spd": 195, "spe": 154}, "types": ["Ice", "Bug"]}}]}