{"id": "gen9randombattle-2641241743", "format": "[Gen 9] Random Battle", "players": ["testbotcif", "MarkinhosBR"], "log": "|j|\u2606testbotcif\n|j|\u2606MarkinhosBR\n|t:|1782757985\n|gametype|singles\n|player|p1|testbotcif|266|1130\n|player|p2|MarkinhosBR|2|1182\n|gen|9\n|tier|[Gen 9] Random Battle\n|rated|\n|rule|Species Clause: Limit one of each Pok\u00e9mon\n|rule|HP Percentage Mod: HP is shown in percentages\n|rule|Sleep Clause Mod: Limit one foe put to sleep\n|rule|Illusion Level Mod: Illusion disguises the Pok\u00e9mon's true level\n|\n|t:|1782757985\n|teamsize|p1|6\n|teamsize|p2|6\n|start\n|switch|p1a: Miraidon|Miraidon, L65|238/238\n|switch|p2a: Volbeat|Volbeat, L90, M|263/263\n|-fieldstart|move: Electric Terrain|[from] ability: Hadron Engine|[of] p1a: Miraidon\n|turn|1\n|inactive|Battle timer is ON: inactive players will automatically lose when time's up. (requested by testbotcif)\n|c|\u2606testbotcif|rlhf\n|\n|t:|1782757991\n|move|p1a: Miraidon|Calm Mind|p1a: Miraidon\n|-boost|p1a: Miraidon|spa|1\n|-boost|p1a: Miraidon|spd|1\n|move|p2a: Volbeat|U-turn|p1a: Miraidon\n|-damage|p1a: Miraidon|156/238\n|\n|t:|1782757998\n|switch|p2a: Ting-Lu|Ting-Lu, L78|370/370|[from] U-turn\n|-ability|p2a: Ting-Lu|Vessel of Ruin\n|\n|upkeep\n|turn|2\n|\n|t:|1782757999\n|-terastallize|p1a: Miraidon|Electric\n|move|p1a: Miraidon|Draco Meteor|p2a: Ting-Lu\n|-damage|p2a: Ting-Lu|123/370\n|-unboost|p1a: Miraidon|spa|2\n|-damage|p1a: Miraidon|133/238|[from] item: Life Orb\n|move|p2a: Ting-Lu|Earthquake|p1a: Miraidon\n|-supereffective|p1a: Miraidon\n|-damage|p1a: Miraidon|0 fnt\n|faint|p1a: Miraidon\n|\n|-heal|p2a: Ting-Lu|146/370|[from] item: Leftovers\n|upkeep\n|\n|t:|1782757999\n|switch|p1a: Floatzel|Floatzel, L86, M|286/286\n|turn|3\n|\n|t:|1782758004\n|move|p1a: Floatzel|Bulk Up|p1a: Floatzel\n|-boost|p1a: Floatzel|atk|1\n|-boost|p1a: Floatzel|def|1\n|move|p2a: Ting-Lu|Whirlwind|p1a: Floatzel\n|drag|p1a: Typhlosion|Typhlosion, L84, F|267/267\n|\n|-heal|p2a: Ting-Lu|169/370|[from] item: Leftovers\n|upkeep\n|turn|4\n|\n|t:|1782758007\n|move|p1a: Typhlosion|Eruption|p2a: Ting-Lu\n|-damage|p2a: Ting-Lu|0 fnt\n|faint|p2a: Ting-Lu\n|\n|upkeep\n|\n|t:|1782758013\n|switch|p2a: Donphan|Donphan, L84, F|288/288\n|turn|5\n|\n|t:|1782758015\n|move|p1a: Typhlosion|Eruption|p2a: Donphan\n|-ability|p2a: Donphan|Sturdy\n|-damage|p2a: Donphan|1/288\n|move|p2a: Donphan|Earthquake|p1a: Typhlosion\n|-supereffective|p1a: Typhlosion\n|-damage|p1a: Typhlosion|0 fnt\n|faint|p1a: Typhlosion\n|\n|-heal|p2a: Donphan|19/288|[from] item: Leftovers\n|-fieldend|move: Electric Terrain\n|upkeep\n|\n|t:|1782758015\n|switch|p1a: Floatzel|Floatzel, L86, M|286/286\n|turn|6\n|\n|t:|1782758021\n|move|p1a: Floatzel|Wave Crash|p2a: Donphan\n|-supereffective|p2a: Donphan\n|-damage|p2a: Donphan|0 fnt\n|faint|p2a: Donphan\n|-damage|p1a: Floatzel|280/286|[from] Recoil\n|\n|-heal|p1a: Floatzel|286/286|[from] item: Leftovers\n|upkeep\n|\n|t:|1782758025\n|switch|p2a: Volbeat|Volbeat, L90, M|263/263\n|turn|7\n|\n|t:|1782758027\n|move|p2a: Volbeat|Thunder Wave|p1a: Floatzel\n|-status|p1a: Floatzel|par\n|move|p1a: Floatzel|Bulk Up|p1a: Floatzel\n|-boost|p1a: Floatzel|atk|1\n|-boost|p1a: Floatzel|def|1\n|\n|upkeep\n|turn|8\n|\n|t:|1782758032\n|move|p2a: Volbeat|Encore|p1a: Floatzel\n|-start|p1a: Floatzel|Encore\n|move|p1a: Floatzel|Bulk Up|p1a: Floatzel\n|-boost|p1a: Floatzel|atk|1\n|-boost|p1a: Floatzel|def|1\n|\n|upkeep\n|turn|9\n|\n|t:|1782758034\n|move|p2a: Volbeat|U-turn|p1a: Floatzel\n|-damage|p1a: Floatzel|237/286 par\n|\n|t:|1782758044\n|switch|p2a: Mismagius|Mismagius, L86, M|243/243|[from] U-turn\n|move|p1a: Floatzel|Bulk Up|p1a: Floatzel\n|-boost|p1a: Floatzel|atk|1\n|-boost|p1a: Floatzel|def|1\n|\n|-heal|p1a: Floatzel|254/286 par|[from] item: Leftovers\n|upkeep\n|turn|10\n|\n|t:|1782758048\n|switch|p1a: Oinkologne|Oinkologne-F, L92, F|361/361\n|move|p2a: Mismagius|Shadow Ball|p1a: Oinkologne\n|-immune|p1a: Oinkologne\n|\n|upkeep\n|turn|11\n|\n|t:|1782758054\n|-terastallize|p2a: Mismagius|Fighting\n|move|p2a: Mismagius|Nasty Plot|p2a: Mismagius\n|-boost|p2a: Mismagius|spa|2\n|move|p1a: Oinkologne|Lash Out|p2a: Mismagius\n|-resisted|p2a: Mismagius\n|-crit|p2a: Mismagius\n|-damage|p2a: Mismagius|191/243\n|\n|-heal|p2a: Mismagius|206/243|[from] item: Leftovers\n|upkeep\n|turn|12\n|\n|t:|1782758056\n|move|p2a: Mismagius|Tera Blast|p1a: Oinkologne|[anim] Tera Blast Fighting\n|-supereffective|p1a: Oinkologne\n|-damage|p1a: Oinkologne|37/361\n|move|p1a: Oinkologne|High Horsepower|p2a: Mismagius\n|-immune|p2a: Mismagius|[from] ability: Levitate\n|\n|-heal|p2a: Mismagius|221/243|[from] item: Leftovers\n|-heal|p1a: Oinkologne|59/361|[from] item: Leftovers\n|upkeep\n|turn|13\n|\n|t:|1782758059\n|move|p2a: Mismagius|Tera Blast|p1a: Oinkologne|[anim] Tera Blast Fighting\n|-supereffective|p1a: Oinkologne\n|-damage|p1a: Oinkologne|0 fnt\n|faint|p1a: Oinkologne\n|\n|-heal|p2a: Mismagius|236/243|[from] item: Leftovers\n|upkeep\n|\n|t:|1782758059\n|switch|p1a: Floatzel|Floatzel, L86, M|254/286 par\n|turn|14\n|\n|t:|1782758062\n|move|p2a: Mismagius|Shadow Ball|p1a: Floatzel\n|-damage|p1a: Floatzel|2/286 par\n|-unboost|p1a: Floatzel|spd|1\n|move|p1a: Floatzel|Wave Crash|p2a: Mismagius\n|-damage|p2a: Mismagius|62/243\n|-damage|p1a: Floatzel|0 fnt|[from] Recoil\n|faint|p1a: Floatzel\n|\n|-heal|p2a: Mismagius|77/243|[from] item: Leftovers\n|upkeep\n|\n|t:|1782758062\n|switch|p1a: Dudunsparce|Dudunsparce-Three-Segment, L83, F|343/343\n|turn|15\n|\n|t:|1782758064\n|move|p2a: Mismagius|Tera Blast|p1a: Dudunsparce|[anim] Tera Blast Fighting\n|-supereffective|p1a: Dudunsparce\n|-damage|p1a: Dudunsparce|0 fnt\n|faint|p1a: Dudunsparce\n|\n|-heal|p2a: Mismagius|92/243|[from] item: Leftovers\n|upkeep\n|\n|t:|1782758064\n|switch|p1a: Hypno|Hypno, L95, F|315/315\n|turn|16\n|\n|t:|1782758067\n|move|p2a: Mismagius|Shadow Ball|p1a: Hypno\n|-supereffective|p1a: Hypno\n|-damage|p1a: Hypno|61/315\n|move|p1a: Hypno|Knock Off|p2a: Mismagius\n|-resisted|p2a: Mismagius\n|-damage|p2a: Mismagius|47/243\n|-enditem|p2a: Mismagius|Leftovers|[from] move: Knock Off|[of] p1a: Hypno\n|\n|-heal|p1a: Hypno|80/315|[from] item: Leftovers\n|upkeep\n|turn|17\n|\n|t:|1782758069\n|move|p2a: Mismagius|Shadow Ball|p1a: Hypno\n|-supereffective|p1a: Hypno\n|-damage|p1a: Hypno|0 fnt\n|faint|p1a: Hypno\n|\n|win|MarkinhosBR\n|raw|testbotcif's rating: 1130 &rarr; <strong>1109</strong><br />(-21 for losing)\n|raw|MarkinhosBR's rating: 1182 &rarr; <strong>1203</strong><br />(+21 for winning)\n", "inputlog": ">version f8ac14003a5f27e1bdc8d8c59608a773c1cb96e5\n>start {\"formatid\":\"gen9randombattle\",\"seed\":\"sodium,cb77ad4d95ec4dd6cd1799c9e9602fb6\",\"rated\":\"Rated battle\"}\n>player p1 {\"name\":\"testbotcif\",\"avatar\":\"266\",\"rating\":1130,\"seed\":\"sodium,6642b18688187833ae9037026202a7c6\"}\n>player p2 {\"name\":\"MarkinhosBR\",\"avatar\":\"2\",\"rating\":1182,\"seed\":\"sodium,ad0e1838596d17aaa22b88ed3774597a\"}\n>chat \u2606testbotcif|rlhf\n>p1 move calmmind\n>p2 move uturn\n>p2 switch 5\n>p1 move dracometeor terastallize\n>p2 move earthquake\n>p1 switch 2\n>p1 move bulkup\n>p2 move whirlwind\n>p1 move eruption\n>p2 move earthquake\n>p2 switch 4\n>p1 move eruption\n>p2 move earthquake\n>p1 switch 5\n>p1 move wavecrash\n>p2 move knockoff\n>p2 switch 5\n>p1 move bulkup\n>p2 move thunderwave\n>p1 move wavecrash\n>p2 move encore\n>p1 move bulkup\n>p2 move uturn\n>p2 switch 3\n>p1 switch 3\n>p2 move shadowball\n>p1 move lashout\n>p2 move nastyplot terastallize\n>p1 move highhorsepower\n>p2 move terablast\n>p1 move bodyslam\n>p2 move terablast\n>p1 switch 3\n>p1 move wavecrash\n>p2 move shadowball\n>p1 switch 4\n>p1 move toxic\n>p2 move terablast\n>p1 switch 6\n>p1 move knockoff\n>p2 move shadowball\n>p1 move encore\n>p2 move shadowball", "uploadtime": 1782758070, "views": 5, "formatid": "gen9randombattle", "rating": 1109, "private": 0, "password": null, "player_dets": [{"name": "testbotcif", "avatar": "266", "rating": 1130, "seed": "sodium,6642b18688187833ae9037026202a7c6"}, {"name": "MarkinhosBR", "avatar": "2", "rating": 1182, "seed": "sodium,ad0e1838596d17aaa22b88ed3774597a"}], "teams_full": [{"Miraidon": {"name": "Miraidon", "species": "Miraidon", "speciesId": "miraidon", "gender": "N", "shiny": false, "level": 65, "moves": ["dracometeor", "electrodrift", "dragonpulse", "calmmind"], "ability": "Hadron Engine", "evs": {"hp": 85, "atk": 0, "def": 85, "spa": 85, "spd": 85, "spe": 85}, "ivs": {"hp": 31, "atk": 0, "def": 31, "spa": 31, "spd": 31, "spe": 31}, "item": "Life Orb", "teraType": "Electric", "role": "Setup Sweeper", "bvs": {"hp": 100, "atk": 85, "def": 100, "spa": 135, "spd": 115, "spe": 135}, "stats": {"hp": 238, "atk": 115, "def": 168, "spa": 214, "spd": 188, "spe": 214}, "types": ["Electric", "Dragon"]}, "Floatzel": {"name": "Floatzel", "species": "Floatzel", "speciesId": "floatzel", "gender": "M", "shiny": false, "level": 86, "moves": ["wavecrash", "bulkup", "taunt", "icespinner"], "ability": "Water Veil", "evs": {"hp": 85, "atk": 85, "def": 85, "spa": 85, "spd": 85, "spe": 85}, "ivs": {"hp": 31, "atk": 31, "def": 31, "spa": 31, "spd": 31, "spe": 31}, "item": "Leftovers", "teraType": "Water", "role": "Bulky Setup", "bvs": {"hp": 85, "atk": 105, "def": 55, "spa": 85, "spd": 50, "spe": 115}, "stats": {"hp": 286, "atk": 230, "def": 144, "spa": 195, "spd": 135, "spe": 247}, "types": ["Water"]}, "Oinkologne": {"name": "Oinkologne", "species": "Oinkologne-F", "speciesId": "oinkolognef", "gender": "F", "shiny": false, "level": 92, "moves": ["curse", "bodyslam", "lashout", "highhorsepower"], "ability": "Thick Fat", "evs": {"hp": 85, "atk": 85, "def": 85, "spa": 85, "spd": 85, "spe": 85}, "ivs": {"hp": 31, "atk": 31, "def": 31, "spa": 31, "spd": 31, "spe": 31}, "item": "Leftovers", "teraType": "Ground", "role": "Bulky Setup", "bvs": {"hp": 115, "atk": 90, "def": 70, "spa": 59, "spd": 90, "spe": 65}, "stats": {"hp": 361, "atk": 218, "def": 181, "spa": 161, "spd": 218, "spe": 172}, "types": ["Normal"]}, "Dudunsparce": {"name": "Dudunsparce", "species": "Dudunsparce-Three-Segment", "speciesId": "dudunsparce", "gender": "F", "shiny": false, "level": 83, "moves": ["earthquake", "toxic", "roost", "boomburst"], "ability": "Rattled", "evs": {"hp": 85, "atk": 85, "def": 85, "spa": 85, "spd": 85, "spe": 85}, "ivs": {"hp": 31, "atk": 31, "def": 31, "spa": 31, "spd": 31, "spe": 31}, "item": "Leftovers", "teraType": "Ghost", "role": "Bulky Attacker", "bvs": {"hp": 125, "atk": 100, "def": 80, "spa": 85, "spd": 75, "spe": 55}, "stats": {"hp": 343, "atk": 214, "def": 180, "spa": 189, "spd": 172, "spe": 139}, "types": ["Normal"]}, "Typhlosion": {"name": "Typhlosion", "species": "Typhlosion", "speciesId": "typhlosion", "gender": "F", "shiny": false, "level": 84, "moves": ["scorchingsands", "focusblast", "fireblast", "eruption"], "ability": "Blaze", "evs": {"hp": 81, "atk": 0, "def": 85, "spa": 85, "spd": 85, "spe": 85}, "ivs": {"hp": 31, "atk": 0, "def": 31, "spa": 31, "spd": 31, "spe": 31}, "item": "Choice Specs", "teraType": "Fire", "role": "Fast Attacker", "bvs": {"hp": 78, "atk": 84, "def": 78, "spa": 109, "spd": 85, "spe": 100}, "stats": {"hp": 267, "atk": 146, "def": 179, "spa": 231, "spd": 191, "spe": 216}, "types": ["Fire"]}, "Hypno": {"name": "Hypno", "species": "Hypno", "speciesId": "hypno", "gender": "F", "shiny": false, "level": 95, "moves": ["toxic", "psychicnoise", "knockoff", "encore"], "ability": "Insomnia", "evs": {"hp": 85, "atk": 85, "def": 85, "spa": 85, "spd": 85, "spe": 85}, "ivs": {"hp": 31, "atk": 31, "def": 31, "spa": 31, "spd": 31, "spe": 31}, "item": "Leftovers", "teraType": "Dark", "role": "Bulky Support", "bvs": {"hp": 85, "atk": 73, "def": 70, "spa": 73, "spd": 115, "spe": 67}, "stats": {"hp": 315, "atk": 193, "def": 187, "spa": 193, "spd": 272, "spe": 181}, "types": ["Psychic"]}}, {"Volbeat": {"name": "Volbeat", "species": "Volbeat", "speciesId": "volbeat", "gender": "M", "shiny": false, "level": 90, "moves": ["encore", "roost", "uturn", "thunderwave"], "ability": "Prankster", "evs": {"hp": 85, "atk": 85, "def": 85, "spa": 85, "spd": 85, "spe": 85}, "ivs": {"hp": 31, "atk": 31, "def": 31, "spa": 31, "spd": 31, "spe": 31}, "item": "Heavy-Duty Boots", "teraType": "Water", "role": "Bulky Support", "bvs": {"hp": 65, "atk": 73, "def": 75, "spa": 47, "spd": 85, "spe": 85}, "stats": {"hp": 263, "atk": 183, "def": 186, "spa": 136, "spd": 204, "spe": 204}, "types": ["Bug"]}, "Farigiraf": {"name": "Farigiraf", "species": "Farigiraf", "speciesId": "farigiraf", "gender": "M", "shiny": false, "level": 90, "moves": ["wish", "protect", "bodyslam", "psychicnoise"], "ability": "Sap Sipper", "evs": {"hp": 85, "atk": 85, "def": 85, "spa": 85, "spd": 85, "spe": 85}, "ivs": {"hp": 31, "atk": 31, "def": 31, "spa": 31, "spd": 31, "spe": 31}, "item": "Leftovers", "teraType": "Fairy", "role": "Bulky Support", "bvs": {"hp": 120, "atk": 90, "def": 70, "spa": 110, "spd": 70, "spe": 60}, "stats": {"hp": 362, "atk": 213, "def": 177, "spa": 249, "spd": 177, "spe": 159}, "types": ["Normal", "Psychic"]}, "Mismagius": {"name": "Mismagius", "species": "Mismagius", "speciesId": "mismagius", "gender": "M", "shiny": false, "level": 86, "moves": ["shadowball", "nastyplot", "terablast", "substitute"], "ability": "Levitate", "evs": {"hp": 85, "atk": 0, "def": 85, "spa": 85, "spd": 85, "spe": 85}, "ivs": {"hp": 31, "atk": 0, "def": 31, "spa": 31, "spd": 31, "spe": 31}, "item": "Leftovers", "teraType": "Fighting", "role": "Tera Blast user", "bvs": {"hp": 60, "atk": 60, "def": 60, "spa": 105, "spd": 105, "spe": 105}, "stats": {"hp": 243, "atk": 108, "def": 152, "spa": 230, "spd": 230, "spe": 230}, "types": ["Ghost"]}, "Donphan": {"name": "Donphan", "species": "Donphan", "speciesId": "donphan", "gender": "F", "shiny": false, "level": 84, "moves": ["stealthrock", "earthquake", "rapidspin", "knockoff"], "ability": "Sturdy", "evs": {"hp": 85, "atk": 85, "def": 85, "spa": 85, "spd": 85, "spe": 85}, "ivs": {"hp": 31, "atk": 31, "def": 31, "spa": 31, "spd": 31, "spe": 31}, "item": "Leftovers", "teraType": "Water", "role": "Bulky Support", "bvs": {"hp": 90, "atk": 120, "def": 120, "spa": 60, "spd": 60, "spe": 50}, "stats": {"hp": 288, "atk": 250, "def": 250, "spa": 149, "spd": 149, "spe": 132}, "types": ["Ground"]}, "Ting-Lu": {"name": "Ting-Lu", "species": "Ting-Lu", "speciesId": "tinglu", "gender": "N", "shiny": false, "level": 78, "moves": ["throatchop", "earthquake", "spikes", "whirlwind"], "ability": "Vessel of Ruin", "evs": {"hp": 85, "atk": 85, "def": 85, "spa": 85, "spd": 85, "spe": 85}, "ivs": {"hp": 31, "atk": 31, "def": 31, "spa": 31, "spd": 31, "spe": 31}, "item": "Leftovers", "teraType": "Poison", "role": "Bulky Support", "bvs": {"hp": 155, "atk": 110, "def": 125, "spa": 55, "spd": 80, "spe": 45}, "stats": {"hp": 370, "atk": 217, "def": 240, "spa": 131, "spd": 170, "spe": 115}, "types": ["Dark", "Ground"]}, "Tsareena": {"name": "Tsareena", "species": "Tsareena", "speciesId": "tsareena", "gender": "F", "shiny": false, "level": 87, "moves": ["synthesis", "uturn", "powerwhip", "highjumpkick"], "ability": "Queenly Majesty", "evs": {"hp": 85, "atk": 85, "def": 85, "spa": 85, "spd": 85, "spe": 85}, "ivs": {"hp": 31, "atk": 31, "def": 31, "spa": 31, "spd": 31, "spe": 31}, "item": "Heavy-Duty Boots", "teraType": "Steel", "role": "Fast Support", "bvs": {"hp": 72, "atk": 120, "def": 98, "spa": 50, "spd": 98, "spe": 72}, "stats": {"hp": 267, "atk": 259, "def": 220, "spa": 137, "spd": 220, "spe": 175}, "types": ["Grass"]}}]}