{"id": "gen9randombattle-2641469587", "format": "[Gen 9] Random Battle", "players": ["dinodan777", "sarodiya"], "log": "|j|\u2606dinodan777\n|j|\u2606sarodiya\n|t:|1782789685\n|gametype|singles\n|player|p1|dinodan777|pokemaniac|2011\n|player|p2|sarodiya|265|2013\n|gen|9\n|tier|[Gen 9] Random Battle\n|rated|\n|rule|Species Clause: Limit one of each Pok\u00e9mon\n|rule|HP Percentage Mod: HP is shown in percentages\n|rule|Sleep Clause Mod: Limit one foe put to sleep\n|rule|Illusion Level Mod: Illusion disguises the Pok\u00e9mon's true level\n|\n|t:|1782789685\n|teamsize|p1|6\n|teamsize|p2|6\n|start\n|switch|p1a: Garganacl|Garganacl, L80, F|291/291\n|switch|p2a: Basculegion|Basculegion-F, L83, F|335/335\n|turn|1\n|inactive|Battle timer is ON: inactive players will automatically lose when time's up. (requested by sarodiya)\n|c|\u2606dinodan777|Good luck\n|\n|t:|1782789707\n|switch|p1a: Bellossom|Bellossom, L84, M|263/263\n|move|p2a: Basculegion|Hydro Pump|p1a: Bellossom\n|-resisted|p1a: Bellossom\n|-damage|p1a: Bellossom|165/263\n|\n|-heal|p1a: Bellossom|181/263|[from] item: Leftovers\n|upkeep\n|turn|2\n|c|\u2606sarodiya|Thanks\n|\n|t:|1782789717\n|switch|p2a: Cinderace|Cinderace, L77, F|250/250\n|move|p1a: Bellossom|Giga Drain|p2a: Cinderace\n|-resisted|p2a: Cinderace\n|-damage|p2a: Cinderace|202/250\n|-heal|p1a: Bellossom|205/263|[from] drain|[of] p2a: Cinderace\n|\n|-heal|p1a: Bellossom|221/263|[from] item: Leftovers\n|upkeep\n|turn|3\n|\n|t:|1782789743\n|switch|p1a: Misdreavus|Misdreavus, L90, F|254/254\n|move|p2a: Cinderace|U-turn|p1a: Misdreavus\n|-start|p2a: Cinderace|typechange|Bug|[from] ability: Libero\n|-resisted|p1a: Misdreavus\n|-damage|p1a: Misdreavus|224/254\n|\n|t:|1782789748\n|switch|p2a: Mandibuzz|Mandibuzz, L85, F|326/326|[from] U-turn\n|\n|upkeep\n|turn|4\n|inactive|dinodan777 has 120 seconds left.\n|\n|t:|1782789768\n|switch|p1a: Garganacl|Garganacl, L80, F|291/291\n|switch|p2a: Swampert|Swampert, L83, F|302/302\n|\n|upkeep\n|turn|5\n|inactive|dinodan777 has 120 seconds left.\n|\n|t:|1782789786\n|move|p2a: Swampert|Stealth Rock|p1a: Garganacl\n|-sidestart|p1: dinodan777|move: Stealth Rock\n|move|p1a: Garganacl|Salt Cure|p2a: Swampert\n|-resisted|p2a: Swampert\n|-damage|p2a: Swampert|281/302\n|-start|p2a: Swampert|Salt Cure\n|\n|-heal|p2a: Swampert|299/302|[from] item: Leftovers\n|-damage|p2a: Swampert|224/302|[from] Salt Cure\n|upkeep\n|turn|6\n|inactive|dinodan777 has 120 seconds left.\n|\n|t:|1782789792\n|switch|p2a: Basculegion|Basculegion-F, L83, F|335/335\n|move|p1a: Garganacl|Stealth Rock|p2a: Basculegion\n|-sidestart|p2: sarodiya|move: Stealth Rock\n|\n|upkeep\n|turn|7\n|inactive|dinodan777 has 120 seconds left.\n|\n|t:|1782789803\n|switch|p1a: Bellossom|Bellossom, L84, M|221/263\n|-damage|p1a: Bellossom|189/263|[from] Stealth Rock\n|move|p2a: Basculegion|Hydro Pump|p1a: Bellossom\n|-resisted|p1a: Bellossom\n|-damage|p1a: Bellossom|77/263\n|\n|-heal|p1a: Bellossom|93/263|[from] item: Leftovers\n|upkeep\n|turn|8\n|\n|t:|1782789810\n|move|p2a: Basculegion|Hydro Pump|p1a: Bellossom\n|-resisted|p1a: Bellossom\n|-damage|p1a: Bellossom|0 fnt\n|faint|p1a: Bellossom\n|\n|upkeep\n|inactive|dinodan777 has 120 seconds left.\n|\n|t:|1782789823\n|switch|p1a: Misdreavus|Misdreavus, L90, F|224/254\n|-damage|p1a: Misdreavus|193/254|[from] Stealth Rock\n|turn|9\n|\n|t:|1782789826\n|switch|p2a: Mandibuzz|Mandibuzz, L85, F|326/326\n|move|p1a: Misdreavus|Calm Mind|p1a: Misdreavus\n|-boost|p1a: Misdreavus|spa|1\n|-boost|p1a: Misdreavus|spd|1\n|\n|upkeep\n|turn|10\n|\n|t:|1782789837\n|move|p1a: Misdreavus|Calm Mind|p1a: Misdreavus\n|-boost|p1a: Misdreavus|spa|1\n|-boost|p1a: Misdreavus|spd|1\n|move|p2a: Mandibuzz|Toxic|p1a: Misdreavus\n|-status|p1a: Misdreavus|tox\n|\n|-damage|p1a: Misdreavus|178/254 tox|[from] psn\n|upkeep\n|turn|11\n|\n|t:|1782789852\n|move|p1a: Misdreavus|Calm Mind|p1a: Misdreavus\n|-boost|p1a: Misdreavus|spa|1\n|-boost|p1a: Misdreavus|spd|1\n|move|p2a: Mandibuzz|Foul Play|p1a: Misdreavus\n|-supereffective|p1a: Misdreavus\n|-damage|p1a: Misdreavus|80/254 tox\n|\n|-damage|p1a: Misdreavus|50/254 tox|[from] psn\n|upkeep\n|turn|12\n|\n|t:|1782789857\n|switch|p2a: Cinderace|Cinderace, L77, F|202/250\n|move|p1a: Misdreavus|Draining Kiss|p2a: Cinderace\n|-resisted|p2a: Cinderace\n|-damage|p2a: Cinderace|142/250\n|-heal|p1a: Misdreavus|95/254 tox|[from] drain|[of] p2a: Cinderace\n|\n|-damage|p1a: Misdreavus|50/254 tox|[from] psn\n|upkeep\n|turn|13\n|\n|t:|1782789861\n|move|p2a: Cinderace|Pyro Ball|p1a: Misdreavus\n|-damage|p1a: Misdreavus|0 fnt\n|faint|p1a: Misdreavus\n|\n|upkeep\n|\n|t:|1782789881\n|switch|p1a: Garganacl|Garganacl, L80, F|291/291\n|-damage|p1a: Garganacl|255/291|[from] Stealth Rock\n|turn|14\n|\n|t:|1782789888\n|move|p2a: Cinderace|U-turn|p1a: Garganacl\n|-start|p2a: Cinderace|typechange|Bug|[from] ability: Libero\n|-damage|p1a: Garganacl|198/291\n|\n|t:|1782789890\n|switch|p2a: Swampert|Swampert, L83, F|224/302|[from] U-turn\n|-damage|p2a: Swampert|206/302|[from] Stealth Rock\n|move|p1a: Garganacl|Salt Cure|p2a: Swampert\n|-resisted|p2a: Swampert\n|-damage|p2a: Swampert|186/302\n|-start|p2a: Swampert|Salt Cure\n|\n|-heal|p2a: Swampert|204/302|[from] item: Leftovers\n|-heal|p1a: Garganacl|216/291|[from] item: Leftovers\n|-damage|p2a: Swampert|129/302|[from] Salt Cure\n|upkeep\n|turn|15\n|\n|t:|1782789896\n|move|p2a: Swampert|Earthquake|p1a: Garganacl\n|-supereffective|p1a: Garganacl\n|-crit|p1a: Garganacl\n|-damage|p1a: Garganacl|0 fnt\n|faint|p1a: Garganacl\n|\n|-heal|p2a: Swampert|147/302|[from] item: Leftovers\n|-damage|p2a: Swampert|72/302|[from] Salt Cure\n|upkeep\n|\n|t:|1782789904\n|switch|p1a: Azelf|Azelf, L82|257/257\n|-damage|p1a: Azelf|225/257|[from] Stealth Rock\n|turn|16\n|\n|t:|1782789910\n|move|p1a: Azelf|Psychic|p2a: Swampert\n|-damage|p2a: Swampert|0 fnt\n|faint|p2a: Swampert\n|-damage|p1a: Azelf|200/257|[from] item: Life Orb\n|\n|upkeep\n|\n|t:|1782789918\n|switch|p2a: Mandibuzz|Mandibuzz, L85, F|326/326\n|turn|17\n|\n|t:|1782789926\n|move|p1a: Azelf|Fire Blast|p2a: Mandibuzz\n|-damage|p2a: Mandibuzz|222/326\n|-status|p2a: Mandibuzz|brn\n|-damage|p1a: Azelf|175/257|[from] item: Life Orb\n|move|p2a: Mandibuzz|Foul Play|p1a: Azelf\n|-supereffective|p1a: Azelf\n|-damage|p1a: Azelf|37/257\n|\n|-damage|p2a: Mandibuzz|202/326 brn|[from] brn\n|upkeep\n|turn|18\n|\n|t:|1782789937\n|move|p1a: Azelf|Explosion|p2a: Mandibuzz\n|-damage|p2a: Mandibuzz|0 fnt\n|faint|p1a: Azelf\n|faint|p2a: Mandibuzz\n|\n|upkeep\n|\n|t:|1782789947\n|switch|p1a: Volcarona|Volcarona, L77, F|257/257\n|switch|p2a: Sneasler|Sneasler, L74, M|240/240\n|-damage|p2a: Sneasler|225/240|[from] Stealth Rock\n|turn|19\n|\n|t:|1782789953\n|move|p2a: Sneasler|Dire Claw|p1a: Volcarona\n|-damage|p1a: Volcarona|82/257\n|move|p1a: Volcarona|Quiver Dance|p1a: Volcarona\n|-boost|p1a: Volcarona|spa|1\n|-boost|p1a: Volcarona|spd|1\n|-boost|p1a: Volcarona|spe|1\n|\n|upkeep\n|turn|20\n|\n|t:|1782789970\n|move|p1a: Volcarona|Fiery Dance|p2a: Sneasler\n|-damage|p2a: Sneasler|66/240\n|-boost|p1a: Volcarona|spa|1\n|move|p2a: Sneasler|Dire Claw|p1a: Volcarona\n|-damage|p1a: Volcarona|0 fnt\n|faint|p1a: Volcarona\n|\n|upkeep\n|\n|t:|1782789974\n|switch|p1a: Sandaconda|Sandaconda, L84, F|258/258\n|-damage|p1a: Sandaconda|242/258|[from] Stealth Rock\n|turn|21\n|\n|t:|1782789978\n|switch|p2a: Basculegion|Basculegion-F, L83, F|335/335\n|-damage|p2a: Basculegion|294/335|[from] Stealth Rock\n|move|p1a: Sandaconda|Coil|p1a: Sandaconda\n|-boost|p1a: Sandaconda|atk|1\n|-boost|p1a: Sandaconda|def|1\n|-boost|p1a: Sandaconda|accuracy|1\n|\n|upkeep\n|turn|22\n|\n|t:|1782789988\n|-terastallize|p1a: Sandaconda|Dragon\n|move|p2a: Basculegion|Ice Beam|p1a: Sandaconda\n|-supereffective|p1a: Sandaconda\n|-damage|p1a: Sandaconda|12/258\n|move|p1a: Sandaconda|Scale Shot|p2a: Basculegion\n|-damage|p2a: Basculegion|242/335\n|-damage|p2a: Basculegion|191/335\n|-damage|p2a: Basculegion|139/335\n|-damage|p2a: Basculegion|87/335\n|-damage|p2a: Basculegion|35/335\n|-hitcount|p2a: Basculegion|5\n|-unboost|p1a: Sandaconda|def|1\n|-boost|p1a: Sandaconda|spe|1\n|\n|upkeep\n|turn|23\n|\n|t:|1782790007\n|move|p1a: Sandaconda|Scale Shot|p2a: Basculegion\n|-damage|p2a: Basculegion|0 fnt\n|faint|p2a: Basculegion\n|-hitcount|p2: Basculegion|1\n|-unboost|p1a: Sandaconda|def|1\n|-boost|p1a: Sandaconda|spe|1\n|\n|upkeep\n|\n|t:|1782790027\n|switch|p2a: Noivern|Noivern, L82, M|274/274\n|turn|24\n|\n|t:|1782790048\n|move|p1a: Sandaconda|Earthquake|p2a: Noivern\n|-immune|p2a: Noivern\n|move|p2a: Noivern|Flamethrower|p1a: Sandaconda\n|-resisted|p1a: Sandaconda\n|-damage|p1a: Sandaconda|0 fnt\n|faint|p1a: Sandaconda\n|\n|win|sarodiya\n", "inputlog": ">version f8ac14003a5f27e1bdc8d8c59608a773c1cb96e5\n>start {\"formatid\":\"gen9randombattle\",\"seed\":\"sodium,169bcb27e5b7a458cef7ecf888e0f8d6\",\"rated\":\"Rated battle\"}\n>player p1 {\"name\":\"dinodan777\",\"avatar\":\"pokemaniac\",\"rating\":2011,\"seed\":\"sodium,2e27a7bcb69a8555941f2f61b8b37270\"}\n>player p2 {\"name\":\"sarodiya\",\"avatar\":\"265\",\"rating\":2013,\"seed\":\"sodium,714bef348c01b5a6f19c78b3f2c98280\"}\n>chat \u2606dinodan777|Good luck\n>p1 switch 3\n>p2 move hydropump\n>chat \u2606sarodiya|Thanks\n>p1 move gigadrain\n>p2 switch 6\n>p1 switch 6\n>p2 move uturn\n>p2 switch 5\n>p1 switch 3\n>p2 switch 2\n>p1 move saltcure\n>p2 move stealthrock\n>p1 move stealthrock\n>p2 switch 6\n>p1 switch 6\n>p2 move hydropump\n>p1 move strengthsap\n>p2 move hydropump\n>p1 switch 3\n>p1 move calmmind\n>p2 switch 2\n>p1 move calmmind\n>p2 move toxic\n>p1 move calmmind\n>p2 move foulplay\n>p1 move drainingkiss\n>p2 switch 5\n>p1 move shadowball\n>p2 move pyroball\n>p1 switch 6\n>p1 move saltcure\n>p2 move uturn\n>p2 switch 6\n>p1 move saltcure\n>p2 move earthquake\n>p1 switch 2\n>p1 move psychic\n>p2 move yawn\n>p2 switch 5\n>p1 move fireblast\n>p2 move foulplay\n>p1 move explosion\n>p2 move foulplay\n>p1 switch 5\n>p2 switch 4\n>p1 move quiverdance\n>p2 move direclaw\n>p1 move fierydance\n>p2 move direclaw\n>p1 switch 4\n>p1 move coil\n>p2 switch 2\n>p1 move scaleshot terastallize\n>p2 move icebeam\n>p1 move scaleshot\n>p2 move icebeam\n>p2 switch 3\n>p1 move earthquake\n>p2 move flamethrower", "uploadtime": 1782789686, "views": 3, "formatid": "gen9randombattle", "rating": null, "private": 0, "password": null, "player_dets": [{"name": "dinodan777", "avatar": "pokemaniac", "rating": 2011, "seed": "sodium,2e27a7bcb69a8555941f2f61b8b37270"}, {"name": "sarodiya", "avatar": "265", "rating": 2013, "seed": "sodium,714bef348c01b5a6f19c78b3f2c98280"}], "teams_full": [{"Garganacl": {"name": "Garganacl", "species": "Garganacl", "speciesId": "garganacl", "gender": "F", "shiny": false, "level": 80, "moves": ["recover", "stealthrock", "saltcure", "earthquake"], "ability": "Purifying Salt", "evs": {"hp": 85, "atk": 85, "def": 85, "spa": 85, "spd": 85, "spe": 85}, "ivs": {"hp": 31, "atk": 31, "def": 31, "spa": 31, "spd": 31, "spe": 31}, "item": "Leftovers", "teraType": "Dragon", "role": "Bulky Attacker", "bvs": {"hp": 100, "atk": 100, "def": 130, "spa": 45, "spd": 90, "spe": 35}, "stats": {"hp": 291, "atk": 206, "def": 254, "spa": 118, "spd": 190, "spe": 102}, "types": ["Rock"]}, "Azelf": {"name": "Azelf", "species": "Azelf", "speciesId": "azelf", "gender": "N", "shiny": false, "level": 82, "moves": ["encore", "fireblast", "psychic", "explosion"], "ability": "Levitate", "evs": {"hp": 85, "atk": 85, "def": 85, "spa": 85, "spd": 85, "spe": 85}, "ivs": {"hp": 31, "atk": 31, "def": 31, "spa": 31, "spd": 31, "spe": 31}, "item": "Life Orb", "teraType": "Fire", "role": "Fast Support", "bvs": {"hp": 75, "atk": 125, "def": 70, "spa": 125, "spd": 70, "spe": 115}, "stats": {"hp": 257, "atk": 252, "def": 162, "spa": 252, "spd": 162, "spe": 236}, "types": ["Psychic"]}, "Bellossom": {"name": "Bellossom", "species": "Bellossom", "speciesId": "bellossom", "gender": "M", "shiny": false, "level": 84, "moves": ["gigadrain", "quiverdance", "strengthsap", "terablast"], "ability": "Chlorophyll", "evs": {"hp": 85, "atk": 0, "def": 85, "spa": 85, "spd": 85, "spe": 85}, "ivs": {"hp": 31, "atk": 0, "def": 31, "spa": 31, "spd": 31, "spe": 31}, "item": "Leftovers", "teraType": "Rock", "role": "Tera Blast user", "bvs": {"hp": 75, "atk": 80, "def": 95, "spa": 90, "spd": 100, "spe": 50}, "stats": {"hp": 263, "atk": 139, "def": 208, "spa": 199, "spd": 216, "spe": 132}, "types": ["Grass"]}, "Sandaconda": {"name": "Sandaconda", "species": "Sandaconda", "speciesId": "sandaconda", "gender": "F", "shiny": false, "level": 84, "moves": ["rockblast", "earthquake", "coil", "scaleshot"], "ability": "Shed Skin", "evs": {"hp": 85, "atk": 85, "def": 85, "spa": 85, "spd": 85, "spe": 85}, "ivs": {"hp": 31, "atk": 31, "def": 31, "spa": 31, "spd": 31, "spe": 31}, "item": "Loaded Dice", "teraType": "Dragon", "role": "Fast Bulky Setup", "bvs": {"hp": 72, "atk": 107, "def": 125, "spa": 65, "spd": 70, "spe": 71}, "stats": {"hp": 258, "atk": 228, "def": 258, "spa": 157, "spd": 166, "spe": 167}, "types": ["Ground"]}, "Volcarona": {"name": "Volcarona", "species": "Volcarona", "speciesId": "volcarona", "gender": "F", "shiny": false, "level": 77, "moves": ["bugbuzz", "gigadrain", "fierydance", "quiverdance"], "ability": "Swarm", "evs": {"hp": 85, "atk": 0, "def": 85, "spa": 85, "spd": 85, "spe": 85}, "ivs": {"hp": 31, "atk": 0, "def": 31, "spa": 31, "spd": 31, "spe": 31}, "item": "Heavy-Duty Boots", "teraType": "Fire", "role": "Fast Bulky Setup", "bvs": {"hp": 85, "atk": 60, "def": 65, "spa": 135, "spd": 105, "spe": 100}, "stats": {"hp": 257, "atk": 97, "def": 145, "spa": 252, "spd": 206, "spe": 199}, "types": ["Bug", "Fire"]}, "Misdreavus": {"name": "Misdreavus", "species": "Misdreavus", "speciesId": "misdreavus", "gender": "F", "shiny": false, "level": 90, "moves": ["shadowball", "calmmind", "drainingkiss", "willowisp"], "ability": "Levitate", "evs": {"hp": 85, "atk": 0, "def": 85, "spa": 85, "spd": 85, "spe": 85}, "ivs": {"hp": 31, "atk": 0, "def": 31, "spa": 31, "spd": 31, "spe": 31}, "item": "Eviolite", "teraType": "Fairy", "role": "Bulky Setup", "bvs": {"hp": 60, "atk": 60, "def": 60, "spa": 85, "spd": 85, "spe": 85}, "stats": {"hp": 254, "atk": 113, "def": 159, "spa": 204, "spd": 204, "spe": 204}, "types": ["Ghost"]}}, {"Basculegion": {"name": "Basculegion", "species": "Basculegion-F", "speciesId": "basculegionf", "gender": "F", "shiny": false, "level": 83, "moves": ["icebeam", "shadowball", "hydropump", "flipturn"], "ability": "Adaptability", "evs": {"hp": 85, "atk": 85, "def": 85, "spa": 85, "spd": 85, "spe": 85}, "ivs": {"hp": 31, "atk": 31, "def": 31, "spa": 31, "spd": 31, "spe": 31}, "item": "Choice Specs", "teraType": "Water", "role": "Wallbreaker", "bvs": {"hp": 120, "atk": 92, "def": 65, "spa": 100, "spd": 75, "spe": 78}, "stats": {"hp": 335, "atk": 200, "def": 156, "spa": 214, "spd": 172, "spe": 177}, "types": ["Water", "Ghost"]}, "Swampert": {"name": "Swampert", "species": "Swampert", "speciesId": "swampert", "gender": "F", "shiny": false, "level": 83, "moves": ["icebeam", "yawn", "earthquake", "stealthrock"], "ability": "Damp", "evs": {"hp": 85, "atk": 85, "def": 85, "spa": 85, "spd": 85, "spe": 85}, "ivs": {"hp": 31, "atk": 31, "def": 31, "spa": 31, "spd": 31, "spe": 31}, "item": "Leftovers", "teraType": "Steel", "role": "Bulky Support", "bvs": {"hp": 100, "atk": 110, "def": 90, "spa": 85, "spd": 90, "spe": 60}, "stats": {"hp": 302, "atk": 230, "def": 197, "spa": 189, "spd": 197, "spe": 147}, "types": ["Water", "Ground"]}, "Noivern": {"name": "Noivern", "species": "Noivern", "speciesId": "noivern", "gender": "M", "shiny": false, "level": 82, "moves": ["roost", "hurricane", "flamethrower", "dracometeor"], "ability": "Infiltrator", "evs": {"hp": 85, "atk": 0, "def": 85, "spa": 85, "spd": 85, "spe": 85}, "ivs": {"hp": 31, "atk": 0, "def": 31, "spa": 31, "spd": 31, "spe": 31}, "item": "Heavy-Duty Boots", "teraType": "Fire", "role": "Fast Support", "bvs": {"hp": 85, "atk": 70, "def": 80, "spa": 97, "spd": 80, "spe": 123}, "stats": {"hp": 274, "atk": 119, "def": 178, "spa": 206, "spd": 178, "spe": 249}, "types": ["Flying", "Dragon"]}, "Sneasler": {"name": "Sneasler", "species": "Sneasler", "speciesId": "sneasler", "gender": "M", "shiny": false, "level": 74, "moves": ["direclaw", "uturn", "throatchop", "closecombat"], "ability": "Poison Touch", "evs": {"hp": 85, "atk": 85, "def": 85, "spa": 85, "spd": 85, "spe": 85}, "ivs": {"hp": 31, "atk": 31, "def": 31, "spa": 31, "spd": 31, "spe": 31}, "item": "Choice Band", "teraType": "Dark", "role": "Fast Attacker", "bvs": {"hp": 80, "atk": 130, "def": 60, "spa": 40, "spd": 80, "spe": 120}, "stats": {"hp": 240, "atk": 235, "def": 132, "spa": 102, "spd": 161, "spe": 221}, "types": ["Fighting", "Poison"]}, "Mandibuzz": {"name": "Mandibuzz", "species": "Mandibuzz", "speciesId": "mandibuzz", "gender": "F", "shiny": false, "level": 85, "moves": ["defog", "foulplay", "roost", "toxic"], "ability": "Overcoat", "evs": {"hp": 85, "atk": 0, "def": 85, "spa": 85, "spd": 85, "spe": 85}, "ivs": {"hp": 31, "atk": 0, "def": 31, "spa": 31, "spd": 31, "spe": 31}, "item": "Heavy-Duty Boots", "teraType": "Steel", "role": "Bulky Support", "bvs": {"hp": 110, "atk": 65, "def": 105, "spa": 55, "spd": 95, "spe": 80}, "stats": {"hp": 326, "atk": 115, "def": 227, "spa": 142, "spd": 210, "spe": 185}, "types": ["Dark", "Flying"]}, "Cinderace": {"name": "Cinderace", "species": "Cinderace", "speciesId": "cinderace", "gender": "F", "shiny": false, "level": 77, "moves": ["willowisp", "pyroball", "uturn", "courtchange"], "ability": "Libero", "evs": {"hp": 85, "atk": 85, "def": 85, "spa": 85, "spd": 85, "spe": 85}, "ivs": {"hp": 31, "atk": 31, "def": 31, "spa": 31, "spd": 31, "spe": 31}, "item": "Heavy-Duty Boots", "teraType": "Grass", "role": "Fast Support", "bvs": {"hp": 80, "atk": 116, "def": 75, "spa": 65, "spd": 75, "spe": 119}, "stats": {"hp": 250, "atk": 223, "def": 160, "spa": 145, "spd": 160, "spe": 228}, "types": ["Fire"]}}]}