{"id": "gen9randombattle-2641652198", "format": "[Gen 9] Random Battle", "players": ["WorkRazz", "possss"], "log": "|j|\u2606WorkRazz\n|j|\u2606possss\n|t:|1782825178\n|gametype|singles\n|player|p1|WorkRazz|102|2032\n|player|p2|possss|grimsley|2051\n|gen|9\n|tier|[Gen 9] Random Battle\n|rated|\n|rule|Species Clause: Limit one of each Pok\u00e9mon\n|rule|HP Percentage Mod: HP is shown in percentages\n|rule|Sleep Clause Mod: Limit one foe put to sleep\n|rule|Illusion Level Mod: Illusion disguises the Pok\u00e9mon's true level\n|\n|t:|1782825178\n|teamsize|p1|6\n|teamsize|p2|6\n|start\n|switch|p1a: Darkrai|Darkrai, L77|234/234\n|switch|p2a: Morpeko|Morpeko, L88, M|245/245\n|turn|1\n|inactive|Battle timer is ON: inactive players will automatically lose when time's up. (requested by WorkRazz)\n|inactive|possss has 120 seconds left.\n|\n|t:|1782825232\n|move|p1a: Darkrai|Sludge Bomb|p2a: Morpeko\n|-damage|p2a: Morpeko|133/245\n|-damage|p1a: Darkrai|211/234|[from] item: Life Orb\n|move|p2a: Morpeko|Aura Wheel|p1a: Darkrai\n|-damage|p1a: Darkrai|75/234\n|-boost|p2a: Morpeko|spe|1\n|\n|-formechange|p2a: Morpeko|Morpeko-Hangry||[from] ability: Hunger Switch\n|upkeep\n|turn|2\n|inactive|WorkRazz has 120 seconds left.\n|\n|t:|1782825263\n|switch|p1a: Excadrill|Excadrill, L79, F|303/303\n|-ability|p1a: Excadrill|Mold Breaker\n|move|p2a: Morpeko|Aura Wheel|p1a: Excadrill\n|-damage|p1a: Excadrill|114/303\n|-boost|p2a: Morpeko|spe|1\n|\n|-formechange|p2a: Morpeko|Morpeko||[from] ability: Hunger Switch\n|upkeep\n|turn|3\n|\n|t:|1782825275\n|move|p2a: Morpeko|Protect|p2a: Morpeko\n|-singleturn|p2a: Morpeko|Protect\n|move|p1a: Excadrill|Earthquake|p2a: Morpeko\n|-activate|p2a: Morpeko|move: Protect\n|\n|-formechange|p2a: Morpeko|Morpeko-Hangry||[from] ability: Hunger Switch\n|upkeep\n|turn|4\n|\n|t:|1782825283\n|move|p2a: Morpeko|Aura Wheel|p1a: Excadrill\n|-damage|p1a: Excadrill|0 fnt\n|-boost|p2a: Morpeko|spe|1\n|faint|p1a: Excadrill\n|\n|-formechange|p2a: Morpeko|Morpeko||[from] ability: Hunger Switch\n|upkeep\n|\n|t:|1782825286\n|switch|p1a: Scream Tail|Scream Tail, L84|330/330\n|turn|5\n|\n|t:|1782825313\n|move|p2a: Morpeko|Parting Shot|p1a: Scream Tail\n|-unboost|p1a: Scream Tail|atk|1\n|-unboost|p1a: Scream Tail|spa|1\n|\n|t:|1782825321\n|switch|p2a: Coalossal|Coalossal, L89, M|341/341|[from] Parting Shot\n|move|p1a: Scream Tail|Wish|p1a: Scream Tail\n|\n|upkeep\n|turn|6\n|\n|t:|1782825329\n|-end|p1a: Scream Tail|Protosynthesis|[silent]\n|switch|p1a: Darkrai|Darkrai, L77|75/234\n|move|p2a: Coalossal|Spikes|p1a: Darkrai\n|-sidestart|p1: WorkRazz|Spikes\n|\n|-heal|p1a: Darkrai|234/234|[from] move: Wish|[wisher] Scream Tail\n|upkeep\n|turn|7\n|\n|t:|1782825335\n|move|p1a: Darkrai|Nasty Plot|p1a: Darkrai\n|-boost|p1a: Darkrai|spa|2\n|move|p2a: Coalossal|Stone Edge|p1a: Darkrai\n|-damage|p1a: Darkrai|123/234\n|\n|upkeep\n|turn|8\n|\n|t:|1782825340\n|move|p1a: Darkrai|Dark Pulse|p2a: Coalossal\n|-damage|p2a: Coalossal|133/341\n|-damage|p1a: Darkrai|100/234|[from] item: Life Orb\n|move|p2a: Coalossal|Overheat|p1a: Darkrai\n|-damage|p1a: Darkrai|0 fnt\n|-unboost|p2a: Coalossal|spa|2\n|faint|p1a: Darkrai\n|\n|upkeep\n|\n|t:|1782825351\n|switch|p1a: Stonjourner|Stonjourner, L91, M|330/330\n|-damage|p1a: Stonjourner|289/330|[from] Spikes\n|turn|9\n|\n|t:|1782825357\n|move|p1a: Stonjourner|Earthquake|p2a: Coalossal\n|-supereffective|p2a: Coalossal\n|-damage|p2a: Coalossal|0 fnt\n|faint|p2a: Coalossal\n|-damage|p1a: Stonjourner|256/330|[from] item: Life Orb\n|\n|upkeep\n|\n|t:|1782825377\n|switch|p2a: Leavanny|Leavanny, L86, F|269/269\n|turn|10\n|inactive|possss has 120 seconds left.\n|\n|t:|1782825400\n|switch|p2a: Oinkologne|Oinkologne, L92, M|352/352\n|move|p1a: Stonjourner|Rock Polish|p1a: Stonjourner\n|-boost|p1a: Stonjourner|spe|2\n|\n|upkeep\n|turn|11\n|\n|t:|1782825408\n|move|p1a: Stonjourner|Stone Edge|p2a: Oinkologne\n|-damage|p2a: Oinkologne|157/352\n|-damage|p1a: Stonjourner|223/330|[from] item: Life Orb\n|move|p2a: Oinkologne|High Horsepower|p1a: Stonjourner\n|-supereffective|p1a: Stonjourner\n|-crit|p1a: Stonjourner\n|-damage|p1a: Stonjourner|53/330\n|\n|-heal|p2a: Oinkologne|179/352|[from] item: Leftovers\n|upkeep\n|turn|12\n|\n|t:|1782825420\n|move|p1a: Stonjourner|Stone Edge|p2a: Oinkologne\n|-damage|p2a: Oinkologne|0 fnt\n|faint|p2a: Oinkologne\n|-damage|p1a: Stonjourner|20/330|[from] item: Life Orb\n|\n|upkeep\n|\n|t:|1782825423\n|switch|p2a: Morpeko|Morpeko, L88, M|133/245\n|turn|13\n|\n|t:|1782825429\n|move|p1a: Stonjourner|Stone Edge|p2a: Morpeko\n|-damage|p2a: Morpeko|0 fnt\n|faint|p2a: Morpeko\n|-damage|p1a: Stonjourner|0 fnt|[from] item: Life Orb\n|faint|p1a: Stonjourner\n|\n|upkeep\n|\n|t:|1782825450\n|switch|p2a: Kleavor|Kleavor, L78, M|237/237\n|switch|p1a: Indeedee|Indeedee, L84, M|238/238\n|-damage|p1a: Indeedee|209/238|[from] Spikes\n|-fieldstart|move: Psychic Terrain|[from] ability: Psychic Surge|[of] p1a: Indeedee\n|turn|14\n|inactive|possss has 120 seconds left.\n|\n|t:|1782825477\n|move|p1a: Indeedee|Expanding Force|p2a: Kleavor\n|-damage|p2a: Kleavor|33/237\n|move|p2a: Kleavor|U-turn|p1a: Indeedee\n|-supereffective|p1a: Indeedee\n|-damage|p1a: Indeedee|0 fnt\n|faint|p1a: Indeedee\n|inactive|possss has 120 seconds left.\n|\n|t:|1782825483\n|switch|p2a: Leavanny|Leavanny, L86, F|269/269|[from] U-turn\n|\n|upkeep\n|\n|t:|1782825490\n|switch|p1a: Scream Tail|Scream Tail, L84|330/330\n|-damage|p1a: Scream Tail|289/330|[from] Spikes\n|turn|15\n|\n|t:|1782825496\n|move|p1a: Scream Tail|Dazzling Gleam|p2a: Leavanny\n|-damage|p2a: Leavanny|199/269\n|move|p2a: Leavanny|Knock Off|p1a: Scream Tail\n|-damage|p1a: Scream Tail|217/330\n|-enditem|p1a: Scream Tail|Leftovers|[from] move: Knock Off|[of] p2a: Leavanny\n|\n|upkeep\n|turn|16\n|\n|t:|1782825505\n|move|p1a: Scream Tail|Dazzling Gleam|p2a: Leavanny\n|-damage|p2a: Leavanny|127/269\n|move|p2a: Leavanny|Bullet Seed|p1a: Scream Tail\n|-damage|p1a: Scream Tail|187/330\n|-damage|p1a: Scream Tail|162/330\n|-damage|p1a: Scream Tail|134/330\n|-damage|p1a: Scream Tail|107/330\n|-damage|p1a: Scream Tail|80/330\n|-hitcount|p1a: Scream Tail|5\n|\n|upkeep\n|turn|17\n|\n|t:|1782825511\n|move|p1a: Scream Tail|Encore|p2a: Leavanny\n|-start|p2a: Leavanny|Encore\n|move|p2a: Leavanny|Bullet Seed|p1a: Scream Tail\n|-damage|p1a: Scream Tail|52/330\n|-damage|p1a: Scream Tail|25/330\n|-crit|p1a: Scream Tail\n|-damage|p1a: Scream Tail|0 fnt\n|faint|p1a: Scream Tail\n|-end|p1a: Scream Tail|Protosynthesis|[silent]\n|-hitcount|p1: Scream Tail|3\n|\n|upkeep\n|\n|t:|1782825514\n|switch|p1a: Sinistcha|Sinistcha-Masterpiece, L83|254/254\n|-damage|p1a: Sinistcha|223/254|[from] Spikes\n|turn|18\n|\n|t:|1782825521\n|switch|p2a: Mienshao|Mienshao, L83, F|243/243\n|move|p1a: Sinistcha|Calm Mind|p1a: Sinistcha\n|-boost|p1a: Sinistcha|spa|1\n|-boost|p1a: Sinistcha|spd|1\n|\n|-heal|p1a: Sinistcha|238/254|[from] item: Leftovers\n|-fieldend|move: Psychic Terrain\n|upkeep\n|turn|19\n|\n|t:|1782825526\n|move|p2a: Mienshao|Knock Off|p1a: Sinistcha\n|-supereffective|p1a: Sinistcha\n|-damage|p1a: Sinistcha|8/254\n|-enditem|p1a: Sinistcha|Leftovers|[from] move: Knock Off|[of] p2a: Mienshao\n|move|p1a: Sinistcha|Matcha Gotcha|p2a: Mienshao\n|-damage|p2a: Mienshao|54/243\n|-heal|p1a: Sinistcha|103/254|[from] drain|[of] p2a: Mienshao\n|\n|upkeep\n|turn|20\n|\n|t:|1782825538\n|switch|p2a: Leavanny|Leavanny, L86, F|127/269\n|-terastallize|p1a: Sinistcha|Steel\n|move|p1a: Sinistcha|Strength Sap|p2a: Leavanny\n|-unboost|p2a: Leavanny|atk|1\n|-heal|p1a: Sinistcha|254/254\n|\n|upkeep\n|turn|21\n|\n|t:|1782825549\n|move|p2a: Leavanny|Bullet Seed|p1a: Sinistcha\n|-resisted|p1a: Sinistcha\n|-damage|p1a: Sinistcha|245/254\n|-resisted|p1a: Sinistcha\n|-damage|p1a: Sinistcha|237/254\n|-resisted|p1a: Sinistcha\n|-damage|p1a: Sinistcha|229/254\n|-resisted|p1a: Sinistcha\n|-damage|p1a: Sinistcha|220/254\n|-hitcount|p1a: Sinistcha|4\n|move|p1a: Sinistcha|Calm Mind|p1a: Sinistcha\n|-boost|p1a: Sinistcha|spa|1\n|-boost|p1a: Sinistcha|spd|1\n|\n|upkeep\n|turn|22\n|\n|t:|1782825557\n|move|p2a: Leavanny|Bullet Seed|p1a: Sinistcha\n|-resisted|p1a: Sinistcha\n|-damage|p1a: Sinistcha|211/254\n|-resisted|p1a: Sinistcha\n|-damage|p1a: Sinistcha|201/254\n|-resisted|p1a: Sinistcha\n|-damage|p1a: Sinistcha|192/254\n|-resisted|p1a: Sinistcha\n|-damage|p1a: Sinistcha|183/254\n|-resisted|p1a: Sinistcha\n|-damage|p1a: Sinistcha|174/254\n|-hitcount|p1a: Sinistcha|5\n|move|p1a: Sinistcha|Matcha Gotcha|p2a: Leavanny\n|-resisted|p2a: Leavanny\n|-damage|p2a: Leavanny|72/269\n|-heal|p1a: Sinistcha|202/254|[from] drain|[of] p2a: Leavanny\n|\n|upkeep\n|turn|23\n|\n|t:|1782825561\n|move|p2a: Leavanny|Bullet Seed|p1a: Sinistcha\n|-resisted|p1a: Sinistcha\n|-damage|p1a: Sinistcha|193/254\n|-resisted|p1a: Sinistcha\n|-damage|p1a: Sinistcha|184/254\n|-resisted|p1a: Sinistcha\n|-damage|p1a: Sinistcha|175/254\n|-resisted|p1a: Sinistcha\n|-damage|p1a: Sinistcha|167/254\n|-resisted|p1a: Sinistcha\n|-damage|p1a: Sinistcha|158/254\n|-hitcount|p1a: Sinistcha|5\n|move|p1a: Sinistcha|Strength Sap|p2a: Leavanny\n|-unboost|p2a: Leavanny|atk|1\n|-heal|p1a: Sinistcha|254/254\n|\n|upkeep\n|turn|24\n|\n|t:|1782825563\n|move|p2a: Leavanny|Bullet Seed|p1a: Sinistcha\n|-resisted|p1a: Sinistcha\n|-damage|p1a: Sinistcha|248/254\n|-resisted|p1a: Sinistcha\n|-damage|p1a: Sinistcha|240/254\n|-resisted|p1a: Sinistcha\n|-damage|p1a: Sinistcha|234/254\n|-resisted|p1a: Sinistcha\n|-damage|p1a: Sinistcha|227/254\n|-resisted|p1a: Sinistcha\n|-damage|p1a: Sinistcha|221/254\n|-hitcount|p1a: Sinistcha|5\n|move|p1a: Sinistcha|Shadow Ball|p2a: Leavanny\n|-damage|p2a: Leavanny|0 fnt\n|faint|p2a: Leavanny\n|\n|upkeep\n|\n|t:|1782825567\n|switch|p2a: Mienshao|Mienshao, L83, F|54/243\n|turn|25\n|\n|t:|1782825571\n|move|p2a: Mienshao|High Jump Kick|p1a: Sinistcha\n|-supereffective|p1a: Sinistcha\n|-damage|p1a: Sinistcha|0 fnt\n|faint|p1a: Sinistcha\n|\n|win|possss\n", "inputlog": ">version f8ac14003a5f27e1bdc8d8c59608a773c1cb96e5\n>start {\"formatid\":\"gen9randombattle\",\"seed\":\"sodium,5b99b0ac2a67f0090f5ab421506705ce\",\"rated\":\"Rated battle\"}\n>player p1 {\"name\":\"WorkRazz\",\"avatar\":\"102\",\"rating\":2032,\"seed\":\"sodium,0d05b439f0ad802ff9e302039b7d39e3\"}\n>player p2 {\"name\":\"possss\",\"avatar\":\"grimsley\",\"rating\":2051,\"seed\":\"sodium,729c2fd98feafd6f8b156d91a20be69d\"}\n>p1 move sludgebomb\n>p2 move aurawheel\n>p1 switch 3\n>p2 move aurawheel\n>p1 move earthquake\n>p2 move protect\n>p1 move earthquake\n>p2 move aurawheel\n>p1 switch 6\n>p1 move wish\n>p2 move partingshot\n>p2 switch 4\n>p1 switch 3\n>p2 move spikes\n>p1 move nastyplot\n>p2 move stoneedge\n>p1 move darkpulse\n>p2 move overheat\n>p1 switch 4\n>p1 move earthquake\n>p2 move willowisp\n>p2 switch 3\n>p1 move rockpolish\n>p2 switch 6\n>p1 move stoneedge\n>p2 move highhorsepower\n>p1 move stoneedge\n>p2 move highhorsepower\n>p2 switch 4\n>p1 move stoneedge\n>p2 move aurawheel\n>p1 switch 2\n>p2 switch 2\n>p1 move expandingforce\n>p2 move uturn\n>p2 switch 6\n>p1 switch 3\n>p1 move dazzlinggleam\n>p2 move knockoff\n>p1 move dazzlinggleam\n>p2 move bulletseed\n>p1 move encore\n>p2 move bulletseed\n>p1 switch 5\n>p1 move calmmind\n>p2 switch 5\n>p1 move matchagotcha\n>p2 move knockoff\n>p1 move strengthsap terastallize\n>p2 switch 5\n>p1 move calmmind\n>p2 move bulletseed\n>p1 move matchagotcha\n>p2 move bulletseed\n>p1 move strengthsap\n>p2 move bulletseed\n>p1 move shadowball\n>p2 move bulletseed\n>p2 switch 5\n>p1 move strengthsap\n>p2 move highjumpkick", "uploadtime": 1782825180, "views": 4, "formatid": "gen9randombattle", "rating": null, "private": 0, "password": null, "player_dets": [{"name": "WorkRazz", "avatar": "102", "rating": 2032, "seed": "sodium,0d05b439f0ad802ff9e302039b7d39e3"}, {"name": "possss", "avatar": "grimsley", "rating": 2051, "seed": "sodium,729c2fd98feafd6f8b156d91a20be69d"}], "teams_full": [{"Darkrai": {"name": "Darkrai", "species": "Darkrai", "speciesId": "darkrai", "gender": "N", "shiny": false, "level": 77, "moves": ["focusblast", "sludgebomb", "nastyplot", "darkpulse"], "ability": "Bad Dreams", "evs": {"hp": 85, "atk": 0, "def": 85, "spa": 85, "spd": 85, "spe": 85}, "ivs": {"hp": 31, "atk": 0, "def": 31, "spa": 31, "spd": 31, "spe": 31}, "item": "Life Orb", "teraType": "Poison", "role": "Setup Sweeper", "bvs": {"hp": 70, "atk": 90, "def": 90, "spa": 135, "spd": 90, "spe": 125}, "stats": {"hp": 234, "atk": 143, "def": 183, "spa": 252, "spd": 183, "spe": 237}, "types": ["Dark"]}, "Indeedee": {"name": "Indeedee", "species": "Indeedee", "speciesId": "indeedee", "gender": "M", "shiny": false, "level": 84, "moves": ["expandingforce", "dazzlinggleam", "healingwish", "hypervoice"], "ability": "Psychic Surge", "evs": {"hp": 85, "atk": 0, "def": 85, "spa": 85, "spd": 85, "spe": 85}, "ivs": {"hp": 31, "atk": 0, "def": 31, "spa": 31, "spd": 31, "spe": 31}, "item": "Choice Scarf", "teraType": "Psychic", "role": "Fast Attacker", "bvs": {"hp": 60, "atk": 65, "def": 55, "spa": 105, "spd": 95, "spe": 95}, "stats": {"hp": 238, "atk": 114, "def": 141, "spa": 225, "spd": 208, "spe": 208}, "types": ["Psychic", "Normal"]}, "Excadrill": {"name": "Excadrill", "species": "Excadrill", "speciesId": "excadrill", "gender": "F", "shiny": false, "level": 79, "moves": ["rapidspin", "earthquake", "ironhead", "rockslide"], "ability": "Mold Breaker", "evs": {"hp": 85, "atk": 85, "def": 85, "spa": 85, "spd": 85, "spe": 85}, "ivs": {"hp": 31, "atk": 31, "def": 31, "spa": 31, "spd": 31, "spe": 31}, "item": "Assault Vest", "teraType": "Grass", "role": "AV Pivot", "bvs": {"hp": 110, "atk": 135, "def": 60, "spa": 50, "spd": 65, "spe": 88}, "stats": {"hp": 303, "atk": 259, "def": 140, "spa": 125, "spd": 148, "spe": 185}, "types": ["Ground", "Steel"]}, "Stonjourner": {"name": "Stonjourner", "species": "Stonjourner", "speciesId": "stonjourner", "gender": "M", "shiny": false, "level": 91, "moves": ["rockpolish", "earthquake", "heatcrash", "stoneedge"], "ability": "Power Spot", "evs": {"hp": 85, "atk": 85, "def": 85, "spa": 85, "spd": 85, "spe": 85}, "ivs": {"hp": 31, "atk": 31, "def": 31, "spa": 31, "spd": 31, "spe": 31}, "item": "Life Orb", "teraType": "Fire", "role": "Fast Attacker", "bvs": {"hp": 100, "atk": 125, "def": 135, "spa": 20, "spd": 20, "spe": 70}, "stats": {"hp": 330, "atk": 279, "def": 298, "spa": 88, "spd": 88, "spe": 179}, "types": ["Rock"]}, "Sinistcha": {"name": "Sinistcha", "species": "Sinistcha-Masterpiece", "speciesId": "sinistcha", "gender": "N", "shiny": false, "level": 83, "moves": ["shadowball", "calmmind", "matchagotcha", "strengthsap"], "ability": "Heatproof", "evs": {"hp": 85, "atk": 0, "def": 85, "spa": 85, "spd": 85, "spe": 85}, "ivs": {"hp": 31, "atk": 0, "def": 31, "spa": 31, "spd": 31, "spe": 31}, "item": "Leftovers", "teraType": "Steel", "role": "Bulky Setup", "bvs": {"hp": 71, "atk": 60, "def": 106, "spa": 121, "spd": 80, "spe": 70}, "stats": {"hp": 254, "atk": 104, "def": 224, "spa": 249, "spd": 180, "spe": 164}, "types": ["Grass", "Ghost"]}, "Scream Tail": {"name": "Scream Tail", "species": "Scream Tail", "speciesId": "screamtail", "gender": "N", "shiny": false, "level": 84, "moves": ["dazzlinggleam", "protect", "encore", "wish"], "ability": "Protosynthesis", "evs": {"hp": 85, "atk": 0, "def": 85, "spa": 85, "spd": 85, "spe": 85}, "ivs": {"hp": 31, "atk": 0, "def": 31, "spa": 31, "spd": 31, "spe": 31}, "item": "Leftovers", "teraType": "Steel", "role": "Bulky Attacker", "bvs": {"hp": 115, "atk": 65, "def": 99, "spa": 65, "spd": 115, "spe": 111}, "stats": {"hp": 330, "atk": 114, "def": 215, "spa": 157, "spd": 241, "spe": 235}, "types": ["Fairy", "Psychic"]}}, {"Morpeko": {"name": "Morpeko", "species": "Morpeko", "speciesId": "morpeko", "gender": "M", "shiny": false, "level": 88, "moves": ["aurawheel", "rapidspin", "partingshot", "protect"], "ability": "Hunger Switch", "evs": {"hp": 85, "atk": 85, "def": 85, "spa": 85, "spd": 85, "spe": 85}, "ivs": {"hp": 31, "atk": 31, "def": 31, "spa": 31, "spd": 31, "spe": 31}, "item": "Heavy-Duty Boots", "teraType": "Electric", "role": "Fast Support", "bvs": {"hp": 58, "atk": 95, "def": 58, "spa": 70, "spd": 58, "spe": 97}, "stats": {"hp": 245, "atk": 217, "def": 152, "spa": 173, "spd": 152, "spe": 221}, "types": ["Electric", "Dark"]}, "Kleavor": {"name": "Kleavor", "species": "Kleavor", "speciesId": "kleavor", "gender": "M", "shiny": false, "level": 78, "moves": ["closecombat", "stoneaxe", "xscissor", "uturn"], "ability": "Sharpness", "evs": {"hp": 85, "atk": 85, "def": 85, "spa": 85, "spd": 85, "spe": 85}, "ivs": {"hp": 31, "atk": 31, "def": 31, "spa": 31, "spd": 31, "spe": 31}, "item": "Choice Scarf", "teraType": "Rock", "role": "Bulky Attacker", "bvs": {"hp": 70, "atk": 135, "def": 95, "spa": 45, "spd": 70, "spe": 85}, "stats": {"hp": 237, "atk": 256, "def": 193, "spa": 115, "spd": 154, "spe": 178}, "types": ["Bug", "Rock"]}, "Leavanny": {"name": "Leavanny", "species": "Leavanny", "speciesId": "leavanny", "gender": "F", "shiny": false, "level": 86, "moves": ["bulletseed", "knockoff", "stickyweb", "tripleaxel"], "ability": "Chlorophyll", "evs": {"hp": 85, "atk": 85, "def": 85, "spa": 85, "spd": 85, "spe": 85}, "ivs": {"hp": 31, "atk": 31, "def": 31, "spa": 31, "spd": 31, "spe": 31}, "item": "Loaded Dice", "teraType": "Ghost", "role": "Fast Attacker", "bvs": {"hp": 75, "atk": 103, "def": 80, "spa": 70, "spd": 80, "spe": 92}, "stats": {"hp": 269, "atk": 226, "def": 187, "spa": 170, "spd": 187, "spe": 207}, "types": ["Bug", "Grass"]}, "Coalossal": {"name": "Coalossal", "species": "Coalossal", "speciesId": "coalossal", "gender": "M", "shiny": false, "level": 89, "moves": ["overheat", "willowisp", "spikes", "stoneedge"], "ability": "Flame Body", "evs": {"hp": 85, "atk": 85, "def": 85, "spa": 85, "spd": 85, "spe": 85}, "ivs": {"hp": 31, "atk": 31, "def": 31, "spa": 31, "spd": 31, "spe": 31}, "item": "Heavy-Duty Boots", "teraType": "Grass", "role": "Bulky Support", "bvs": {"hp": 110, "atk": 80, "def": 120, "spa": 80, "spd": 90, "spe": 30}, "stats": {"hp": 341, "atk": 193, "def": 264, "spa": 193, "spd": 211, "spe": 104}, "types": ["Rock", "Fire"]}, "Mienshao": {"name": "Mienshao", "species": "Mienshao", "speciesId": "mienshao", "gender": "F", "shiny": false, "level": 83, "moves": ["stoneedge", "knockoff", "highjumpkick", "uturn"], "ability": "Reckless", "evs": {"hp": 81, "atk": 85, "def": 85, "spa": 85, "spd": 85, "spe": 85}, "ivs": {"hp": 31, "atk": 31, "def": 31, "spa": 31, "spd": 31, "spe": 31}, "item": "Choice Band", "teraType": "Fighting", "role": "Wallbreaker", "bvs": {"hp": 65, "atk": 125, "def": 60, "spa": 95, "spd": 60, "spe": 105}, "stats": {"hp": 243, "atk": 255, "def": 147, "spa": 205, "spd": 147, "spe": 222}, "types": ["Fighting"]}, "Oinkologne": {"name": "Oinkologne", "species": "Oinkologne", "speciesId": "oinkologne", "gender": "M", "shiny": false, "level": 92, "moves": ["doubleedge", "lashout", "curse", "highhorsepower"], "ability": "Thick Fat", "evs": {"hp": 85, "atk": 85, "def": 85, "spa": 85, "spd": 85, "spe": 85}, "ivs": {"hp": 31, "atk": 31, "def": 31, "spa": 31, "spd": 31, "spe": 31}, "item": "Leftovers", "teraType": "Ground", "role": "Bulky Setup", "bvs": {"hp": 110, "atk": 100, "def": 75, "spa": 59, "spd": 80, "spe": 65}, "stats": {"hp": 352, "atk": 236, "def": 190, "spa": 161, "spd": 200, "spe": 172}, "types": ["Normal"]}}]}