{"id": "gen9randombattle-2641117431", "format": "[Gen 9] Random Battle", "players": ["Bigdaddyjose", "testbotcif"], "log": "|j|\u2606Bigdaddyjose\n|j|\u2606testbotcif\n|t:|1782742659\n|gametype|singles\n|player|p1|Bigdaddyjose|2|1133\n|player|p2|testbotcif|266|1081\n|gen|9\n|tier|[Gen 9] Random Battle\n|rated|\n|rule|Species Clause: Limit one of each Pok\u00e9mon\n|rule|HP Percentage Mod: HP is shown in percentages\n|rule|Sleep Clause Mod: Limit one foe put to sleep\n|rule|Illusion Level Mod: Illusion disguises the Pok\u00e9mon's true level\n|\n|t:|1782742659\n|teamsize|p1|6\n|teamsize|p2|6\n|start\n|switch|p1a: Sandaconda|Sandaconda, L84, M|258/258\n|switch|p2a: Ceruledge|Ceruledge, L78, M|245/245\n|turn|1\n|c|\u2606testbotcif|rlhf\n|inactive|Battle timer is ON: inactive players will automatically lose when time's up. (requested by testbotcif)\n|\n|t:|1782742667\n|move|p2a: Ceruledge|Swords Dance|p2a: Ceruledge\n|-boost|p2a: Ceruledge|atk|2\n|move|p1a: Sandaconda|Glare|p2a: Ceruledge\n|-status|p2a: Ceruledge|par\n|\n|upkeep\n|turn|2\n|\n|t:|1782742675\n|move|p1a: Sandaconda|Stone Edge|p2a: Ceruledge\n|-supereffective|p2a: Ceruledge\n|-damage|p2a: Ceruledge|71/245 par\n|-ability|p2a: Ceruledge|Weak Armor|boost\n|-unboost|p2a: Ceruledge|def|1\n|-boost|p2a: Ceruledge|spe|2\n|move|p2a: Ceruledge|Bitter Blade|p1a: Sandaconda\n|-damage|p1a: Sandaconda|113/258\n|-heal|p2a: Ceruledge|144/245 par|[from] drain|[of] p1a: Sandaconda\n|\n|-heal|p1a: Sandaconda|129/258|[from] item: Leftovers\n|upkeep\n|turn|3\n|\n|t:|1782742682\n|move|p2a: Ceruledge|Bitter Blade|p1a: Sandaconda\n|-damage|p1a: Sandaconda|0 fnt\n|-heal|p2a: Ceruledge|209/245 par|[from] drain|[of] p1a: Sandaconda\n|faint|p1a: Sandaconda\n|\n|upkeep\n|\n|t:|1782742697\n|switch|p1a: Iron Moth|Iron Moth, L78|253/253\n|turn|4\n|\n|t:|1782742707\n|move|p1a: Iron Moth|U-turn|p2a: Ceruledge\n|-resisted|p2a: Ceruledge\n|-damage|p2a: Ceruledge|196/245 par\n|-ability|p2a: Ceruledge|Weak Armor|boost\n|-unboost|p2a: Ceruledge|def|1\n|-boost|p2a: Ceruledge|spe|2\n|\n|t:|1782742716\n|-end|p1a: Iron Moth|Quark Drive|[silent]\n|switch|p1a: Terapagos|Terapagos, L77, F|265/265|[from] U-turn\n|-activate|p1a: Terapagos|ability: Tera Shift\n|detailschange|p1a: Terapagos|Terapagos-Terastal, L77, F\n|-heal|p1a: Terapagos|273/273|[silent]\n|move|p2a: Ceruledge|Poltergeist|p1a: Terapagos\n|-immune|p1a: Terapagos\n|\n|upkeep\n|turn|5\n|\n|t:|1782742722\n|move|p2a: Ceruledge|Bitter Blade|p1a: Terapagos\n|-activate|p1a: Terapagos|ability: Tera Shell\n|-resisted|p1a: Terapagos\n|-damage|p1a: Terapagos|176/273\n|-heal|p2a: Ceruledge|245/245 par|[from] drain|[of] p1a: Terapagos\n|move|p1a: Terapagos|Dark Pulse|p2a: Ceruledge\n|-supereffective|p2a: Ceruledge\n|-damage|p2a: Ceruledge|147/245 par\n|\n|upkeep\n|turn|6\n|\n|t:|1782742734\n|move|p2a: Ceruledge|Bitter Blade|p1a: Terapagos\n|-damage|p1a: Terapagos|0 fnt\n|-heal|p2a: Ceruledge|235/245 par|[from] drain|[of] p1a: Terapagos\n|faint|p1a: Terapagos\n|\n|upkeep\n|\n|t:|1782742743\n|switch|p1a: Blastoise|Blastoise, L80, F|258/258\n|turn|7\n|\n|t:|1782742747\n|move|p2a: Ceruledge|Poltergeist|p1a: Blastoise\n|-activate|p1a: Blastoise|move: Poltergeist|White Herb\n|-damage|p1a: Blastoise|36/258\n|move|p1a: Blastoise|Shell Smash|p1a: Blastoise\n|-unboost|p1a: Blastoise|def|1\n|-unboost|p1a: Blastoise|spd|1\n|-boost|p1a: Blastoise|atk|2\n|-boost|p1a: Blastoise|spa|2\n|-boost|p1a: Blastoise|spe|2\n|-enditem|p1a: Blastoise|White Herb\n|-clearnegativeboost|p1a: Blastoise|[silent]\n|\n|upkeep\n|turn|8\n|\n|t:|1782742756\n|move|p1a: Blastoise|Hydro Pump|p2a: Ceruledge|[miss]\n|-miss|p1a: Blastoise|p2a: Ceruledge\n|cant|p2a: Ceruledge|par\n|\n|upkeep\n|turn|9\n|\n|t:|1782742758\n|move|p1a: Blastoise|Hydro Pump|p2a: Ceruledge\n|-supereffective|p2a: Ceruledge\n|-damage|p2a: Ceruledge|0 fnt\n|faint|p2a: Ceruledge\n|\n|upkeep\n|\n|t:|1782742758\n|switch|p2a: Arbok|Arbok, L87, F|246/246\n|-ability|p2a: Arbok|Intimidate|boost\n|-unboost|p1a: Blastoise|atk|1\n|turn|10\n|\n|t:|1782742769\n|move|p1a: Blastoise|Earthquake|p2a: Arbok\n|-supereffective|p2a: Arbok\n|-damage|p2a: Arbok|38/246\n|move|p2a: Arbok|Gunk Shot|p1a: Blastoise\n|-damage|p1a: Blastoise|0 fnt\n|faint|p1a: Blastoise\n|\n|-heal|p2a: Arbok|53/246|[from] item: Leftovers\n|upkeep\n|\n|t:|1782742781\n|switch|p1a: Vivillon|Vivillon-Savanna, L83, M|268/268\n|turn|11\n|\n|t:|1782742783\n|move|p1a: Vivillon|Sleep Powder|p2a: Arbok\n|-status|p2a: Arbok|slp|[from] move: Sleep Powder\n|cant|p2a: Arbok|slp\n|\n|-heal|p2a: Arbok|68/246 slp|[from] item: Leftovers\n|upkeep\n|turn|12\n|\n|t:|1782742787\n|move|p1a: Vivillon|Quiver Dance|p1a: Vivillon\n|-boost|p1a: Vivillon|spa|1\n|-boost|p1a: Vivillon|spd|1\n|-boost|p1a: Vivillon|spe|1\n|-curestatus|p2a: Arbok|slp|[msg]\n|move|p2a: Arbok|Coil|p2a: Arbok\n|-boost|p2a: Arbok|atk|1\n|-boost|p2a: Arbok|def|1\n|-boost|p2a: Arbok|accuracy|1\n|\n|-heal|p2a: Arbok|83/246|[from] item: Leftovers\n|upkeep\n|turn|13\n|\n|t:|1782742804\n|move|p1a: Vivillon|Hurricane|p2a: Arbok\n|-damage|p2a: Arbok|0 fnt\n|faint|p2a: Arbok\n|\n|upkeep\n|\n|t:|1782742805\n|switch|p2a: Heatran|Heatran, L79, F|273/273\n|-item|p2a: Heatran|Air Balloon\n|turn|14\n|\n|t:|1782742816\n|switch|p1a: Iron Moth|Iron Moth, L78|253/253\n|move|p2a: Heatran|Magma Storm|p1a: Iron Moth|[miss]\n|-miss|p2a: Heatran|p1a: Iron Moth\n|\n|upkeep\n|turn|15\n|\n|t:|1782742824\n|-terastallize|p2a: Heatran|Grass\n|move|p1a: Iron Moth|Fire Blast|p2a: Heatran\n|-start|p2a: Heatran|ability: Flash Fire\n|move|p2a: Heatran|Earth Power|p1a: Iron Moth\n|-supereffective|p1a: Iron Moth\n|-damage|p1a: Iron Moth|0 fnt\n|faint|p1a: Iron Moth\n|-end|p1a: Iron Moth|Quark Drive|[silent]\n|\n|upkeep\n|\n|t:|1782742833\n|switch|p1a: Vivillon|Vivillon-Savanna, L83, M|268/268\n|turn|16\n|\n|t:|1782742838\n|move|p1a: Vivillon|Bug Buzz|p2a: Heatran\n|-supereffective|p2a: Heatran\n|-damage|p2a: Heatran|109/273\n|-enditem|p2a: Heatran|Air Balloon\n|move|p2a: Heatran|Magma Storm|p1a: Vivillon|[miss]\n|-miss|p2a: Heatran|p1a: Vivillon\n|\n|upkeep\n|turn|17\n|\n|t:|1782742844\n|move|p1a: Vivillon|Bug Buzz|p2a: Heatran\n|-supereffective|p2a: Heatran\n|-damage|p2a: Heatran|0 fnt\n|faint|p2a: Heatran\n|\n|upkeep\n|\n|t:|1782742844\n|switch|p2a: Dunsparce|Dunsparce, L86, F|312/312\n|turn|18\n|\n|t:|1782742852\n|move|p1a: Vivillon|Sleep Powder|p2a: Dunsparce\n|-status|p2a: Dunsparce|slp|[from] move: Sleep Powder\n|cant|p2a: Dunsparce|slp\n|\n|upkeep\n|turn|19\n|\n|t:|1782742855\n|move|p1a: Vivillon|Quiver Dance|p1a: Vivillon\n|-boost|p1a: Vivillon|spa|1\n|-boost|p1a: Vivillon|spd|1\n|-boost|p1a: Vivillon|spe|1\n|-curestatus|p2a: Dunsparce|slp|[msg]\n|move|p2a: Dunsparce|Coil|p2a: Dunsparce\n|-boost|p2a: Dunsparce|atk|1\n|-boost|p2a: Dunsparce|def|1\n|-boost|p2a: Dunsparce|accuracy|1\n|\n|upkeep\n|turn|20\n|\n|t:|1782742861\n|move|p1a: Vivillon|Sleep Powder|p2a: Dunsparce\n|-status|p2a: Dunsparce|slp|[from] move: Sleep Powder\n|cant|p2a: Dunsparce|slp\n|\n|upkeep\n|turn|21\n|\n|t:|1782742863\n|move|p1a: Vivillon|Quiver Dance|p1a: Vivillon\n|-boost|p1a: Vivillon|spa|1\n|-boost|p1a: Vivillon|spd|1\n|-boost|p1a: Vivillon|spe|1\n|cant|p2a: Dunsparce|slp\n|\n|upkeep\n|turn|22\n|\n|t:|1782742884\n|move|p1a: Vivillon|Bug Buzz|p2a: Dunsparce\n|-damage|p2a: Dunsparce|164/312 slp\n|cant|p2a: Dunsparce|slp\n|\n|upkeep\n|turn|23\n|\n|t:|1782742890\n|move|p1a: Vivillon|Hurricane|p2a: Dunsparce\n|-damage|p2a: Dunsparce|0 fnt\n|faint|p2a: Dunsparce\n|\n|upkeep\n|\n|t:|1782742890\n|switch|p2a: Calyrex|Calyrex-Ice, L72|263/263\n|-ability|p2a: Calyrex|As One\n|-ability|p2a: Calyrex|Unnerve\n|turn|24\n|\n|t:|1782742900\n|move|p1a: Vivillon|Sleep Powder|p2a: Calyrex\n|-status|p2a: Calyrex|slp|[from] move: Sleep Powder\n|cant|p2a: Calyrex|slp\n|\n|upkeep\n|turn|25\n|\n|t:|1782742908\n|move|p1a: Vivillon|Bug Buzz|p2a: Calyrex\n|-supereffective|p2a: Calyrex\n|-crit|p2a: Calyrex\n|-damage|p2a: Calyrex|0 fnt\n|faint|p2a: Calyrex\n|\n|upkeep\n|\n|t:|1782742908\n|switch|p2a: Rabsca|Rabsca, L91, F|284/284\n|turn|26\n|\n|t:|1782742919\n|move|p1a: Vivillon|Hurricane|p2a: Rabsca\n|-supereffective|p2a: Rabsca\n|-damage|p2a: Rabsca|0 fnt\n|faint|p2a: Rabsca\n|\n|win|Bigdaddyjose\n|raw|Bigdaddyjose's rating: 1133 &rarr; <strong>1154</strong><br />(+21 for winning)\n|raw|testbotcif's rating: 1081 &rarr; <strong>1062</strong><br />(-19 for losing)\n", "inputlog": ">version f8ac14003a5f27e1bdc8d8c59608a773c1cb96e5\n>start {\"formatid\":\"gen9randombattle\",\"seed\":\"sodium,5fbe4ee0e84f0b3ef90fbc7e15735465\",\"rated\":\"Rated battle\"}\n>player p1 {\"name\":\"Bigdaddyjose\",\"avatar\":\"2\",\"rating\":1133,\"seed\":\"sodium,cff71d61c8b138f31f453fdec8aa3f34\"}\n>player p2 {\"name\":\"testbotcif\",\"avatar\":\"266\",\"rating\":1081,\"seed\":\"sodium,47ec18447e3b35761175c9774d3a7a8a\"}\n>chat \u2606testbotcif|rlhf\n>p1 move glare\n>p2 move swordsdance\n>p1 move stoneedge\n>p2 move bitterblade\n>p1 move stoneedge\n>p2 move bitterblade\n>p1 switch 6\n>p1 move uturn\n>p2 move poltergeist\n>p1 switch 5\n>p1 move darkpulse\n>p2 move bitterblade\n>p1 move darkpulse\n>p2 move bitterblade\n>p1 switch 4\n>p1 move shellsmash\n>p2 move poltergeist\n>p1 move hydropump\n>p2 move bitterblade\n>p1 move hydropump\n>p2 move poltergeist\n>p2 switch 6\n>p1 move earthquake\n>p2 move gunkshot\n>p1 switch 2\n>p1 move sleeppowder\n>p2 move gunkshot\n>p1 move quiverdance\n>p2 move coil\n>p1 move hurricane\n>p2 move gunkshot\n>p2 switch 5\n>p1 switch 5\n>p2 move magmastorm\n>p1 move fireblast\n>p2 move earthpower terastallize\n>p1 switch 5\n>p1 move bugbuzz\n>p2 move magmastorm\n>p1 move bugbuzz\n>p2 move magmastorm\n>p2 switch 2\n>p1 move sleeppowder\n>p2 move coil\n>p1 move quiverdance\n>p2 move coil\n>p1 move sleeppowder\n>p2 move bodyslam\n>p1 move quiverdance\n>p2 move coil\n>p1 move bugbuzz\n>p2 move bodyslam\n>p1 move hurricane\n>p2 move roost\n>p2 switch 4\n>p1 move sleeppowder\n>p2 move glaciallance\n>p1 move bugbuzz\n>p2 move glaciallance\n>p2 switch 3\n>p1 move hurricane\n>p2 move psychic", "uploadtime": 1782742919, "views": 6, "formatid": "gen9randombattle", "rating": 1062, "private": 0, "password": null, "player_dets": [{"name": "Bigdaddyjose", "avatar": "2", "rating": 1133, "seed": "sodium,cff71d61c8b138f31f453fdec8aa3f34"}, {"name": "testbotcif", "avatar": "266", "rating": 1081, "seed": "sodium,47ec18447e3b35761175c9774d3a7a8a"}], "teams_full": [{"Sandaconda": {"name": "Sandaconda", "species": "Sandaconda", "speciesId": "sandaconda", "gender": "M", "shiny": false, "level": 84, "moves": ["glare", "earthquake", "coil", "stoneedge"], "ability": "Shed Skin", "evs": {"hp": 85, "atk": 85, "def": 85, "spa": 85, "spd": 85, "spe": 85}, "ivs": {"hp": 31, "atk": 31, "def": 31, "spa": 31, "spd": 31, "spe": 31}, "item": "Leftovers", "teraType": "Steel", "role": "Bulky Setup", "bvs": {"hp": 72, "atk": 107, "def": 125, "spa": 65, "spd": 70, "spe": 71}, "stats": {"hp": 258, "atk": 228, "def": 258, "spa": 157, "spd": 166, "spe": 167}, "types": ["Ground"]}, "Vivillon": {"name": "Vivillon", "species": "Vivillon-Savanna", "speciesId": "vivillon", "gender": "M", "shiny": false, "level": 83, "moves": ["hurricane", "bugbuzz", "sleeppowder", "quiverdance"], "ability": "Compound Eyes", "evs": {"hp": 85, "atk": 0, "def": 85, "spa": 85, "spd": 85, "spe": 85}, "ivs": {"hp": 31, "atk": 0, "def": 31, "spa": 31, "spd": 31, "spe": 31}, "item": "Heavy-Duty Boots", "teraType": "Flying", "role": "Fast Bulky Setup", "bvs": {"hp": 80, "atk": 52, "def": 50, "spa": 90, "spd": 50, "spe": 89}, "stats": {"hp": 268, "atk": 91, "def": 131, "spa": 197, "spd": 131, "spe": 195}, "types": ["Bug", "Flying"]}, "Lycanroc": {"name": "Lycanroc", "species": "Lycanroc-Midnight", "speciesId": "lycanrocmidnight", "gender": "M", "shiny": false, "level": 89, "moves": ["suckerpunch", "stoneedge", "closecombat", "swordsdance"], "ability": "No Guard", "evs": {"hp": 85, "atk": 85, "def": 85, "spa": 85, "spd": 85, "spe": 85}, "ivs": {"hp": 31, "atk": 31, "def": 31, "spa": 31, "spd": 31, "spe": 31}, "item": "Life Orb", "teraType": "Fighting", "role": "Fast Attacker", "bvs": {"hp": 85, "atk": 115, "def": 75, "spa": 55, "spd": 75, "spe": 82}, "stats": {"hp": 296, "atk": 255, "def": 184, "spa": 149, "spd": 184, "spe": 197}, "types": ["Rock"]}, "Blastoise": {"name": "Blastoise", "species": "Blastoise", "speciesId": "blastoise", "gender": "F", "shiny": false, "level": 80, "moves": ["shellsmash", "hydropump", "earthquake", "icebeam"], "ability": "Torrent", "evs": {"hp": 85, "atk": 85, "def": 85, "spa": 85, "spd": 85, "spe": 85}, "ivs": {"hp": 31, "atk": 31, "def": 31, "spa": 31, "spd": 31, "spe": 31}, "item": "White Herb", "teraType": "Water", "role": "Setup Sweeper", "bvs": {"hp": 79, "atk": 83, "def": 100, "spa": 85, "spd": 105, "spe": 78}, "stats": {"hp": 258, "atk": 179, "def": 206, "spa": 182, "spd": 214, "spe": 171}, "types": ["Water"]}, "Terapagos": {"name": "Terapagos", "species": "Terapagos", "speciesId": "terapagos", "gender": "F", "shiny": false, "level": 77, "moves": ["calmmind", "darkpulse", "terastarstorm", "rest"], "ability": "Tera Shift", "evs": {"hp": 85, "atk": 0, "def": 85, "spa": 85, "spd": 85, "spe": 85}, "ivs": {"hp": 31, "atk": 0, "def": 31, "spa": 31, "spd": 31, "spe": 31}, "item": "Chesto Berry", "teraType": "Stellar", "role": "Setup Sweeper", "bvs": {"hp": 90, "atk": 65, "def": 85, "spa": 65, "spd": 85, "spe": 60}, "stats": {"hp": 265, "atk": 105, "def": 175, "spa": 145, "spd": 175, "spe": 137}, "types": ["Normal"]}, "Iron Moth": {"name": "Iron Moth", "species": "Iron Moth", "speciesId": "ironmoth", "gender": "N", "shiny": false, "level": 78, "moves": ["sludgewave", "fireblast", "energyball", "uturn"], "ability": "Quark Drive", "evs": {"hp": 85, "atk": 85, "def": 85, "spa": 85, "spd": 85, "spe": 85}, "ivs": {"hp": 31, "atk": 31, "def": 31, "spa": 31, "spd": 31, "spe": 31}, "item": "Choice Specs", "teraType": "Grass", "role": "Fast Attacker", "bvs": {"hp": 80, "atk": 70, "def": 60, "spa": 140, "spd": 110, "spe": 110}, "stats": {"hp": 253, "atk": 154, "def": 139, "spa": 263, "spd": 217, "spe": 217}, "types": ["Fire", "Poison"]}}, {"Ceruledge": {"name": "Ceruledge", "species": "Ceruledge", "speciesId": "ceruledge", "gender": "M", "shiny": false, "level": 78, "moves": ["swordsdance", "shadowsneak", "poltergeist", "bitterblade"], "ability": "Weak Armor", "evs": {"hp": 85, "atk": 85, "def": 85, "spa": 85, "spd": 85, "spe": 85}, "ivs": {"hp": 31, "atk": 31, "def": 31, "spa": 31, "spd": 31, "spe": 31}, "item": "Heavy-Duty Boots", "teraType": "Fire", "role": "Setup Sweeper", "bvs": {"hp": 75, "atk": 125, "def": 80, "spa": 60, "spd": 100, "spe": 85}, "stats": {"hp": 245, "atk": 240, "def": 170, "spa": 139, "spd": 201, "spe": 178}, "types": ["Fire", "Ghost"]}, "Dunsparce": {"name": "Dunsparce", "species": "Dunsparce", "speciesId": "dunsparce", "gender": "F", "shiny": false, "level": 86, "moves": ["coil", "earthquake", "roost", "bodyslam"], "ability": "Serene Grace", "evs": {"hp": 85, "atk": 85, "def": 85, "spa": 85, "spd": 85, "spe": 85}, "ivs": {"hp": 31, "atk": 31, "def": 31, "spa": 31, "spd": 31, "spe": 31}, "item": "Eviolite", "teraType": "Ground", "role": "Bulky Setup", "bvs": {"hp": 100, "atk": 70, "def": 70, "spa": 65, "spd": 65, "spe": 45}, "stats": {"hp": 312, "atk": 170, "def": 170, "spa": 161, "spd": 161, "spe": 127}, "types": ["Normal"]}, "Rabsca": {"name": "Rabsca", "species": "Rabsca", "speciesId": "rabsca", "gender": "F", "shiny": false, "level": 91, "moves": ["bugbuzz", "revivalblessing", "trickroom", "psychic"], "ability": "Synchronize", "evs": {"hp": 85, "atk": 0, "def": 85, "spa": 85, "spd": 85, "spe": 0}, "ivs": {"hp": 31, "atk": 0, "def": 31, "spa": 31, "spd": 31, "spe": 0}, "item": "Heavy-Duty Boots", "teraType": "Steel", "role": "Wallbreaker", "bvs": {"hp": 75, "atk": 50, "def": 85, "spa": 115, "spd": 100, "spe": 45}, "stats": {"hp": 284, "atk": 96, "def": 207, "spa": 261, "spd": 234, "spe": 86}, "types": ["Bug", "Psychic"]}, "Calyrex": {"name": "Calyrex", "species": "Calyrex-Ice", "speciesId": "calyrexice", "gender": "N", "shiny": false, "level": 72, "moves": ["highhorsepower", "agility", "closecombat", "glaciallance"], "ability": "As One (Glastrier)", "evs": {"hp": 85, "atk": 85, "def": 85, "spa": 85, "spd": 85, "spe": 85}, "ivs": {"hp": 31, "atk": 31, "def": 31, "spa": 31, "spd": 31, "spe": 31}, "item": "Weakness Policy", "teraType": "Fighting", "role": "Bulky Setup", "bvs": {"hp": 100, "atk": 165, "def": 150, "spa": 85, "spd": 130, "spe": 50}, "stats": {"hp": 263, "atk": 280, "def": 258, "spa": 164, "spd": 229, "spe": 114}, "types": ["Psychic", "Ice"]}, "Heatran": {"name": "Heatran", "species": "Heatran", "speciesId": "heatran", "gender": "F", "shiny": false, "level": 79, "moves": ["earthpower", "stealthrock", "heavyslam", "magmastorm"], "ability": "Flash Fire", "evs": {"hp": 85, "atk": 85, "def": 85, "spa": 85, "spd": 85, "spe": 85}, "ivs": {"hp": 31, "atk": 31, "def": 31, "spa": 31, "spd": 31, "spe": 31}, "item": "Air Balloon", "teraType": "Grass", "role": "Bulky Support", "bvs": {"hp": 91, "atk": 90, "def": 106, "spa": 130, "spd": 106, "spe": 77}, "stats": {"hp": 273, "atk": 188, "def": 213, "spa": 251, "spd": 213, "spe": 167}, "types": ["Fire", "Steel"]}, "Arbok": {"name": "Arbok", "species": "Arbok", "speciesId": "arbok", "gender": "F", "shiny": false, "level": 87, "moves": ["coil", "gunkshot", "suckerpunch", "earthquake"], "ability": "Intimidate", "evs": {"hp": 85, "atk": 85, "def": 85, "spa": 85, "spd": 85, "spe": 85}, "ivs": {"hp": 31, "atk": 31, "def": 31, "spa": 31, "spd": 31, "spe": 31}, "item": "Leftovers", "teraType": "Dark", "role": "Bulky Attacker", "bvs": {"hp": 60, "atk": 95, "def": 69, "spa": 65, "spd": 79, "spe": 80}, "stats": {"hp": 246, "atk": 215, "def": 170, "spa": 163, "spd": 187, "spe": 189}, "types": ["Poison"]}}]}