{"id": "gen9randombattle-2641713118", "format": "[Gen 9] Random Battle", "players": ["Lezuza", "TrapKingRD"], "log": "|j|\u2606Lezuza\n|j|\u2606TrapKingRD\n|t:|1782833021\n|gametype|singles\n|player|p1|Lezuza|102|1996\n|player|p2|TrapKingRD|worker|2061\n|gen|9\n|tier|[Gen 9] Random Battle\n|rated|\n|rule|Species Clause: Limit one of each Pok\u00e9mon\n|rule|HP Percentage Mod: HP is shown in percentages\n|rule|Sleep Clause Mod: Limit one foe put to sleep\n|rule|Illusion Level Mod: Illusion disguises the Pok\u00e9mon's true level\n|\n|t:|1782833021\n|teamsize|p1|6\n|teamsize|p2|6\n|start\n|switch|p1a: Scizor|Scizor, L79, F|240/240\n|switch|p2a: Porygon2|Porygon2, L81|270/270\n|-ability|p2a: Porygon2|Download|boost\n|-boost|p2a: Porygon2|spa|1\n|turn|1\n|inactive|Battle timer is ON: inactive players will automatically lose when time's up. (requested by Lezuza)\n|\n|t:|1782833050\n|switch|p2a: Iron Bundle|Iron Bundle, L78|215/215\n|move|p1a: Scizor|Knock Off|p2a: Iron Bundle\n|-damage|p2a: Iron Bundle|129/215\n|-enditem|p2a: Iron Bundle|Heavy-Duty Boots|[from] move: Knock Off|[of] p1a: Scizor\n|-damage|p1a: Scizor|216/240|[from] item: Life Orb\n|\n|upkeep\n|turn|2\n|\n|t:|1782833061\n|switch|p1a: Cryogonal|Cryogonal, L89|287/287\n|move|p2a: Iron Bundle|Hydro Pump|p1a: Cryogonal\n|-damage|p1a: Cryogonal|205/287\n|\n|upkeep\n|turn|3\n|\n|t:|1782833069\n|-end|p2a: Iron Bundle|Quark Drive|[silent]\n|switch|p2a: Porygon2|Porygon2, L81|270/270\n|-ability|p2a: Porygon2|Download|boost\n|-boost|p2a: Porygon2|atk|1\n|move|p1a: Cryogonal|Tera Blast|p2a: Porygon2\n|-damage|p2a: Porygon2|232/270\n|\n|upkeep\n|turn|4\n|\n|t:|1782833073\n|move|p1a: Cryogonal|Ice Beam|p2a: Porygon2\n|-crit|p2a: Porygon2\n|-damage|p2a: Porygon2|123/270\n|move|p2a: Porygon2|Discharge|p1a: Cryogonal\n|-damage|p1a: Cryogonal|170/287\n|\n|upkeep\n|turn|5\n|\n|t:|1782833080\n|switch|p1a: Camerupt|Camerupt, L91, F|275/275\n|move|p2a: Porygon2|Discharge|p1a: Camerupt\n|-immune|p1a: Camerupt\n|\n|upkeep\n|turn|6\n|\n|t:|1782833086\n|switch|p2a: Iron Bundle|Iron Bundle, L78|129/215\n|move|p1a: Camerupt|Stealth Rock|p2a: Iron Bundle\n|-sidestart|p2: TrapKingRD|move: Stealth Rock\n|\n|upkeep\n|turn|7\n|\n|t:|1782833101\n|switch|p1a: Cryogonal|Cryogonal, L89|170/287\n|move|p2a: Iron Bundle|Hydro Pump|p1a: Cryogonal\n|-damage|p1a: Cryogonal|86/287\n|\n|upkeep\n|turn|8\n|\n|t:|1782833105\n|move|p2a: Iron Bundle|Hydro Pump|p1a: Cryogonal\n|-damage|p1a: Cryogonal|0 fnt\n|faint|p1a: Cryogonal\n|\n|upkeep\n|\n|t:|1782833115\n|switch|p1a: Scizor|Scizor, L79, F|216/240\n|turn|9\n|\n|t:|1782833123\n|move|p2a: Iron Bundle|Hydro Pump|p1a: Scizor\n|-damage|p1a: Scizor|84/240\n|move|p1a: Scizor|Swords Dance|p1a: Scizor\n|-boost|p1a: Scizor|atk|2\n|\n|upkeep\n|turn|10\n|\n|t:|1782833129\n|move|p1a: Scizor|Bullet Punch|p2a: Iron Bundle\n|-damage|p2a: Iron Bundle|0 fnt\n|faint|p2a: Iron Bundle\n|-end|p2a: Iron Bundle|Quark Drive|[silent]\n|-damage|p1a: Scizor|60/240|[from] item: Life Orb\n|\n|upkeep\n|inactive|TrapKingRD has 120 seconds left.\n|\n|t:|1782833167\n|switch|p2a: Banette|Banette, L93, F|270/270\n|-damage|p2a: Banette|237/270|[from] Stealth Rock\n|turn|11\n|\n|t:|1782833173\n|switch|p1a: Staraptor|Staraptor, L79, M|263/263\n|move|p2a: Banette|Shadow Sneak|p1a: Staraptor\n|-immune|p1a: Staraptor\n|\n|upkeep\n|turn|12\n|inactive|TrapKingRD has 120 seconds left.\n|inactive|TrapKingRD has 90 seconds left.\n|inactive|TrapKingRD has 60 seconds left.\n|\n|t:|1782833256\n|move|p1a: Staraptor|U-turn|p2a: Banette\n|-resisted|p2a: Banette\n|-damage|p2a: Banette|206/270\n|\n|t:|1782833273\n|switch|p1a: Scizor|Scizor, L79, F|60/240|[from] U-turn\n|move|p2a: Banette|Thunder Wave|p1a: Scizor\n|-status|p1a: Scizor|par\n|\n|upkeep\n|turn|13\n|\n|t:|1782833280\n|move|p2a: Banette|Shadow Sneak|p1a: Scizor\n|-damage|p1a: Scizor|0 fnt\n|faint|p1a: Scizor\n|-damage|p2a: Banette|179/270|[from] item: Life Orb\n|\n|upkeep\n|\n|t:|1782833286\n|switch|p1a: Staraptor|Staraptor, L79, M|263/263\n|turn|14\n|\n|t:|1782833294\n|move|p1a: Staraptor|Brave Bird|p2a: Banette\n|-damage|p2a: Banette|7/270\n|-damage|p1a: Staraptor|206/263|[from] Recoil\n|move|p2a: Banette|Thunder Wave|p1a: Staraptor\n|-status|p1a: Staraptor|par\n|\n|upkeep\n|turn|15\n|\n|t:|1782833299\n|move|p2a: Banette|Gunk Shot|p1a: Staraptor\n|-damage|p1a: Staraptor|18/263 par\n|-damage|p2a: Banette|0 fnt|[from] item: Life Orb\n|faint|p2a: Banette\n|move|p1a: Staraptor|Brave Bird|p2: Banette|[notarget]\n|-fail|p1a: Staraptor\n|\n|upkeep\n|inactive|TrapKingRD has 60 seconds left.\n|inactive|TrapKingRD has 30 seconds left.\n|inactive|TrapKingRD has 20 seconds left.\n|inactive|TrapKingRD has 15 seconds left.\n|\n|t:|1782833374\n|switch|p2a: Virizion|Virizion, L82|283/283\n|-damage|p2a: Virizion|266/283|[from] Stealth Rock\n|turn|16\n|inactive|TrapKingRD has 25 seconds left this turn.\n|\n|t:|1782833384\n|-terastallize|p2a: Virizion|Rock\n|move|p2a: Virizion|Swords Dance|p2a: Virizion\n|-boost|p2a: Virizion|atk|2\n|cant|p1a: Staraptor|par\n|\n|upkeep\n|turn|17\n|inactive|TrapKingRD has 30 seconds left.\n|\n|t:|1782833396\n|move|p2a: Virizion|Leaf Blade|p1a: Staraptor\n|-resisted|p1a: Staraptor\n|-damage|p1a: Staraptor|0 fnt\n|faint|p1a: Staraptor\n|-damage|p2a: Virizion|238/283|[from] item: Life Orb\n|\n|upkeep\n|\n|t:|1782833401\n|switch|p1a: Hydrapple|Hydrapple, L83, F|312/312\n|turn|18\n|inactive|TrapKingRD has 30 seconds left.\n|inactive|TrapKingRD has 20 seconds left.\n|inactive|TrapKingRD has 15 seconds left.\n|\n|t:|1782833429\n|move|p2a: Virizion|Stone Edge|p1a: Hydrapple\n|-damage|p1a: Hydrapple|104/312\n|-damage|p2a: Virizion|210/283|[from] item: Life Orb\n|move|p1a: Hydrapple|Giga Drain|p2a: Virizion\n|-supereffective|p2a: Virizion\n|-damage|p2a: Virizion|23/283\n|-heal|p1a: Hydrapple|198/312|[from] drain|[of] p2a: Virizion\n|-damage|p1a: Hydrapple|167/312|[from] item: Life Orb\n|\n|upkeep\n|turn|19\n|inactive|TrapKingRD has 25 seconds left this turn.\n|inactive|TrapKingRD has 20 seconds left.\n|\n|t:|1782833449\n|move|p2a: Virizion|Close Combat|p1a: Hydrapple\n|-damage|p1a: Hydrapple|0 fnt\n|-unboost|p2a: Virizion|def|1\n|-unboost|p2a: Virizion|spd|1\n|faint|p1a: Hydrapple\n|-damage|p2a: Virizion|0 fnt|[from] item: Life Orb\n|faint|p2a: Virizion\n|\n|upkeep\n|inactive|TrapKingRD has 25 seconds left this turn.\n|inactive|TrapKingRD has 20 seconds left.\n|inactive|TrapKingRD has 15 seconds left.\n|\n|t:|1782833459\n|switch|p2a: Slowking|Slowking, L88, M|310/310\n|switch|p1a: Ceruledge|Ceruledge, L78, M|245/245\n|turn|20\n|inactive|TrapKingRD has 25 seconds left this turn.\n|inactive|TrapKingRD has 20 seconds left.\n|inactive|TrapKingRD has 15 seconds left.\n|inactive|TrapKingRD has 10 seconds left.\n|\n|t:|1782833479\n|move|p1a: Ceruledge|Swords Dance|p1a: Ceruledge\n|-boost|p1a: Ceruledge|atk|2\n|move|p2a: Slowking|Scald|p1a: Ceruledge\n|-supereffective|p1a: Ceruledge\n|-damage|p1a: Ceruledge|51/245\n|\n|upkeep\n|turn|21\n|inactive|TrapKingRD has 20 seconds left this turn.\n|inactive|TrapKingRD has 15 seconds left.\n|\n|t:|1782833485\n|move|p1a: Ceruledge|Poltergeist|p2a: Slowking\n|-activate|p2a: Slowking|move: Poltergeist|Heavy-Duty Boots\n|-supereffective|p2a: Slowking\n|-damage|p2a: Slowking|0 fnt\n|faint|p2a: Slowking\n|\n|upkeep\n|inactive|TrapKingRD has 20 seconds left this turn.\n|inactive|TrapKingRD has 15 seconds left.\n|\n|t:|1782833493\n|switch|p2a: Ariados|Ariados, L95, F|287/287\n|turn|22\n|inactive|TrapKingRD has 25 seconds left this turn.\n|inactive|TrapKingRD has 20 seconds left.\n|inactive|TrapKingRD has 15 seconds left.\n|\n|t:|1782833509\n|switch|p1a: Camerupt|Camerupt, L91, F|275/275\n|move|p2a: Ariados|Sucker Punch||[still]\n|-fail|p2a: Ariados\n|\n|upkeep\n|turn|23\n|inactive|TrapKingRD has 25 seconds left this turn.\n|inactive|TrapKingRD has 20 seconds left.\n|inactive|TrapKingRD has 15 seconds left.\n|\n|t:|1782833520\n|move|p2a: Ariados|Sticky Web|p1a: Camerupt\n|-sidestart|p1: Lezuza|move: Sticky Web\n|move|p1a: Camerupt|Will-O-Wisp|p2a: Ariados\n|-status|p2a: Ariados|brn\n|\n|-damage|p2a: Ariados|270/287 brn|[from] brn\n|upkeep\n|turn|24\n|inactive|TrapKingRD has 25 seconds left this turn.\n|inactive|TrapKingRD has 20 seconds left.\n|\n|t:|1782833527\n|move|p2a: Ariados|Poison Jab|p1a: Camerupt\n|-resisted|p1a: Camerupt\n|-damage|p1a: Camerupt|247/275\n|move|p1a: Camerupt|Earthquake|p2a: Ariados\n|-damage|p2a: Ariados|132/287 brn\n|\n|-heal|p1a: Camerupt|264/275|[from] item: Leftovers\n|-damage|p2a: Ariados|115/287 brn|[from] brn\n|upkeep\n|turn|25\n|inactive|TrapKingRD has 30 seconds left this turn.\n|\n|t:|1782833531\n|move|p2a: Ariados|Poison Jab|p1a: Camerupt\n|-resisted|p1a: Camerupt\n|-damage|p1a: Camerupt|235/275\n|move|p1a: Camerupt|Earthquake|p2a: Ariados\n|-damage|p2a: Ariados|0 fnt\n|faint|p2a: Ariados\n|\n|-heal|p1a: Camerupt|252/275|[from] item: Leftovers\n|upkeep\n|\n|t:|1782833533\n|switch|p2a: Porygon2|Porygon2, L81|123/270\n|-damage|p2a: Porygon2|90/270|[from] Stealth Rock\n|-ability|p2a: Porygon2|Download|boost\n|-boost|p2a: Porygon2|atk|1\n|turn|26\n|\n|t:|1782833539\n|move|p2a: Porygon2|Recover|p2a: Porygon2\n|-heal|p2a: Porygon2|225/270\n|move|p1a: Camerupt|Will-O-Wisp|p2a: Porygon2|[miss]\n|-miss|p1a: Camerupt|p2a: Porygon2\n|\n|-heal|p1a: Camerupt|269/275|[from] item: Leftovers\n|upkeep\n|turn|27\n|\n|t:|1782833544\n|move|p2a: Porygon2|Tri Attack|p1a: Camerupt\n|-damage|p1a: Camerupt|176/275\n|move|p1a: Camerupt|Will-O-Wisp|p2a: Porygon2\n|-status|p2a: Porygon2|brn\n|\n|-heal|p1a: Camerupt|193/275|[from] item: Leftovers\n|-damage|p2a: Porygon2|209/270 brn|[from] brn\n|upkeep\n|turn|28\n|\n|t:|1782833549\n|move|p2a: Porygon2|Tri Attack|p1a: Camerupt\n|-damage|p1a: Camerupt|108/275\n|move|p1a: Camerupt|Earthquake|p2a: Porygon2\n|-damage|p2a: Porygon2|122/270 brn\n|\n|-heal|p1a: Camerupt|125/275|[from] item: Leftovers\n|-damage|p2a: Porygon2|106/270 brn|[from] brn\n|upkeep\n|turn|29\n|\n|t:|1782833553\n|move|p2a: Porygon2|Recover|p2a: Porygon2\n|-heal|p2a: Porygon2|241/270 brn\n|move|p1a: Camerupt|Overheat|p2a: Porygon2\n|-damage|p2a: Porygon2|126/270 brn\n|-unboost|p1a: Camerupt|spa|2\n|\n|-heal|p1a: Camerupt|142/275|[from] item: Leftovers\n|-damage|p2a: Porygon2|110/270 brn|[from] brn\n|upkeep\n|turn|30\n|\n|t:|1782833556\n|move|p2a: Porygon2|Recover|p2a: Porygon2\n|-heal|p2a: Porygon2|245/270 brn\n|move|p1a: Camerupt|Earthquake|p2a: Porygon2\n|-damage|p2a: Porygon2|164/270 brn\n|\n|-heal|p1a: Camerupt|159/275|[from] item: Leftovers\n|-damage|p2a: Porygon2|148/270 brn|[from] brn\n|upkeep\n|turn|31\n|\n|t:|1782833558\n|move|p2a: Porygon2|Recover|p2a: Porygon2\n|-heal|p2a: Porygon2|270/270 brn\n|move|p1a: Camerupt|Earthquake|p2a: Porygon2\n|-damage|p2a: Porygon2|179/270 brn\n|\n|-heal|p1a: Camerupt|176/275|[from] item: Leftovers\n|-damage|p2a: Porygon2|163/270 brn|[from] brn\n|upkeep\n|turn|32\n|\n|t:|1782833563\n|move|p2a: Porygon2|Tri Attack|p1a: Camerupt\n|-damage|p1a: Camerupt|83/275\n|-status|p1a: Camerupt|frz\n|cant|p1a: Camerupt|frz\n|\n|-heal|p1a: Camerupt|100/275 frz|[from] item: Leftovers\n|-damage|p2a: Porygon2|147/270 brn|[from] brn\n|upkeep\n|turn|33\n|\n|t:|1782833569\n|move|p2a: Porygon2|Tri Attack|p1a: Camerupt\n|-damage|p1a: Camerupt|6/275 frz\n|cant|p1a: Camerupt|frz\n|\n|-heal|p1a: Camerupt|23/275 frz|[from] item: Leftovers\n|-damage|p2a: Porygon2|131/270 brn|[from] brn\n|upkeep\n|turn|34\n|\n|t:|1782833574\n|move|p2a: Porygon2|Recover|p2a: Porygon2\n|-heal|p2a: Porygon2|266/270 brn\n|-curestatus|p1a: Camerupt|frz|[msg]\n|move|p1a: Camerupt|Earthquake|p2a: Porygon2\n|-damage|p2a: Porygon2|181/270 brn\n|\n|-heal|p1a: Camerupt|40/275|[from] item: Leftovers\n|-damage|p2a: Porygon2|165/270 brn|[from] brn\n|upkeep\n|turn|35\n|\n|t:|1782833579\n|move|p2a: Porygon2|Tri Attack|p1a: Camerupt\n|-damage|p1a: Camerupt|0 fnt\n|faint|p1a: Camerupt\n|\n|-damage|p2a: Porygon2|149/270 brn|[from] brn\n|upkeep\n|\n|t:|1782833581\n|switch|p1a: Ceruledge|Ceruledge, L78, M|51/245\n|turn|36\n|\n|t:|1782833584\n|-terastallize|p1a: Ceruledge|Fighting\n|move|p1a: Ceruledge|Close Combat|p2a: Porygon2\n|-supereffective|p2a: Porygon2\n|-damage|p2a: Porygon2|0 fnt\n|-unboost|p1a: Ceruledge|def|1\n|-unboost|p1a: Ceruledge|spd|1\n|faint|p2a: Porygon2\n|\n|win|Lezuza\n", "inputlog": ">version f8ac14003a5f27e1bdc8d8c59608a773c1cb96e5\n>start {\"formatid\":\"gen9randombattle\",\"seed\":\"sodium,d01812524cfb344ee4f41d3c44ec10b4\",\"rated\":\"Rated battle\"}\n>player p1 {\"name\":\"Lezuza\",\"avatar\":\"102\",\"rating\":1996,\"seed\":\"sodium,387b8d0699d4750cd7baf7f9c9366b21\"}\n>player p2 {\"name\":\"TrapKingRD\",\"avatar\":\"worker\",\"rating\":2061,\"seed\":\"sodium,60cc59191d99ce850dc5df3ca6e6b95d\"}\n>p1 move knockoff\n>p2 switch 4\n>p1 switch 2\n>p2 move hydropump\n>p1 move terablast\n>p2 switch 4\n>p1 move icebeam\n>p2 move discharge\n>p1 switch 6\n>p2 move discharge\n>p1 move stealthrock\n>p2 switch 4\n>p1 switch 6\n>p2 move hydropump\n>p1 move recover\n>p2 move hydropump\n>p1 switch 2\n>p1 move swordsdance\n>p2 move hydropump\n>p1 move bulletpunch\n>p2 move hydropump\n>p2 switch 6\n>p1 switch 5\n>p2 move shadowsneak\n>p1 move uturn\n>p2 move thunderwave\n>p1 switch 5\n>p1 move bulletpunch\n>p2 move shadowsneak\n>p1 switch 5\n>p1 move bravebird\n>p2 move thunderwave\n>p1 move bravebird\n>p2 move gunkshot\n>p2 switch 2\n>p1 move bravebird\n>p2 move swordsdance terastallize\n>p1 move bravebird\n>p2 move leafblade\n>p1 switch 4\n>p1 move gigadrain\n>p2 move stoneedge\n>p1 move gigadrain\n>p2 move closecombat\n>p1 switch 3\n>p2 switch 5\n>p1 move swordsdance\n>p2 move scald\n>p1 move poltergeist\n>p2 move scald\n>p2 switch 3\n>p1 switch 6\n>p2 move suckerpunch\n>p1 move willowisp\n>p2 move stickyweb\n>p1 move earthquake\n>p2 move poisonjab\n>p1 move earthquake\n>p2 move poisonjab\n>p2 switch 4\n>p1 move willowisp\n>p2 move recover\n>p1 move willowisp\n>p2 move triattack\n>p1 move earthquake\n>p2 move triattack\n>p1 move overheat\n>p2 move recover\n>p1 move earthquake\n>p2 move recover\n>p1 move earthquake\n>p2 move recover\n>p1 move earthquake\n>p2 move triattack\n>p1 move earthquake\n>p2 move triattack\n>p1 move earthquake\n>p2 move recover\n>p1 move earthquake\n>p2 move triattack\n>p1 switch 6\n>p1 move closecombat terastallize\n>p2 move discharge", "uploadtime": 1782833023, "views": 3, "formatid": "gen9randombattle", "rating": null, "private": 0, "password": null, "player_dets": [{"name": "Lezuza", "avatar": "102", "rating": 1996, "seed": "sodium,387b8d0699d4750cd7baf7f9c9366b21"}, {"name": "TrapKingRD", "avatar": "worker", "rating": 2061, "seed": "sodium,60cc59191d99ce850dc5df3ca6e6b95d"}], "teams_full": [{"Scizor": {"name": "Scizor", "species": "Scizor", "speciesId": "scizor", "gender": "F", "shiny": false, "level": 79, "moves": ["knockoff", "bugbite", "swordsdance", "bulletpunch"], "ability": "Technician", "evs": {"hp": 85, "atk": 85, "def": 85, "spa": 85, "spd": 85, "spe": 85}, "ivs": {"hp": 31, "atk": 31, "def": 31, "spa": 31, "spd": 31, "spe": 31}, "item": "Life Orb", "teraType": "Steel", "role": "Setup Sweeper", "bvs": {"hp": 70, "atk": 130, "def": 100, "spa": 55, "spd": 80, "spe": 65}, "stats": {"hp": 240, "atk": 251, "def": 204, "spa": 132, "spd": 172, "spe": 148}, "types": ["Bug", "Steel"]}, "Cryogonal": {"name": "Cryogonal", "species": "Cryogonal", "speciesId": "cryogonal", "gender": "N", "shiny": false, "level": 89, "moves": ["recover", "terablast", "icebeam", "rapidspin"], "ability": "Levitate", "evs": {"hp": 85, "atk": 85, "def": 85, "spa": 85, "spd": 85, "spe": 85}, "ivs": {"hp": 31, "atk": 31, "def": 31, "spa": 31, "spd": 31, "spe": 31}, "item": "Heavy-Duty Boots", "teraType": "Electric", "role": "Tera Blast user", "bvs": {"hp": 80, "atk": 50, "def": 50, "spa": 95, "spd": 135, "spe": 105}, "stats": {"hp": 287, "atk": 140, "def": 140, "spa": 220, "spd": 291, "spe": 238}, "types": ["Ice"]}, "Ceruledge": {"name": "Ceruledge", "species": "Ceruledge", "speciesId": "ceruledge", "gender": "M", "shiny": false, "level": 78, "moves": ["poltergeist", "bitterblade", "swordsdance", "closecombat"], "ability": "Weak Armor", "evs": {"hp": 85, "atk": 85, "def": 85, "spa": 85, "spd": 85, "spe": 85}, "ivs": {"hp": 31, "atk": 31, "def": 31, "spa": 31, "spd": 31, "spe": 31}, "item": "Heavy-Duty Boots", "teraType": "Fighting", "role": "Setup Sweeper", "bvs": {"hp": 75, "atk": 125, "def": 80, "spa": 60, "spd": 100, "spe": 85}, "stats": {"hp": 245, "atk": 240, "def": 170, "spa": 139, "spd": 201, "spe": 178}, "types": ["Fire", "Ghost"]}, "Hydrapple": {"name": "Hydrapple", "species": "Hydrapple", "speciesId": "hydrapple", "gender": "F", "shiny": false, "level": 83, "moves": ["earthpower", "ficklebeam", "gigadrain", "nastyplot"], "ability": "Regenerator", "evs": {"hp": 85, "atk": 0, "def": 85, "spa": 85, "spd": 85, "spe": 85}, "ivs": {"hp": 31, "atk": 0, "def": 31, "spa": 31, "spd": 31, "spe": 31}, "item": "Life Orb", "teraType": "Steel", "role": "Fast Bulky Setup", "bvs": {"hp": 106, "atk": 80, "def": 110, "spa": 120, "spd": 80, "spe": 44}, "stats": {"hp": 312, "atk": 137, "def": 230, "spa": 247, "spd": 180, "spe": 121}, "types": ["Grass", "Dragon"]}, "Staraptor": {"name": "Staraptor", "species": "Staraptor", "speciesId": "staraptor", "gender": "M", "shiny": false, "level": 79, "moves": ["bravebird", "closecombat", "uturn", "doubleedge"], "ability": "Reckless", "evs": {"hp": 81, "atk": 85, "def": 85, "spa": 85, "spd": 85, "spe": 85}, "ivs": {"hp": 31, "atk": 31, "def": 31, "spa": 31, "spd": 31, "spe": 31}, "item": "Choice Scarf", "teraType": "Fighting", "role": "Fast Attacker", "bvs": {"hp": 85, "atk": 120, "def": 70, "spa": 50, "spd": 60, "spe": 100}, "stats": {"hp": 263, "atk": 235, "def": 156, "spa": 125, "spd": 140, "spe": 204}, "types": ["Normal", "Flying"]}, "Camerupt": {"name": "Camerupt", "species": "Camerupt", "speciesId": "camerupt", "gender": "F", "shiny": false, "level": 91, "moves": ["earthquake", "overheat", "stealthrock", "willowisp"], "ability": "Solid Rock", "evs": {"hp": 85, "atk": 85, "def": 85, "spa": 85, "spd": 85, "spe": 85}, "ivs": {"hp": 31, "atk": 31, "def": 31, "spa": 31, "spd": 31, "spe": 31}, "item": "Leftovers", "teraType": "Water", "role": "Bulky Support", "bvs": {"hp": 70, "atk": 100, "def": 70, "spa": 105, "spd": 75, "spe": 40}, "stats": {"hp": 275, "atk": 234, "def": 179, "spa": 243, "spd": 188, "spe": 125}, "types": ["Fire", "Ground"]}}, {"Porygon2": {"name": "Porygon2", "species": "Porygon2", "speciesId": "porygon2", "gender": "N", "shiny": false, "level": 81, "moves": ["discharge", "icebeam", "triattack", "recover"], "ability": "Download", "evs": {"hp": 85, "atk": 0, "def": 85, "spa": 85, "spd": 85, "spe": 85}, "ivs": {"hp": 31, "atk": 0, "def": 31, "spa": 31, "spd": 31, "spe": 31}, "item": "Eviolite", "teraType": "Electric", "role": "Bulky Support", "bvs": {"hp": 85, "atk": 80, "def": 90, "spa": 105, "spd": 95, "spe": 60}, "stats": {"hp": 270, "atk": 134, "def": 192, "spa": 217, "spd": 201, "spe": 144}, "types": ["Normal"]}, "Virizion": {"name": "Virizion", "species": "Virizion", "speciesId": "virizion", "gender": "N", "shiny": false, "level": 82, "moves": ["swordsdance", "leafblade", "stoneedge", "closecombat"], "ability": "Justified", "evs": {"hp": 85, "atk": 85, "def": 85, "spa": 85, "spd": 85, "spe": 85}, "ivs": {"hp": 31, "atk": 31, "def": 31, "spa": 31, "spd": 31, "spe": 31}, "item": "Life Orb", "teraType": "Rock", "role": "Setup Sweeper", "bvs": {"hp": 91, "atk": 90, "def": 72, "spa": 90, "spd": 129, "spe": 108}, "stats": {"hp": 283, "atk": 195, "def": 165, "spa": 195, "spd": 259, "spe": 224}, "types": ["Grass", "Fighting"]}, "Ariados": {"name": "Ariados", "species": "Ariados", "speciesId": "ariados", "gender": "F", "shiny": false, "level": 95, "moves": ["megahorn", "stickyweb", "poisonjab", "suckerpunch"], "ability": "Swarm", "evs": {"hp": 85, "atk": 85, "def": 85, "spa": 85, "spd": 85, "spe": 85}, "ivs": {"hp": 31, "atk": 31, "def": 31, "spa": 31, "spd": 31, "spe": 31}, "item": "Heavy-Duty Boots", "teraType": "Ghost", "role": "Fast Support", "bvs": {"hp": 70, "atk": 90, "def": 70, "spa": 60, "spd": 70, "spe": 40}, "stats": {"hp": 287, "atk": 225, "def": 187, "spa": 168, "spd": 187, "spe": 130}, "types": ["Bug", "Poison"]}, "Iron Bundle": {"name": "Iron Bundle", "species": "Iron Bundle", "speciesId": "ironbundle", "gender": "N", "shiny": false, "level": 78, "moves": ["encore", "freezedry", "hydropump", "icebeam"], "ability": "Quark Drive", "evs": {"hp": 85, "atk": 0, "def": 85, "spa": 85, "spd": 85, "spe": 85}, "ivs": {"hp": 31, "atk": 0, "def": 31, "spa": 31, "spd": 31, "spe": 31}, "item": "Heavy-Duty Boots", "teraType": "Water", "role": "Fast Attacker", "bvs": {"hp": 56, "atk": 80, "def": 114, "spa": 124, "spd": 60, "spe": 136}, "stats": {"hp": 215, "atk": 129, "def": 223, "spa": 239, "spd": 139, "spe": 257}, "types": ["Ice", "Water"]}, "Slowking": {"name": "Slowking", "species": "Slowking", "speciesId": "slowking", "gender": "M", "shiny": false, "level": 88, "moves": ["slackoff", "futuresight", "chillyreception", "scald"], "ability": "Regenerator", "evs": {"hp": 85, "atk": 0, "def": 85, "spa": 85, "spd": 85, "spe": 85}, "ivs": {"hp": 31, "atk": 0, "def": 31, "spa": 31, "spd": 31, "spe": 31}, "item": "Heavy-Duty Boots", "teraType": "Dragon", "role": "Fast Support", "bvs": {"hp": 95, "atk": 75, "def": 80, "spa": 100, "spd": 110, "spe": 30}, "stats": {"hp": 310, "atk": 137, "def": 191, "spa": 226, "spd": 244, "spe": 103}, "types": ["Water", "Psychic"]}, "Banette": {"name": "Banette", "species": "Banette", "speciesId": "banette", "gender": "F", "shiny": false, "level": 93, "moves": ["shadowsneak", "thunderwave", "gunkshot", "poltergeist"], "ability": "Cursed Body", "evs": {"hp": 85, "atk": 85, "def": 85, "spa": 85, "spd": 85, "spe": 85}, "ivs": {"hp": 31, "atk": 31, "def": 31, "spa": 31, "spd": 31, "spe": 31}, "item": "Life Orb", "teraType": "Ghost", "role": "Wallbreaker", "bvs": {"hp": 64, "atk": 115, "def": 65, "spa": 83, "spd": 63, "spe": 65}, "stats": {"hp": 270, "atk": 267, "def": 174, "spa": 207, "spd": 170, "spe": 174}, "types": ["Ghost"]}}]}