{"id": "gen9randombattle-2641507839", "format": "[Gen 9] Random Battle", "players": ["Eddygee123", "mahomesthegoat"], "log": "|j|\u2606Eddygee123\n|j|\u2606mahomesthegoat\n|t:|1782796926\n|gametype|singles\n|player|p1|Eddygee123|101|2133\n|player|p2|mahomesthegoat|102|2151\n|gen|9\n|tier|[Gen 9] Random Battle\n|rated|\n|rule|Species Clause: Limit one of each Pok\u00e9mon\n|rule|HP Percentage Mod: HP is shown in percentages\n|rule|Sleep Clause Mod: Limit one foe put to sleep\n|rule|Illusion Level Mod: Illusion disguises the Pok\u00e9mon's true level\n|\n|t:|1782796926\n|teamsize|p1|6\n|teamsize|p2|6\n|start\n|switch|p1a: Raikou|Raikou, L81|278/278\n|switch|p2a: Necrozma|Necrozma-Dusk-Mane, L69|248/248\n|-ability|p1a: Raikou|Pressure\n|turn|1\n|\n|t:|1782796959\n|switch|p2a: Sableye|Sableye, L88, F|231/231\n|move|p1a: Raikou|Scald|p2a: Sableye\n|-damage|p2a: Sableye|159/231\n|\n|-heal|p2a: Sableye|173/231|[from] item: Leftovers\n|upkeep\n|turn|2\n|\n|t:|1782796977\n|switch|p1a: Zarude|Zarude-Dada, L77|288/288\n|move|p2a: Sableye|Knock Off|p1a: Zarude\n|-resisted|p1a: Zarude\n|-damage|p1a: Zarude|244/288\n|-enditem|p1a: Zarude|Life Orb|[from] move: Knock Off|[of] p2a: Sableye\n|\n|-heal|p2a: Sableye|187/231|[from] item: Leftovers\n|upkeep\n|turn|3\n|\n|t:|1782796988\n|switch|p2a: Incineroar|Incineroar, L82, M|290/290\n|-ability|p2a: Incineroar|Intimidate|boost\n|-unboost|p1a: Zarude|atk|1\n|move|p1a: Zarude|Swords Dance|p1a: Zarude\n|-boost|p1a: Zarude|atk|2\n|\n|upkeep\n|turn|4\n|\n|t:|1782797054\n|switch|p1a: Volcanion|Volcanion, L79|255/255\n|switch|p2a: Tentacruel|Tentacruel, L84, F|272/272\n|\n|upkeep\n|turn|5\n|\n|t:|1782797067\n|move|p2a: Tentacruel|Toxic|p1a: Volcanion\n|-status|p1a: Volcanion|tox\n|move|p1a: Volcanion|Earth Power|p2a: Tentacruel\n|-supereffective|p2a: Tentacruel\n|-damage|p2a: Tentacruel|170/272\n|\n|-heal|p2a: Tentacruel|187/272|[from] item: Leftovers\n|-damage|p1a: Volcanion|240/255 tox|[from] psn\n|upkeep\n|turn|6\n|\n|t:|1782797081\n|switch|p2a: Sableye|Sableye, L88, F|187/231\n|move|p1a: Volcanion|Steam Eruption|p2a: Sableye\n|-damage|p2a: Sableye|31/231\n|\n|-heal|p2a: Sableye|45/231|[from] item: Leftovers\n|-damage|p1a: Volcanion|210/255 tox|[from] psn\n|upkeep\n|turn|7\n|\n|t:|1782797099\n|switch|p2a: Tentacruel|Tentacruel, L84, F|187/272\n|move|p1a: Volcanion|Steam Eruption|p2a: Tentacruel\n|-resisted|p2a: Tentacruel\n|-damage|p2a: Tentacruel|136/272\n|\n|-heal|p2a: Tentacruel|153/272|[from] item: Leftovers\n|-damage|p1a: Volcanion|165/255 tox|[from] psn\n|upkeep\n|turn|8\n|\n|t:|1782797125\n|move|p2a: Tentacruel|Sludge Bomb|p1a: Volcanion\n|-damage|p1a: Volcanion|102/255 tox\n|move|p1a: Volcanion|Earth Power|p2a: Tentacruel\n|-supereffective|p2a: Tentacruel\n|-damage|p2a: Tentacruel|45/272\n|\n|-heal|p2a: Tentacruel|62/272|[from] item: Leftovers\n|-damage|p1a: Volcanion|42/255 tox|[from] psn\n|upkeep\n|turn|9\n|\n|t:|1782797135\n|move|p2a: Tentacruel|Sludge Bomb|p1a: Volcanion\n|-damage|p1a: Volcanion|0 fnt\n|faint|p1a: Volcanion\n|\n|-heal|p2a: Tentacruel|79/272|[from] item: Leftovers\n|upkeep\n|\n|t:|1782797141\n|switch|p1a: Raikou|Raikou, L81|278/278\n|-ability|p1a: Raikou|Pressure\n|turn|10\n|\n|t:|1782797149\n|switch|p2a: Donphan|Donphan, L84, M|288/288\n|move|p1a: Raikou|Thunderbolt|p2a: Donphan\n|-immune|p2a: Donphan\n|\n|upkeep\n|turn|11\n|\n|t:|1782797174\n|switch|p1a: Zarude|Zarude-Dada, L77|244/288\n|move|p2a: Donphan|Stealth Rock|p1a: Zarude\n|-sidestart|p1: Eddygee123|move: Stealth Rock\n|\n|upkeep\n|turn|12\n|\n|t:|1782797183\n|switch|p2a: Incineroar|Incineroar, L82, M|290/290\n|-ability|p2a: Incineroar|Intimidate|boost\n|-unboost|p1a: Zarude|atk|1\n|move|p1a: Zarude|Power Whip|p2a: Incineroar\n|-resisted|p2a: Incineroar\n|-damage|p2a: Incineroar|249/290\n|\n|upkeep\n|turn|13\n|\n|t:|1782797193\n|switch|p1a: Garchomp|Garchomp, L74, F|282/282\n|-damage|p1a: Garchomp|265/282|[from] Stealth Rock\n|move|p2a: Incineroar|Flare Blitz|p1a: Garchomp\n|-resisted|p1a: Garchomp\n|-damage|p1a: Garchomp|194/282\n|-damage|p2a: Incineroar|213/290|[from] ability: Rough Skin|[of] p1a: Garchomp\n|-damage|p2a: Incineroar|165/290|[from] item: Rocky Helmet|[of] p1a: Garchomp\n|-damage|p2a: Incineroar|142/290|[from] Recoil\n|\n|upkeep\n|turn|14\n|\n|t:|1782797204\n|move|p1a: Garchomp|Spikes|p2a: Incineroar\n|-sidestart|p2: mahomesthegoat|Spikes\n|move|p2a: Incineroar|Parting Shot|p1a: Garchomp\n|-unboost|p1a: Garchomp|atk|1\n|-unboost|p1a: Garchomp|spa|1\n|\n|t:|1782797238\n|switch|p2a: Sableye|Sableye, L88, F|45/231|[from] Parting Shot\n|-damage|p2a: Sableye|17/231|[from] Spikes\n|\n|-heal|p2a: Sableye|31/231|[from] item: Leftovers\n|upkeep\n|turn|15\n|\n|t:|1782797259\n|switch|p1a: Zarude|Zarude-Dada, L77|244/288\n|-damage|p1a: Zarude|208/288|[from] Stealth Rock\n|move|p2a: Sableye|Recover|p2a: Sableye\n|-heal|p2a: Sableye|147/231\n|\n|-heal|p2a: Sableye|161/231|[from] item: Leftovers\n|upkeep\n|turn|16\n|\n|t:|1782797286\n|switch|p2a: Tentacruel|Tentacruel, L84, F|79/272\n|-damage|p2a: Tentacruel|45/272|[from] Spikes\n|move|p1a: Zarude|Knock Off|p2a: Tentacruel\n|-damage|p2a: Tentacruel|0 fnt\n|-enditem|p2a: Tentacruel|Leftovers|[from] move: Knock Off|[of] p1a: Zarude\n|faint|p2a: Tentacruel\n|\n|upkeep\n|\n|t:|1782797294\n|switch|p2a: Incineroar|Incineroar, L82, M|142/290\n|-ability|p2a: Incineroar|Intimidate|boost\n|-unboost|p1a: Zarude|atk|1\n|turn|17\n|\n|t:|1782797303\n|switch|p1a: Garchomp|Garchomp, L74, F|194/282\n|-damage|p1a: Garchomp|177/282|[from] Stealth Rock\n|move|p2a: Incineroar|Parting Shot|p1a: Garchomp\n|-unboost|p1a: Garchomp|atk|1\n|-unboost|p1a: Garchomp|spa|1\n|\n|t:|1782797350\n|switch|p2a: Necrozma|Necrozma-Dusk-Mane, L69|248/248|[from] Parting Shot\n|-damage|p2a: Necrozma|217/248|[from] Spikes\n|\n|upkeep\n|turn|18\n|\n|t:|1782797403\n|switch|p1a: Duraludon|Duraludon, L82, M|249/249\n|-damage|p1a: Duraludon|234/249|[from] Stealth Rock\n|move|p2a: Necrozma|Dragon Dance|p2a: Necrozma\n|-boost|p2a: Necrozma|atk|1\n|-boost|p2a: Necrozma|spe|1\n|\n|upkeep\n|turn|19\n|\n|t:|1782797441\n|switch|p2a: Sableye|Sableye, L88, F|161/231\n|-damage|p2a: Sableye|133/231|[from] Spikes\n|move|p1a: Duraludon|Iron Defense|p1a: Duraludon\n|-boost|p1a: Duraludon|def|2\n|\n|-heal|p2a: Sableye|147/231|[from] item: Leftovers\n|upkeep\n|turn|20\n|\n|t:|1782797462\n|switch|p1a: Garchomp|Garchomp, L74, F|177/282\n|-damage|p1a: Garchomp|160/282|[from] Stealth Rock\n|move|p2a: Sableye|Recover|p2a: Sableye\n|-heal|p2a: Sableye|231/231\n|\n|upkeep\n|turn|21\n|\n|t:|1782797471\n|move|p2a: Sableye|Will-O-Wisp|p1a: Garchomp\n|-status|p1a: Garchomp|brn\n|move|p1a: Garchomp|Earthquake|p2a: Sableye\n|-damage|p2a: Sableye|174/231\n|\n|-heal|p2a: Sableye|188/231|[from] item: Leftovers\n|-damage|p1a: Garchomp|143/282 brn|[from] brn\n|upkeep\n|turn|22\n|\n|t:|1782797484\n|move|p2a: Sableye|Encore|p1a: Garchomp\n|-start|p1a: Garchomp|Encore\n|move|p1a: Garchomp|Earthquake|p2a: Sableye\n|-damage|p2a: Sableye|131/231\n|\n|-heal|p2a: Sableye|145/231|[from] item: Leftovers\n|-damage|p1a: Garchomp|126/282 brn|[from] brn\n|upkeep\n|turn|23\n|\n|t:|1782797524\n|switch|p1a: Zarude|Zarude-Dada, L77|208/288\n|-damage|p1a: Zarude|172/288|[from] Stealth Rock\n|move|p2a: Sableye|Recover|p2a: Sableye\n|-heal|p2a: Sableye|231/231\n|\n|upkeep\n|turn|24\n|\n|t:|1782797542\n|switch|p2a: Incineroar|Incineroar, L82, M|142/290\n|-ability|p2a: Incineroar|Intimidate|boost\n|-unboost|p1a: Zarude|atk|1\n|move|p1a: Zarude|Swords Dance|p1a: Zarude\n|-boost|p1a: Zarude|atk|2\n|\n|upkeep\n|turn|25\n|\n|t:|1782797576\n|move|p1a: Zarude|Close Combat|p2a: Incineroar\n|-supereffective|p2a: Incineroar\n|-damage|p2a: Incineroar|0 fnt\n|-unboost|p1a: Zarude|def|1\n|-unboost|p1a: Zarude|spd|1\n|faint|p2a: Incineroar\n|\n|upkeep\n|\n|t:|1782797596\n|switch|p2a: Cloyster|Cloyster, L80, M|211/211\n|-damage|p2a: Cloyster|185/211|[from] Spikes\n|turn|26\n|\n|t:|1782797654\n|move|p1a: Zarude|Power Whip|p2a: Cloyster\n|-supereffective|p2a: Cloyster\n|-damage|p2a: Cloyster|0 fnt\n|faint|p2a: Cloyster\n|\n|upkeep\n|\n|t:|1782797706\n|switch|p2a: Necrozma|Necrozma-Dusk-Mane, L69|217/248\n|-damage|p2a: Necrozma|186/248|[from] Spikes\n|turn|27\n|\n|t:|1782797719\n|move|p1a: Zarude|Knock Off|p2a: Necrozma\n|-supereffective|p2a: Necrozma\n|-damage|p2a: Necrozma|0 fnt\n|-enditem|p2a: Necrozma|Weakness Policy|[from] move: Knock Off|[of] p1a: Zarude\n|faint|p2a: Necrozma\n|\n|upkeep\n|-message|mahomesthegoat forfeited.\n|\n|win|Eddygee123\n", "inputlog": ">version f8ac14003a5f27e1bdc8d8c59608a773c1cb96e5\n>start {\"formatid\":\"gen9randombattle\",\"seed\":\"sodium,579e3d873af73107d0da7783bc134bc5\",\"rated\":\"Rated battle\"}\n>player p1 {\"name\":\"Eddygee123\",\"avatar\":\"101\",\"rating\":2133,\"seed\":\"sodium,cfd61b880db0a2aa18790546e15b9b80\"}\n>player p2 {\"name\":\"mahomesthegoat\",\"avatar\":\"102\",\"rating\":2151,\"seed\":\"sodium,6759a84ba311be195d62e6f0e7956a43\"}\n>p1 move scald\n>p2 switch 5\n>p1 switch 3\n>p2 move knockoff\n>p1 move swordsdance\n>p2 switch 2\n>p1 switch 4\n>p2 switch 3\n>p1 move earthpower\n>p2 move toxic\n>p1 move steameruption\n>p2 switch 2\n>p1 move steameruption\n>p2 switch 2\n>p1 move earthpower\n>p2 move sludgebomb\n>p1 move earthpower\n>p2 move sludgebomb\n>p1 switch 3\n>p1 move thunderbolt\n>p2 switch 4\n>p1 switch 4\n>p2 move stealthrock\n>p1 move powerwhip\n>p2 switch 3\n>p1 switch 2\n>p2 move flareblitz\n>p1 move spikes\n>p2 move partingshot\n>p2 switch 2\n>p1 switch 2\n>p2 move recover\n>p1 move knockoff\n>p2 switch 4\n>p2 switch 2\n>p1 switch 2\n>p2 move partingshot\n>p2 switch 5\n>p1 switch 5\n>p2 move dragondance\n>p1 move irondefense\n>p2 switch 4\n>p1 switch 5\n>p2 move recover\n>p1 move earthquake\n>p2 move willowisp\n>p1 move stealthrock\n>p2 move encore\n>p1 switch 2\n>p2 move recover\n>p1 move swordsdance\n>p2 switch 5\n>p1 move closecombat\n>p2 move flareblitz\n>p2 switch 6\n>p1 move powerwhip\n>p2 move shellsmash\n>p2 switch 4\n>p1 move knockoff\n>p2 move dragondance\n>forcelose p2", "uploadtime": 1782796928, "views": 4, "formatid": "gen9randombattle", "rating": null, "private": 0, "password": null, "player_dets": [{"name": "Eddygee123", "avatar": "101", "rating": 2133, "seed": "sodium,cfd61b880db0a2aa18790546e15b9b80"}, {"name": "mahomesthegoat", "avatar": "102", "rating": 2151, "seed": "sodium,6759a84ba311be195d62e6f0e7956a43"}], "teams_full": [{"Raikou": {"name": "Raikou", "species": "Raikou", "speciesId": "raikou", "gender": "N", "shiny": false, "level": 81, "moves": ["thunderbolt", "calmmind", "substitute", "scald"], "ability": "Pressure", "evs": {"hp": 85, "atk": 0, "def": 85, "spa": 85, "spd": 85, "spe": 85}, "ivs": {"hp": 31, "atk": 0, "def": 31, "spa": 31, "spd": 31, "spe": 31}, "item": "Leftovers", "teraType": "Grass", "role": "Bulky Setup", "bvs": {"hp": 90, "atk": 85, "def": 75, "spa": 115, "spd": 100, "spe": 115}, "stats": {"hp": 278, "atk": 142, "def": 168, "spa": 233, "spd": 209, "spe": 233}, "types": ["Electric"]}, "Garchomp": {"name": "Garchomp", "species": "Garchomp", "speciesId": "garchomp", "gender": "F", "shiny": false, "level": 74, "moves": ["outrage", "stealthrock", "spikes", "earthquake"], "ability": "Rough Skin", "evs": {"hp": 85, "atk": 85, "def": 85, "spa": 85, "spd": 85, "spe": 85}, "ivs": {"hp": 31, "atk": 31, "def": 31, "spa": 31, "spd": 31, "spe": 31}, "item": "Rocky Helmet", "teraType": "Steel", "role": "Fast Support", "bvs": {"hp": 108, "atk": 130, "def": 95, "spa": 80, "spd": 85, "spe": 102}, "stats": {"hp": 282, "atk": 235, "def": 184, "spa": 161, "spd": 169, "spe": 194}, "types": ["Dragon", "Ground"]}, "Zarude": {"name": "Zarude", "species": "Zarude-Dada", "speciesId": "zarude", "gender": "N", "shiny": false, "level": 77, "moves": ["knockoff", "swordsdance", "closecombat", "powerwhip"], "ability": "Leaf Guard", "evs": {"hp": 85, "atk": 85, "def": 85, "spa": 85, "spd": 85, "spe": 85}, "ivs": {"hp": 31, "atk": 31, "def": 31, "spa": 31, "spd": 31, "spe": 31}, "item": "Life Orb", "teraType": "Fighting", "role": "Fast Bulky Setup", "bvs": {"hp": 105, "atk": 120, "def": 105, "spa": 70, "spd": 95, "spe": 105}, "stats": {"hp": 288, "atk": 229, "def": 206, "spa": 152, "spd": 191, "spe": 206}, "types": ["Dark", "Grass"]}, "Volcanion": {"name": "Volcanion", "species": "Volcanion", "speciesId": "volcanion", "gender": "N", "shiny": false, "level": 79, "moves": ["earthpower", "steameruption", "flamethrower", "flamecharge"], "ability": "Water Absorb", "evs": {"hp": 81, "atk": 85, "def": 85, "spa": 85, "spd": 85, "spe": 85}, "ivs": {"hp": 31, "atk": 31, "def": 31, "spa": 31, "spd": 31, "spe": 31}, "item": "Assault Vest", "teraType": "Ground", "role": "Bulky Attacker", "bvs": {"hp": 80, "atk": 110, "def": 120, "spa": 130, "spd": 90, "spe": 70}, "stats": {"hp": 255, "atk": 219, "def": 235, "spa": 251, "spd": 188, "spe": 156}, "types": ["Fire", "Water"]}, "Duraludon": {"name": "Duraludon", "species": "Duraludon", "speciesId": "duraludon", "gender": "M", "shiny": false, "level": 82, "moves": ["flashcannon", "bodypress", "irondefense", "dracometeor"], "ability": "Light Metal", "evs": {"hp": 85, "atk": 0, "def": 85, "spa": 85, "spd": 85, "spe": 85}, "ivs": {"hp": 31, "atk": 0, "def": 31, "spa": 31, "spd": 31, "spe": 31}, "item": "Eviolite", "teraType": "Fighting", "role": "Bulky Attacker", "bvs": {"hp": 70, "atk": 95, "def": 115, "spa": 120, "spd": 50, "spe": 85}, "stats": {"hp": 249, "atk": 160, "def": 236, "spa": 244, "spd": 129, "spe": 187}, "types": ["Steel", "Dragon"]}, "Vivillon": {"name": "Vivillon", "species": "Vivillon-Modern", "speciesId": "vivillon", "gender": "M", "shiny": false, "level": 83, "moves": ["hurricane", "quiverdance", "bugbuzz", "sleeppowder"], "ability": "Compound Eyes", "evs": {"hp": 85, "atk": 0, "def": 85, "spa": 85, "spd": 85, "spe": 85}, "ivs": {"hp": 31, "atk": 0, "def": 31, "spa": 31, "spd": 31, "spe": 31}, "item": "Heavy-Duty Boots", "teraType": "Flying", "role": "Fast Bulky Setup", "bvs": {"hp": 80, "atk": 52, "def": 50, "spa": 90, "spd": 50, "spe": 89}, "stats": {"hp": 268, "atk": 91, "def": 131, "spa": 197, "spd": 131, "spe": 195}, "types": ["Bug", "Flying"]}}, {"Necrozma": {"name": "Necrozma", "species": "Necrozma-Dusk-Mane", "speciesId": "necrozmaduskmane", "gender": "N", "shiny": false, "level": 69, "moves": ["dragondance", "earthquake", "photongeyser", "sunsteelstrike"], "ability": "Prism Armor", "evs": {"hp": 85, "atk": 85, "def": 85, "spa": 85, "spd": 85, "spe": 85}, "ivs": {"hp": 31, "atk": 31, "def": 31, "spa": 31, "spd": 31, "spe": 31}, "item": "Weakness Policy", "teraType": "Ground", "role": "Bulky Setup", "bvs": {"hp": 97, "atk": 157, "def": 127, "spa": 113, "spd": 109, "spe": 77}, "stats": {"hp": 248, "atk": 257, "def": 216, "spa": 196, "spd": 191, "spe": 147}, "types": ["Psychic", "Steel"]}, "Incineroar": {"name": "Incineroar", "species": "Incineroar", "speciesId": "incineroar", "gender": "M", "shiny": false, "level": 82, "moves": ["flareblitz", "partingshot", "earthquake", "knockoff"], "ability": "Intimidate", "evs": {"hp": 85, "atk": 85, "def": 85, "spa": 85, "spd": 85, "spe": 85}, "ivs": {"hp": 31, "atk": 31, "def": 31, "spa": 31, "spd": 31, "spe": 31}, "item": "Heavy-Duty Boots", "teraType": "Water", "role": "Fast Attacker", "bvs": {"hp": 95, "atk": 115, "def": 90, "spa": 80, "spd": 90, "spe": 60}, "stats": {"hp": 290, "atk": 236, "def": 195, "spa": 178, "spd": 195, "spe": 146}, "types": ["Fire", "Dark"]}, "Tentacruel": {"name": "Tentacruel", "species": "Tentacruel", "speciesId": "tentacruel", "gender": "F", "shiny": false, "level": 84, "moves": ["surf", "sludgebomb", "toxic", "rapidspin"], "ability": "Liquid Ooze", "evs": {"hp": 85, "atk": 85, "def": 85, "spa": 85, "spd": 85, "spe": 85}, "ivs": {"hp": 31, "atk": 31, "def": 31, "spa": 31, "spd": 31, "spe": 31}, "item": "Leftovers", "teraType": "Grass", "role": "Bulky Support", "bvs": {"hp": 80, "atk": 70, "def": 65, "spa": 80, "spd": 120, "spe": 100}, "stats": {"hp": 272, "atk": 166, "def": 157, "spa": 183, "spd": 250, "spe": 216}, "types": ["Water", "Poison"]}, "Donphan": {"name": "Donphan", "species": "Donphan", "speciesId": "donphan", "gender": "M", "shiny": false, "level": 84, "moves": ["stealthrock", "iceshard", "knockoff", "earthquake"], "ability": "Sturdy", "evs": {"hp": 85, "atk": 85, "def": 85, "spa": 85, "spd": 85, "spe": 85}, "ivs": {"hp": 31, "atk": 31, "def": 31, "spa": 31, "spd": 31, "spe": 31}, "item": "Leftovers", "teraType": "Water", "role": "Bulky Support", "bvs": {"hp": 90, "atk": 120, "def": 120, "spa": 60, "spd": 60, "spe": 50}, "stats": {"hp": 288, "atk": 250, "def": 250, "spa": 149, "spd": 149, "spe": 132}, "types": ["Ground"]}, "Sableye": {"name": "Sableye", "species": "Sableye", "speciesId": "sableye", "gender": "F", "shiny": false, "level": 88, "moves": ["knockoff", "willowisp", "encore", "recover"], "ability": "Prankster", "evs": {"hp": 85, "atk": 85, "def": 85, "spa": 85, "spd": 85, "spe": 85}, "ivs": {"hp": 31, "atk": 31, "def": 31, "spa": 31, "spd": 31, "spe": 31}, "item": "Leftovers", "teraType": "Poison", "role": "Bulky Support", "bvs": {"hp": 50, "atk": 75, "def": 75, "spa": 65, "spd": 65, "spe": 50}, "stats": {"hp": 231, "atk": 182, "def": 182, "spa": 165, "spd": 165, "spe": 138}, "types": ["Dark", "Ghost"]}, "Cloyster": {"name": "Cloyster", "species": "Cloyster", "speciesId": "cloyster", "gender": "M", "shiny": false, "level": 80, "moves": ["shellsmash", "rockblast", "iciclespear", "hydropump"], "ability": "Skill Link", "evs": {"hp": 85, "atk": 85, "def": 85, "spa": 85, "spd": 85, "spe": 85}, "ivs": {"hp": 31, "atk": 31, "def": 31, "spa": 31, "spd": 31, "spe": 31}, "item": "White Herb", "teraType": "Rock", "role": "Setup Sweeper", "bvs": {"hp": 50, "atk": 95, "def": 180, "spa": 85, "spd": 45, "spe": 70}, "stats": {"hp": 211, "atk": 198, "def": 334, "spa": 182, "spd": 118, "spe": 158}, "types": ["Water", "Ice"]}}]}