{"id": "gen9randombattle-2641463899", "format": "[Gen 9] Random Battle", "players": ["asi677", "nickolassbomfim"], "log": "|j|\u2606asi677\n|j|\u2606nickolassbomfim\n|t:|1782788763\n|gametype|singles\n|player|p1|asi677|265|1966\n|player|p2|nickolassbomfim|red-masters|2035\n|gen|9\n|tier|[Gen 9] Random Battle\n|rated|\n|rule|Species Clause: Limit one of each Pok\u00e9mon\n|rule|HP Percentage Mod: HP is shown in percentages\n|rule|Sleep Clause Mod: Limit one foe put to sleep\n|rule|Illusion Level Mod: Illusion disguises the Pok\u00e9mon's true level\n|\n|t:|1782788763\n|teamsize|p1|6\n|teamsize|p2|6\n|start\n|switch|p1a: Lumineon|Lumineon, L93, M|279/279\n|switch|p2a: Mabosstiff|Mabosstiff, L86, F|278/278\n|turn|1\n|inactive|Battle timer is ON: inactive players will automatically lose when time's up. (requested by nickolassbomfim)\n|\n|t:|1782788777\n|move|p1a: Lumineon|Alluring Voice|p2a: Mabosstiff\n|-supereffective|p2a: Mabosstiff\n|-damage|p2a: Mabosstiff|104/278\n|-damage|p1a: Lumineon|252/279|[from] item: Life Orb\n|move|p2a: Mabosstiff|Wild Charge|p1a: Lumineon\n|-supereffective|p1a: Lumineon\n|-damage|p1a: Lumineon|8/279\n|-damage|p2a: Mabosstiff|43/278|[from] Recoil\n|\n|upkeep\n|turn|2\n|\n|t:|1782788783\n|move|p1a: Lumineon|Ice Beam|p2a: Mabosstiff\n|-damage|p2a: Mabosstiff|0 fnt\n|faint|p2a: Mabosstiff\n|-damage|p1a: Lumineon|0 fnt|[from] item: Life Orb\n|faint|p1a: Lumineon\n|\n|upkeep\n|\n|t:|1782788789\n|switch|p1a: Araquanid|Araquanid, L82, F|246/246\n|switch|p2a: Sandy Shocks|Sandy Shocks, L80|267/267\n|turn|3\n|inactive|asi677 has 120 seconds left.\n|\n|t:|1782788831\n|move|p2a: Sandy Shocks|Thunderbolt|p1a: Araquanid\n|-supereffective|p1a: Araquanid\n|-damage|p1a: Araquanid|84/246\n|-status|p1a: Araquanid|par\n|move|p1a: Araquanid|Hydro Pump|p2a: Sandy Shocks\n|-supereffective|p2a: Sandy Shocks\n|-damage|p2a: Sandy Shocks|0 fnt\n|faint|p2a: Sandy Shocks\n|-end|p2a: Sandy Shocks|Protosynthesis|[silent]\n|\n|upkeep\n|\n|t:|1782788845\n|switch|p2a: Salamence|Salamence, L77, F|273/273\n|-ability|p2a: Salamence|Intimidate|boost\n|-unboost|p1a: Araquanid|atk|1\n|turn|4\n|inactive|asi677 has 120 seconds left.\n|\n|t:|1782788854\n|switch|p1a: Cyclizar|Cyclizar, L83, M|252/252\n|move|p2a: Salamence|Dual Wingbeat|p1a: Cyclizar\n|-damage|p1a: Cyclizar|194/252\n|-damage|p1a: Cyclizar|131/252\n|-hitcount|p1a: Cyclizar|2\n|\n|upkeep\n|turn|5\n|\n|t:|1782788863\n|switch|p2a: Ursaluna|Ursaluna-Bloodmoon, L79, M|308/308\n|move|p1a: Cyclizar|Draco Meteor|p2a: Ursaluna|[miss]\n|-miss|p1a: Cyclizar|p2a: Ursaluna\n|\n|upkeep\n|turn|6\n|\n|t:|1782788867\n|move|p2a: Ursaluna|Vacuum Wave|p1a: Cyclizar\n|-supereffective|p1a: Cyclizar\n|-damage|p1a: Cyclizar|51/252\n|move|p1a: Cyclizar|Shed Tail|p1a: Cyclizar\n|-fail|p1a: Cyclizar|move: Shed Tail|[weak]\n|\n|upkeep\n|turn|7\n|\n|t:|1782788871\n|switch|p1a: Araquanid|Araquanid, L82, F|84/246 par\n|move|p2a: Ursaluna|Calm Mind|p2a: Ursaluna\n|-boost|p2a: Ursaluna|spa|1\n|-boost|p2a: Ursaluna|spd|1\n|\n|upkeep\n|turn|8\n|\n|t:|1782788874\n|move|p2a: Ursaluna|Blood Moon|p1a: Araquanid\n|-damage|p1a: Araquanid|0 fnt\n|faint|p1a: Araquanid\n|\n|upkeep\n|\n|t:|1782788879\n|switch|p1a: Cinderace|Cinderace, L77, F|249/249\n|turn|9\n|\n|t:|1782788882\n|move|p1a: Cinderace|High Jump Kick|p2a: Ursaluna\n|-start|p1a: Cinderace|typechange|Fighting|[from] ability: Libero\n|-supereffective|p2a: Ursaluna\n|-damage|p2a: Ursaluna|0 fnt\n|faint|p2a: Ursaluna\n|\n|upkeep\n|\n|t:|1782788888\n|switch|p2a: Salamence|Salamence, L77, F|273/273\n|-ability|p2a: Salamence|Intimidate|boost\n|-unboost|p1a: Cinderace|atk|1\n|turn|10\n|\n|t:|1782788890\n|switch|p1a: Cyclizar|Cyclizar, L83, M|135/252\n|move|p2a: Salamence|Dragon Dance|p2a: Salamence\n|-boost|p2a: Salamence|atk|1\n|-boost|p2a: Salamence|spe|1\n|\n|upkeep\n|turn|11\n|\n|t:|1782788895\n|switch|p1a: Raging Bolt|Raging Bolt, L78|323/323\n|move|p2a: Salamence|Dual Wingbeat|p1a: Raging Bolt\n|-resisted|p1a: Raging Bolt\n|-damage|p1a: Raging Bolt|287/323\n|-resisted|p1a: Raging Bolt\n|-damage|p1a: Raging Bolt|250/323\n|-hitcount|p1a: Raging Bolt|2\n|\n|upkeep\n|turn|12\n|\n|t:|1782788912\n|-terastallize|p2a: Salamence|Dragon\n|move|p1a: Raging Bolt|Thunderclap|p2a: Salamence\n|-resisted|p2a: Salamence\n|-damage|p2a: Salamence|223/273\n|move|p2a: Salamence|Outrage|p1a: Raging Bolt\n|-supereffective|p1a: Raging Bolt\n|-damage|p1a: Raging Bolt|0 fnt\n|faint|p1a: Raging Bolt\n|-end|p1a: Raging Bolt|Protosynthesis|[silent]\n|\n|upkeep\n|\n|t:|1782788919\n|switch|p1a: Cyclizar|Cyclizar, L83, M|219/252\n|turn|13\n|\n|t:|1782788922\n|-terastallize|p1a: Cyclizar|Fairy\n|move|p2a: Salamence|Outrage|p1a: Cyclizar|[from] lockedmove\n|-immune|p1a: Cyclizar\n|move|p1a: Cyclizar|Draco Meteor|p2a: Salamence\n|-supereffective|p2a: Salamence\n|-damage|p2a: Salamence|0 fnt\n|-unboost|p1a: Cyclizar|spa|2\n|faint|p2a: Salamence\n|\n|upkeep\n|\n|t:|1782788927\n|switch|p2a: Grumpig|Grumpig, L92, F|297/297\n|turn|14\n|\n|t:|1782788933\n|move|p1a: Cyclizar|Knock Off|p2a: Grumpig\n|-supereffective|p2a: Grumpig\n|-damage|p2a: Grumpig|139/297\n|-enditem|p2a: Grumpig|Leftovers|[from] move: Knock Off|[of] p1a: Cyclizar\n|move|p2a: Grumpig|Psychic|p1a: Cyclizar\n|-damage|p1a: Cyclizar|96/252\n|\n|upkeep\n|turn|15\n|\n|t:|1782788937\n|switch|p1a: Cinderace|Cinderace, L77, F|249/249\n|switch|p2a: Perrserker|Perrserker, L89, M|269/269\n|\n|upkeep\n|turn|16\n|\n|t:|1782788941\n|move|p1a: Cinderace|Pyro Ball|p2a: Perrserker\n|-supereffective|p2a: Perrserker\n|-damage|p2a: Perrserker|0 fnt\n|faint|p2a: Perrserker\n|\n|upkeep\n|-message|nickolassbomfim forfeited.\n|\n|win|asi677\n", "inputlog": ">version f8ac14003a5f27e1bdc8d8c59608a773c1cb96e5\n>start {\"formatid\":\"gen9randombattle\",\"seed\":\"sodium,65c4bb421f3e40ba39a44d77ae4c9ec1\",\"rated\":\"Rated battle\"}\n>player p1 {\"name\":\"asi677\",\"avatar\":\"265\",\"rating\":1966,\"seed\":\"sodium,e9c6f279b3744d9cf153832d3a0218bf\"}\n>player p2 {\"name\":\"nickolassbomfim\",\"avatar\":\"red-masters\",\"rating\":2035,\"seed\":\"sodium,fda93305785afbf280ef80f69573ae23\"}\n>p1 move alluringvoice\n>p2 move wildcharge\n>p1 move icebeam\n>p2 move wildcharge\n>p1 switch 3\n>p2 switch 6\n>p1 move hydropump\n>p2 move thunderbolt\n>p2 switch 4\n>p1 switch 4\n>p2 move dualwingbeat\n>p1 move dracometeor\n>p2 switch 3\n>p1 move shedtail\n>p2 move vacuumwave\n>p1 switch 4\n>p2 move calmmind\n>p1 move stickyweb\n>p2 move bloodmoon\n>p1 switch 6\n>p1 move highjumpkick\n>p2 move moonlight\n>p2 switch 3\n>p1 switch 4\n>p2 move dragondance\n>p1 switch 2\n>p2 move dualwingbeat\n>p1 move thunderclap\n>p2 move outrage terastallize\n>p1 switch 2\n>p1 move dracometeor terastallize\n>p2 move outrage\n>p2 switch 2\n>p1 move knockoff\n>p2 move psychic\n>p1 switch 4\n>p2 switch 5\n>p1 move pyroball\n>p2 move closecombat\n>forcelose p2", "uploadtime": 1782788765, "views": 3, "formatid": "gen9randombattle", "rating": null, "private": 0, "password": null, "player_dets": [{"name": "asi677", "avatar": "265", "rating": 1966, "seed": "sodium,e9c6f279b3744d9cf153832d3a0218bf"}, {"name": "nickolassbomfim", "avatar": "red-masters", "rating": 2035, "seed": "sodium,fda93305785afbf280ef80f69573ae23"}], "teams_full": [{"Lumineon": {"name": "Lumineon", "species": "Lumineon", "speciesId": "lumineon", "gender": "M", "shiny": false, "level": 93, "moves": ["hydropump", "alluringvoice", "encore", "icebeam"], "ability": "Storm Drain", "evs": {"hp": 85, "atk": 0, "def": 85, "spa": 85, "spd": 85, "spe": 85}, "ivs": {"hp": 31, "atk": 0, "def": 31, "spa": 31, "spd": 31, "spe": 31}, "item": "Life Orb", "teraType": "Fairy", "role": "Fast Attacker", "bvs": {"hp": 69, "atk": 69, "def": 76, "spa": 69, "spd": 86, "spe": 91}, "stats": {"hp": 279, "atk": 133, "def": 194, "spa": 181, "spd": 213, "spe": 222}, "types": ["Water"]}, "Raging Bolt": {"name": "Raging Bolt", "species": "Raging Bolt", "speciesId": "ragingbolt", "gender": "N", "shiny": false, "level": 78, "moves": ["discharge", "thunderclap", "dracometeor", "voltswitch"], "ability": "Protosynthesis", "evs": {"hp": 85, "atk": 0, "def": 85, "spa": 85, "spd": 85, "spe": 85}, "ivs": {"hp": 31, "atk": 0, "def": 31, "spa": 31, "spd": 31, "spe": 31}, "item": "Assault Vest", "teraType": "Electric", "role": "AV Pivot", "bvs": {"hp": 125, "atk": 73, "def": 91, "spa": 137, "spd": 89, "spe": 75}, "stats": {"hp": 323, "atk": 118, "def": 187, "spa": 259, "spd": 184, "spe": 162}, "types": ["Electric", "Dragon"]}, "Araquanid": {"name": "Araquanid", "species": "Araquanid", "speciesId": "araquanid", "gender": "F", "shiny": false, "level": 82, "moves": ["leechlife", "liquidation", "stickyweb", "hydropump"], "ability": "Water Bubble", "evs": {"hp": 85, "atk": 85, "def": 85, "spa": 85, "spd": 85, "spe": 85}, "ivs": {"hp": 31, "atk": 31, "def": 31, "spa": 31, "spd": 31, "spe": 31}, "item": "Heavy-Duty Boots", "teraType": "Water", "role": "Bulky Attacker", "bvs": {"hp": 68, "atk": 70, "def": 92, "spa": 50, "spd": 132, "spe": 42}, "stats": {"hp": 246, "atk": 162, "def": 198, "spa": 129, "spd": 264, "spe": 116}, "types": ["Water", "Bug"]}, "Cyclizar": {"name": "Cyclizar", "species": "Cyclizar", "speciesId": "cyclizar", "gender": "M", "shiny": false, "level": 83, "moves": ["rapidspin", "knockoff", "shedtail", "dracometeor"], "ability": "Regenerator", "evs": {"hp": 85, "atk": 85, "def": 85, "spa": 85, "spd": 85, "spe": 85}, "ivs": {"hp": 31, "atk": 31, "def": 31, "spa": 31, "spd": 31, "spe": 31}, "item": "Heavy-Duty Boots", "teraType": "Fairy", "role": "Fast Support", "bvs": {"hp": 70, "atk": 95, "def": 65, "spa": 85, "spd": 65, "spe": 121}, "stats": {"hp": 252, "atk": 205, "def": 156, "spa": 189, "spd": 156, "spe": 249}, "types": ["Dragon", "Normal"]}, "Iron Moth": {"name": "Iron Moth", "species": "Iron Moth", "speciesId": "ironmoth", "gender": "N", "shiny": false, "level": 78, "moves": ["energyball", "uturn", "fierydance", "sludgewave"], "ability": "Quark Drive", "evs": {"hp": 85, "atk": 85, "def": 85, "spa": 85, "spd": 85, "spe": 85}, "ivs": {"hp": 31, "atk": 31, "def": 31, "spa": 31, "spd": 31, "spe": 31}, "item": "Choice Specs", "teraType": "Grass", "role": "Fast Attacker", "bvs": {"hp": 80, "atk": 70, "def": 60, "spa": 140, "spd": 110, "spe": 110}, "stats": {"hp": 253, "atk": 154, "def": 139, "spa": 263, "spd": 217, "spe": 217}, "types": ["Fire", "Poison"]}, "Cinderace": {"name": "Cinderace", "species": "Cinderace", "speciesId": "cinderace", "gender": "F", "shiny": false, "level": 77, "moves": ["highjumpkick", "pyroball", "uturn", "gunkshot"], "ability": "Libero", "evs": {"hp": 81, "atk": 85, "def": 85, "spa": 85, "spd": 85, "spe": 85}, "ivs": {"hp": 31, "atk": 31, "def": 31, "spa": 31, "spd": 31, "spe": 31}, "item": "Choice Band", "teraType": "Fighting", "role": "Fast Attacker", "bvs": {"hp": 80, "atk": 116, "def": 75, "spa": 65, "spd": 75, "spe": 119}, "stats": {"hp": 249, "atk": 223, "def": 160, "spa": 145, "spd": 160, "spe": 228}, "types": ["Fire"]}}, {"Mabosstiff": {"name": "Mabosstiff", "species": "Mabosstiff", "speciesId": "mabosstiff", "gender": "F", "shiny": false, "level": 86, "moves": ["playrough", "crunch", "wildcharge", "psychicfangs"], "ability": "Stakeout", "evs": {"hp": 85, "atk": 85, "def": 85, "spa": 85, "spd": 85, "spe": 85}, "ivs": {"hp": 31, "atk": 31, "def": 31, "spa": 31, "spd": 31, "spe": 31}, "item": "Choice Band", "teraType": "Dark", "role": "Bulky Attacker", "bvs": {"hp": 80, "atk": 120, "def": 90, "spa": 60, "spd": 70, "spe": 85}, "stats": {"hp": 278, "atk": 256, "def": 204, "spa": 152, "spd": 170, "spe": 195}, "types": ["Dark"]}, "Grumpig": {"name": "Grumpig", "species": "Grumpig", "speciesId": "grumpig", "gender": "F", "shiny": false, "level": 92, "moves": ["psychic", "nastyplot", "shadowball", "focusblast"], "ability": "Thick Fat", "evs": {"hp": 85, "atk": 0, "def": 85, "spa": 85, "spd": 85, "spe": 85}, "ivs": {"hp": 31, "atk": 0, "def": 31, "spa": 31, "spd": 31, "spe": 31}, "item": "Leftovers", "teraType": "Fighting", "role": "Bulky Setup", "bvs": {"hp": 80, "atk": 45, "def": 65, "spa": 90, "spd": 110, "spe": 80}, "stats": {"hp": 297, "atk": 87, "def": 172, "spa": 218, "spd": 255, "spe": 200}, "types": ["Psychic"]}, "Ursaluna": {"name": "Ursaluna", "species": "Ursaluna-Bloodmoon", "speciesId": "ursalunabloodmoon", "gender": "M", "shiny": false, "level": 79, "moves": ["calmmind", "bloodmoon", "vacuumwave", "moonlight"], "ability": "Mind's Eye", "evs": {"hp": 85, "atk": 0, "def": 85, "spa": 85, "spd": 85, "spe": 85}, "ivs": {"hp": 31, "atk": 0, "def": 31, "spa": 31, "spd": 31, "spe": 31}, "item": "Leftovers", "teraType": "Poison", "role": "Bulky Setup", "bvs": {"hp": 113, "atk": 70, "def": 120, "spa": 135, "spd": 65, "spe": 52}, "stats": {"hp": 308, "atk": 115, "def": 235, "spa": 259, "spd": 148, "spe": 128}, "types": ["Ground", "Normal"]}, "Salamence": {"name": "Salamence", "species": "Salamence", "speciesId": "salamence", "gender": "F", "shiny": false, "level": 77, "moves": ["dualwingbeat", "outrage", "dragondance", "earthquake"], "ability": "Intimidate", "evs": {"hp": 85, "atk": 85, "def": 85, "spa": 85, "spd": 85, "spe": 85}, "ivs": {"hp": 31, "atk": 31, "def": 31, "spa": 31, "spd": 31, "spe": 31}, "item": "Heavy-Duty Boots", "teraType": "Dragon", "role": "Setup Sweeper", "bvs": {"hp": 95, "atk": 135, "def": 80, "spa": 110, "spd": 80, "spe": 100}, "stats": {"hp": 273, "atk": 252, "def": 168, "spa": 214, "spd": 168, "spe": 199}, "types": ["Dragon", "Flying"]}, "Perrserker": {"name": "Perrserker", "species": "Perrserker", "speciesId": "perrserker", "gender": "M", "shiny": false, "level": 89, "moves": ["uturn", "closecombat", "ironhead", "stealthrock"], "ability": "Tough Claws", "evs": {"hp": 85, "atk": 85, "def": 85, "spa": 85, "spd": 85, "spe": 85}, "ivs": {"hp": 31, "atk": 31, "def": 31, "spa": 31, "spd": 31, "spe": 31}, "item": "Life Orb", "teraType": "Fighting", "role": "Fast Attacker", "bvs": {"hp": 70, "atk": 110, "def": 100, "spa": 50, "spd": 60, "spe": 50}, "stats": {"hp": 269, "atk": 247, "def": 229, "spa": 140, "spd": 158, "spe": 140}, "types": ["Steel"]}, "Sandy Shocks": {"name": "Sandy Shocks", "species": "Sandy Shocks", "speciesId": "sandyshocks", "gender": "N", "shiny": false, "level": 80, "moves": ["earthpower", "thunderbolt", "voltswitch", "thunderwave"], "ability": "Protosynthesis", "evs": {"hp": 85, "atk": 0, "def": 85, "spa": 85, "spd": 85, "spe": 85}, "ivs": {"hp": 31, "atk": 0, "def": 31, "spa": 31, "spd": 31, "spe": 31}, "item": "Heavy-Duty Boots", "teraType": "Grass", "role": "Fast Support", "bvs": {"hp": 85, "atk": 81, "def": 97, "spa": 121, "spd": 85, "spe": 101}, "stats": {"hp": 267, "atk": 134, "def": 201, "spa": 240, "spd": 182, "spe": 208}, "types": ["Electric", "Ground"]}}]}