{"id": "gen9randombattle-2641585202", "format": "[Gen 9] Random Battle", "players": ["a rabbit", "sarodiya"], "log": "|badge|p2|bronze|gen9randombattle|100-9\n|html|<div class=\"broadcast-red\"><strong>This battle is required to be public due to one or more player having a season medal.</strong><br />During the public phase, you can discuss the state of the ladder <a href=\"/seasondiscussion\">in a special chatroom.</a></div>\n|uhtml|medal-msg|<div class=\"broadcast-blue\">Curious what those medals under the avatar are? PS now has Ladder Seasons! For more information, check out the <a href=\"https://www.smogon.com/forums/threads/3740067/\">thread on Smogon.</a></div>\n|j|\u2606a rabbit\n|j|\u2606sarodiya\n|t:|1782813325\n|gametype|singles\n|player|p1|a rabbit|#scl2breakers|2221\n|player|p2|sarodiya|265|2264\n|gen|9\n|tier|[Gen 9] Random Battle\n|rated|\n|rule|Species Clause: Limit one of each Pok\u00e9mon\n|rule|HP Percentage Mod: HP is shown in percentages\n|rule|Sleep Clause Mod: Limit one foe put to sleep\n|rule|Illusion Level Mod: Illusion disguises the Pok\u00e9mon's true level\n|\n|t:|1782813325\n|teamsize|p1|6\n|teamsize|p2|6\n|start\n|switch|p1a: Gholdengo|Gholdengo, L77|261/261\n|switch|p2a: Piloswine|Piloswine, L85, F|309/309\n|turn|1\n|inactive|Battle timer is ON: inactive players will automatically lose when time's up. (requested by sarodiya)\n|inactive|a rabbit has 120 seconds left.\n|\n|t:|1782813359\n|move|p1a: Gholdengo|Make It Rain|p2a: Piloswine\n|-supereffective|p2a: Piloswine\n|-damage|p2a: Piloswine|57/309\n|-unboost|p1a: Gholdengo|spa|1\n|move|p2a: Piloswine|Earthquake|p1a: Gholdengo\n|-supereffective|p1a: Gholdengo\n|-damage|p1a: Gholdengo|15/261\n|\n|-heal|p1a: Gholdengo|31/261|[from] item: Leftovers\n|upkeep\n|turn|2\n|\n|t:|1782813364\n|move|p2a: Piloswine|Ice Shard|p1a: Gholdengo\n|-resisted|p1a: Gholdengo\n|-damage|p1a: Gholdengo|6/261\n|move|p1a: Gholdengo|Make It Rain|p2a: Piloswine\n|-supereffective|p2a: Piloswine\n|-damage|p2a: Piloswine|0 fnt\n|-unboost|p1a: Gholdengo|spa|1\n|faint|p2a: Piloswine\n|\n|-heal|p1a: Gholdengo|22/261|[from] item: Leftovers\n|upkeep\n|\n|t:|1782813371\n|switch|p2a: Iron Crown|Iron Crown, L78|268/268\n|turn|3\n|\n|t:|1782813391\n|switch|p1a: Regieleki|Regieleki, L79|256/256\n|move|p2a: Iron Crown|Tachyon Cutter|p1a: Regieleki\n|-resisted|p1a: Regieleki\n|-damage|p1a: Regieleki|196/256\n|-resisted|p1a: Regieleki\n|-damage|p1a: Regieleki|137/256\n|-hitcount|p1a: Regieleki|2\n|\n|upkeep\n|turn|4\n|\n|t:|1782813395\n|move|p1a: Regieleki|Thunderbolt|p2a: Iron Crown\n|-damage|p2a: Iron Crown|144/268\n|move|p2a: Iron Crown|Tachyon Cutter|p1a: Regieleki\n|-resisted|p1a: Regieleki\n|-damage|p1a: Regieleki|76/256\n|-resisted|p1a: Regieleki\n|-damage|p1a: Regieleki|16/256\n|-hitcount|p1a: Regieleki|2\n|\n|upkeep\n|turn|5\n|\n|t:|1782813400\n|move|p1a: Regieleki|Thunderbolt|p2a: Iron Crown\n|-damage|p2a: Iron Crown|29/268\n|move|p2a: Iron Crown|Tachyon Cutter|p1a: Regieleki\n|-resisted|p1a: Regieleki\n|-damage|p1a: Regieleki|0 fnt\n|faint|p1a: Regieleki\n|-hitcount|p1: Regieleki|1\n|\n|upkeep\n|\n|t:|1782813408\n|switch|p1a: Maushold|Maushold-Four, L76|238/238\n|turn|6\n|\n|t:|1782813412\n|-end|p2a: Iron Crown|Quark Drive|[silent]\n|switch|p2a: Magcargo|Magcargo, L95, M|268/268\n|move|p1a: Maushold|Bite|p2a: Magcargo\n|-damage|p2a: Magcargo|236/268\n|-status|p1a: Maushold|brn|[from] ability: Flame Body|[of] p2a: Magcargo\n|\n|-damage|p1a: Maushold|224/238 brn|[from] brn\n|upkeep\n|turn|7\n|\n|t:|1782813440\n|switch|p1a: Glimmora|Glimmora, L75, F|248/248\n|move|p2a: Magcargo|Lava Plume|p1a: Glimmora\n|-resisted|p1a: Glimmora\n|-damage|p1a: Glimmora|188/248\n|\n|upkeep\n|turn|8\n|\n|t:|1782813453\n|switch|p2a: Pelipper|Pelipper, L86, F|243/243\n|-weather|RainDance|[from] ability: Drizzle|[of] p2a: Pelipper\n|move|p1a: Glimmora|Spikes|p2a: Pelipper\n|-sidestart|p2: sarodiya|Spikes\n|\n|-weather|RainDance|[upkeep]\n|upkeep\n|turn|9\n|\n|t:|1782813459\n|switch|p1a: Maushold|Maushold-Four, L76|224/238 brn\n|move|p2a: Pelipper|Weather Ball|p1a: Maushold\n|-damage|p1a: Maushold|0 fnt\n|faint|p1a: Maushold\n|\n|-weather|RainDance|[upkeep]\n|upkeep\n|\n|t:|1782813466\n|switch|p1a: Gholdengo|Gholdengo, L77|22/261\n|turn|10\n|\n|t:|1782813469\n|-terastallize|p1a: Gholdengo|Water\n|move|p1a: Gholdengo|Recover|p1a: Gholdengo\n|-heal|p1a: Gholdengo|153/261\n|move|p2a: Pelipper|Weather Ball|p1a: Gholdengo\n|-resisted|p1a: Gholdengo\n|-damage|p1a: Gholdengo|33/261\n|\n|-weather|RainDance|[upkeep]\n|-heal|p1a: Gholdengo|49/261|[from] item: Leftovers\n|upkeep\n|turn|11\n|\n|t:|1782813472\n|move|p1a: Gholdengo|Recover|p1a: Gholdengo\n|-heal|p1a: Gholdengo|180/261\n|move|p2a: Pelipper|Weather Ball|p1a: Gholdengo\n|-resisted|p1a: Gholdengo\n|-damage|p1a: Gholdengo|56/261\n|\n|-weather|RainDance|[upkeep]\n|-heal|p1a: Gholdengo|72/261|[from] item: Leftovers\n|upkeep\n|turn|12\n|\n|t:|1782813484\n|switch|p2a: Frosmoth|Frosmoth, L82, M|249/249\n|move|p1a: Gholdengo|Recover|p1a: Gholdengo\n|-heal|p1a: Gholdengo|203/261\n|\n|-weather|none\n|-heal|p1a: Gholdengo|219/261|[from] item: Leftovers\n|upkeep\n|turn|13\n|\n|t:|1782813493\n|-terastallize|p2a: Frosmoth|Ground\n|move|p1a: Gholdengo|Nasty Plot|p1a: Gholdengo\n|-boost|p1a: Gholdengo|spa|2\n|move|p2a: Frosmoth|Quiver Dance|p2a: Frosmoth\n|-boost|p2a: Frosmoth|spa|1\n|-boost|p2a: Frosmoth|spd|1\n|-boost|p2a: Frosmoth|spe|1\n|\n|-heal|p1a: Gholdengo|235/261|[from] item: Leftovers\n|upkeep\n|turn|14\n|\n|t:|1782813497\n|move|p2a: Frosmoth|Quiver Dance|p2a: Frosmoth\n|-boost|p2a: Frosmoth|spa|1\n|-boost|p2a: Frosmoth|spd|1\n|-boost|p2a: Frosmoth|spe|1\n|move|p1a: Gholdengo|Make It Rain|p2a: Frosmoth\n|-damage|p2a: Frosmoth|178/249\n|-unboost|p1a: Gholdengo|spa|1\n|\n|-heal|p1a: Gholdengo|251/261|[from] item: Leftovers\n|upkeep\n|turn|15\n|-message|a rabbit forfeited.\n|\n|win|sarodiya\n|raw|a rabbit's rating: 2211 &rarr; <strong>2194</strong><br />(-17 for losing)\n|raw|sarodiya's rating: 2264 &rarr; <strong>2281</strong><br />(+17 for winning)\n", "inputlog": ">version f8ac14003a5f27e1bdc8d8c59608a773c1cb96e5\n>start {\"formatid\":\"gen9randombattle\",\"seed\":\"sodium,20879031fd8225c9e2ce74973c2b0ffe\",\"rated\":\"Rated battle\"}\n>player p1 {\"name\":\"a rabbit\",\"avatar\":\"#scl2breakers\",\"rating\":2221,\"seed\":\"sodium,f06ac9f2ea4d634779405f94186e62f1\"}\n>player p2 {\"name\":\"sarodiya\",\"avatar\":\"265\",\"rating\":2264,\"seed\":\"sodium,50e5d5566d9523d2e002cb3bd1c9ea88\"}\n>p1 move makeitrain\n>p2 move earthquake\n>p1 move makeitrain\n>p2 move iceshard\n>p2 switch 3\n>p1 switch 5\n>p2 move tachyoncutter\n>p1 move thunderbolt\n>p2 move tachyoncutter\n>p1 move thunderbolt\n>p2 move tachyoncutter\n>p1 switch 4\n>p1 move bite\n>p2 switch 5\n>p1 switch 6\n>p2 move lavaplume\n>p1 move spikes\n>p2 switch 2\n>p1 switch 6\n>p2 move weatherball\n>p1 switch 5\n>p1 move recover terastallize\n>p2 move weatherball\n>p1 move recover\n>p2 move weatherball\n>p1 move recover\n>p2 switch 4\n>p1 move nastyplot\n>p2 move quiverdance terastallize\n>p1 move makeitrain\n>p2 move quiverdance\n>forcelose p1", "uploadtime": 1782813329, "views": 4, "formatid": "gen9randombattle", "rating": 2194, "private": 0, "password": null, "player_dets": [{"name": "a rabbit", "avatar": "#scl2breakers", "rating": 2221, "seed": "sodium,f06ac9f2ea4d634779405f94186e62f1"}, {"name": "sarodiya", "avatar": "265", "rating": 2264, "seed": "sodium,50e5d5566d9523d2e002cb3bd1c9ea88"}], "teams_full": [{"Gholdengo": {"name": "Gholdengo", "species": "Gholdengo", "speciesId": "gholdengo", "gender": "N", "shiny": false, "level": 77, "moves": ["shadowball", "makeitrain", "nastyplot", "recover"], "ability": "Good as Gold", "evs": {"hp": 85, "atk": 0, "def": 85, "spa": 85, "spd": 85, "spe": 85}, "ivs": {"hp": 31, "atk": 0, "def": 31, "spa": 31, "spd": 31, "spe": 31}, "item": "Leftovers", "teraType": "Water", "role": "Bulky Support", "bvs": {"hp": 87, "atk": 60, "def": 95, "spa": 133, "spd": 91, "spe": 84}, "stats": {"hp": 261, "atk": 97, "def": 191, "spa": 249, "spd": 185, "spe": 174}, "types": ["Steel", "Ghost"]}, "Iron Valiant": {"name": "Iron Valiant", "species": "Iron Valiant", "speciesId": "ironvaliant", "gender": "N", "shiny": false, "level": 78, "moves": ["swordsdance", "closecombat", "knockoff", "spiritbreak"], "ability": "Quark Drive", "evs": {"hp": 85, "atk": 85, "def": 85, "spa": 85, "spd": 85, "spe": 85}, "ivs": {"hp": 31, "atk": 31, "def": 31, "spa": 31, "spd": 31, "spe": 31}, "item": "Life Orb", "teraType": "Fighting", "role": "Setup Sweeper", "bvs": {"hp": 74, "atk": 130, "def": 90, "spa": 120, "spd": 60, "spe": 116}, "stats": {"hp": 244, "atk": 248, "def": 185, "spa": 232, "spd": 139, "spe": 226}, "types": ["Fairy", "Fighting"]}, "Comfey": {"name": "Comfey", "species": "Comfey", "speciesId": "comfey", "gender": "M", "shiny": false, "level": 85, "moves": ["drainingkiss", "storedpower", "calmmind", "gigadrain"], "ability": "Triage", "evs": {"hp": 85, "atk": 0, "def": 85, "spa": 85, "spd": 85, "spe": 85}, "ivs": {"hp": 31, "atk": 0, "def": 31, "spa": 31, "spd": 31, "spe": 31}, "item": "Leftovers", "teraType": "Fairy", "role": "Bulky Setup", "bvs": {"hp": 51, "atk": 52, "def": 90, "spa": 82, "spd": 110, "spe": 100}, "stats": {"hp": 225, "atk": 93, "def": 202, "spa": 188, "spd": 236, "spe": 219}, "types": ["Fairy"]}, "Maushold": {"name": "Maushold", "species": "Maushold-Four", "speciesId": "maushold", "gender": "N", "shiny": false, "level": 76, "moves": ["tidyup", "populationbomb", "encore", "bite"], "ability": "Technician", "evs": {"hp": 85, "atk": 85, "def": 85, "spa": 85, "spd": 85, "spe": 85}, "ivs": {"hp": 31, "atk": 31, "def": 31, "spa": 31, "spd": 31, "spe": 31}, "item": "Wide Lens", "teraType": "Ghost", "role": "Setup Sweeper", "bvs": {"hp": 74, "atk": 75, "def": 70, "spa": 65, "spd": 75, "spe": 111}, "stats": {"hp": 238, "atk": 158, "def": 150, "spa": 143, "spd": 158, "spe": 213}, "types": ["Normal"]}, "Regieleki": {"name": "Regieleki", "species": "Regieleki", "speciesId": "regieleki", "gender": "N", "shiny": false, "level": 79, "moves": ["voltswitch", "rapidspin", "thunderbolt", "terablast"], "ability": "Transistor", "evs": {"hp": 85, "atk": 85, "def": 85, "spa": 85, "spd": 85, "spe": 85}, "ivs": {"hp": 31, "atk": 31, "def": 31, "spa": 31, "spd": 31, "spe": 31}, "item": "Magnet", "teraType": "Ice", "role": "Tera Blast user", "bvs": {"hp": 80, "atk": 100, "def": 50, "spa": 100, "spd": 50, "spe": 200}, "stats": {"hp": 256, "atk": 204, "def": 125, "spa": 204, "spd": 125, "spe": 362}, "types": ["Electric"]}, "Glimmora": {"name": "Glimmora", "species": "Glimmora", "speciesId": "glimmora", "gender": "F", "shiny": false, "level": 75, "moves": ["spikes", "mortalspin", "sludgewave", "earthpower"], "ability": "Toxic Debris", "evs": {"hp": 85, "atk": 85, "def": 85, "spa": 85, "spd": 85, "spe": 85}, "ivs": {"hp": 31, "atk": 31, "def": 31, "spa": 31, "spd": 31, "spe": 31}, "item": "Heavy-Duty Boots", "teraType": "Ground", "role": "Fast Support", "bvs": {"hp": 83, "atk": 55, "def": 90, "spa": 130, "spd": 81, "spe": 86}, "stats": {"hp": 248, "atk": 126, "def": 179, "spa": 239, "spd": 165, "spe": 173}, "types": ["Rock", "Poison"]}}, {"Piloswine": {"name": "Piloswine", "species": "Piloswine", "speciesId": "piloswine", "gender": "F", "shiny": false, "level": 85, "moves": ["earthquake", "stealthrock", "iciclecrash", "iceshard"], "ability": "Thick Fat", "evs": {"hp": 85, "atk": 85, "def": 85, "spa": 85, "spd": 85, "spe": 85}, "ivs": {"hp": 31, "atk": 31, "def": 31, "spa": 31, "spd": 31, "spe": 31}, "item": "Eviolite", "teraType": "Poison", "role": "Bulky Support", "bvs": {"hp": 100, "atk": 100, "def": 80, "spa": 60, "spd": 60, "spe": 50}, "stats": {"hp": 309, "atk": 219, "def": 185, "spa": 151, "spd": 151, "spe": 134}, "types": ["Ice", "Ground"]}, "Pelipper": {"name": "Pelipper", "species": "Pelipper", "speciesId": "pelipper", "gender": "F", "shiny": false, "level": 86, "moves": ["hydropump", "uturn", "hurricane", "weatherball"], "ability": "Drizzle", "evs": {"hp": 85, "atk": 85, "def": 85, "spa": 85, "spd": 85, "spe": 85}, "ivs": {"hp": 31, "atk": 31, "def": 31, "spa": 31, "spd": 31, "spe": 31}, "item": "Choice Specs", "teraType": "Flying", "role": "Wallbreaker", "bvs": {"hp": 60, "atk": 50, "def": 100, "spa": 95, "spd": 70, "spe": 65}, "stats": {"hp": 243, "atk": 135, "def": 221, "spa": 213, "spd": 170, "spe": 161}, "types": ["Water", "Flying"]}, "Iron Crown": {"name": "Iron Crown", "species": "Iron Crown", "speciesId": "ironcrown", "gender": "N", "shiny": false, "level": 78, "moves": ["focusblast", "tachyoncutter", "voltswitch", "psyshock"], "ability": "Quark Drive", "evs": {"hp": 85, "atk": 0, "def": 85, "spa": 85, "spd": 85, "spe": 85}, "ivs": {"hp": 31, "atk": 0, "def": 31, "spa": 31, "spd": 31, "spe": 31}, "item": "Choice Specs", "teraType": "Steel", "role": "Wallbreaker", "bvs": {"hp": 90, "atk": 72, "def": 100, "spa": 122, "spd": 108, "spe": 98}, "stats": {"hp": 268, "atk": 117, "def": 201, "spa": 235, "spd": 214, "spe": 198}, "types": ["Steel", "Psychic"]}, "Frosmoth": {"name": "Frosmoth", "species": "Frosmoth", "speciesId": "frosmoth", "gender": "M", "shiny": false, "level": 82, "moves": ["gigadrain", "icebeam", "quiverdance", "terablast"], "ability": "Ice Scales", "evs": {"hp": 85, "atk": 0, "def": 85, "spa": 85, "spd": 85, "spe": 85}, "ivs": {"hp": 31, "atk": 0, "def": 31, "spa": 31, "spd": 31, "spe": 31}, "item": "Heavy-Duty Boots", "teraType": "Ground", "role": "Tera Blast user", "bvs": {"hp": 70, "atk": 65, "def": 60, "spa": 125, "spd": 90, "spe": 65}, "stats": {"hp": 249, "atk": 111, "def": 146, "spa": 252, "spd": 195, "spe": 154}, "types": ["Ice", "Bug"]}, "Magcargo": {"name": "Magcargo", "species": "Magcargo", "speciesId": "magcargo", "gender": "M", "shiny": false, "level": 95, "moves": ["lavaplume", "recover", "powergem", "yawn"], "ability": "Flame Body", "evs": {"hp": 85, "atk": 0, "def": 85, "spa": 85, "spd": 85, "spe": 85}, "ivs": {"hp": 31, "atk": 0, "def": 31, "spa": 31, "spd": 31, "spe": 31}, "item": "Heavy-Duty Boots", "teraType": "Dragon", "role": "Bulky Support", "bvs": {"hp": 60, "atk": 50, "def": 120, "spa": 90, "spd": 80, "spe": 30}, "stats": {"hp": 268, "atk": 100, "def": 282, "spa": 225, "spd": 206, "spe": 111}, "types": ["Fire", "Rock"]}, "Wigglytuff": {"name": "Wigglytuff", "species": "Wigglytuff", "speciesId": "wigglytuff", "gender": "M", "shiny": false, "level": 96, "moves": ["protect", "alluringvoice", "wish", "thunderwave"], "ability": "Competitive", "evs": {"hp": 85, "atk": 0, "def": 85, "spa": 85, "spd": 85, "spe": 85}, "ivs": {"hp": 31, "atk": 0, "def": 31, "spa": 31, "spd": 31, "spe": 31}, "item": "Leftovers", "teraType": "Steel", "role": "Bulky Support", "bvs": {"hp": 140, "atk": 70, "def": 45, "spa": 85, "spd": 50, "spe": 45}, "stats": {"hp": 424, "atk": 139, "def": 141, "spa": 218, "spd": 150, "spe": 141}, "types": ["Normal", "Fairy"]}}]}