{"id": "gen9randombattle-2641626768", "format": "[Gen 9] Random Battle", "players": ["Samsonite 22", "Aunche"], "log": "|j|\u2606Samsonite 22\n|j|\u2606Aunche\n|t:|1782821203\n|gametype|singles\n|player|p1|Samsonite 22|1|2125\n|player|p2|Aunche|102|2139\n|gen|9\n|tier|[Gen 9] Random Battle\n|rated|\n|rule|Species Clause: Limit one of each Pok\u00e9mon\n|rule|HP Percentage Mod: HP is shown in percentages\n|rule|Sleep Clause Mod: Limit one foe put to sleep\n|rule|Illusion Level Mod: Illusion disguises the Pok\u00e9mon's true level\n|\n|t:|1782821203\n|teamsize|p1|6\n|teamsize|p2|6\n|start\n|switch|p1a: Dragalge|Dragalge, L88, M|258/258\n|switch|p2a: Mudsdale|Mudsdale, L83, F|302/302\n|turn|1\n|inactive|Battle timer is ON: inactive players will automatically lose when time's up. (requested by Samsonite 22)\n|\n|t:|1782821228\n|switch|p1a: Leafeon|Leafeon, L88, F|258/258\n|move|p2a: Mudsdale|Stealth Rock|p1a: Leafeon\n|-sidestart|p1: Samsonite 22|move: Stealth Rock\n|\n|upkeep\n|turn|2\n|\n|t:|1782821239\n|switch|p2a: Qwilfish|Qwilfish, L86, F|252/252\n|-ability|p2a: Qwilfish|Intimidate|boost\n|-unboost|p1a: Leafeon|atk|1\n|move|p1a: Leafeon|Swords Dance|p1a: Leafeon\n|-boost|p1a: Leafeon|atk|2\n|\n|upkeep\n|turn|3\n|\n|t:|1782821250\n|move|p1a: Leafeon|Leaf Blade|p2a: Qwilfish\n|-damage|p2a: Qwilfish|26/252\n|-damage|p1a: Leafeon|233/258|[from] item: Life Orb\n|move|p2a: Qwilfish|Gunk Shot|p1a: Leafeon|[miss]\n|-miss|p2a: Qwilfish|p1a: Leafeon\n|\n|upkeep\n|turn|4\n|\n|t:|1782821258\n|move|p1a: Leafeon|Leaf Blade|p2a: Qwilfish\n|-damage|p2a: Qwilfish|0 fnt\n|faint|p2a: Qwilfish\n|-damage|p1a: Leafeon|208/258|[from] item: Life Orb\n|\n|upkeep\n|\n|t:|1782821264\n|switch|p2a: Copperajah|Copperajah, L86, M|350/350\n|turn|5\n|\n|t:|1782821278\n|move|p1a: Leafeon|Leaf Blade|p2a: Copperajah\n|-resisted|p2a: Copperajah\n|-damage|p2a: Copperajah|228/350\n|-damage|p1a: Leafeon|183/258|[from] item: Life Orb\n|move|p2a: Copperajah|Iron Head|p1a: Leafeon\n|-damage|p1a: Leafeon|45/258\n|\n|upkeep\n|turn|6\n|\n|t:|1782821287\n|move|p1a: Leafeon|Leaf Blade|p2a: Copperajah\n|-resisted|p2a: Copperajah\n|-crit|p2a: Copperajah\n|-damage|p2a: Copperajah|23/350\n|-damage|p1a: Leafeon|20/258|[from] item: Life Orb\n|move|p2a: Copperajah|Play Rough|p1a: Leafeon\n|-damage|p1a: Leafeon|0 fnt\n|faint|p1a: Leafeon\n|\n|upkeep\n|\n|t:|1782821308\n|switch|p1a: Kleavor|Kleavor, L78, F|237/237\n|turn|7\n|\n|t:|1782821312\n|switch|p2a: Mudsdale|Mudsdale, L83, F|302/302\n|move|p1a: Kleavor|Stone Axe|p2a: Mudsdale\n|-resisted|p2a: Mudsdale\n|-damage|p2a: Mudsdale|249/302\n|-ability|p2a: Mudsdale|Stamina|boost\n|-boost|p2a: Mudsdale|def|1\n|-sidestart|p2: Aunche|move: Stealth Rock\n|\n|-heal|p2a: Mudsdale|267/302|[from] item: Leftovers\n|upkeep\n|turn|8\n|\n|t:|1782821326\n|switch|p1a: Wyrdeer|Wyrdeer, L87, M|321/321\n|-damage|p1a: Wyrdeer|281/321|[from] Stealth Rock\n|-ability|p1a: Wyrdeer|Intimidate|boost\n|-unboost|p2a: Mudsdale|atk|1\n|move|p2a: Mudsdale|Heavy Slam|p1a: Wyrdeer\n|-damage|p1a: Wyrdeer|205/321\n|\n|-heal|p2a: Mudsdale|285/302|[from] item: Leftovers\n|upkeep\n|turn|9\n|\n|t:|1782821337\n|move|p1a: Wyrdeer|Psychic Noise|p2a: Mudsdale\n|-crit|p2a: Mudsdale\n|-damage|p2a: Mudsdale|135/302\n|-start|p2a: Mudsdale|move: Heal Block\n|-ability|p2a: Mudsdale|Stamina|boost\n|-boost|p2a: Mudsdale|def|1\n|move|p2a: Mudsdale|Earthquake|p1a: Wyrdeer\n|-damage|p1a: Wyrdeer|100/321\n|\n|upkeep\n|turn|10\n|\n|t:|1782821347\n|move|p1a: Wyrdeer|Psychic Noise|p2a: Mudsdale\n|-damage|p2a: Mudsdale|35/302\n|-ability|p2a: Mudsdale|Stamina|boost\n|-boost|p2a: Mudsdale|def|1\n|move|p2a: Mudsdale|Earthquake|p1a: Wyrdeer\n|-damage|p1a: Wyrdeer|0 fnt\n|faint|p1a: Wyrdeer\n|\n|-end|p2a: Mudsdale|move: Heal Block\n|upkeep\n|\n|t:|1782821360\n|switch|p1a: Dragalge|Dragalge, L88, M|258/258\n|-damage|p1a: Dragalge|226/258|[from] Stealth Rock\n|turn|11\n|\n|t:|1782821368\n|move|p1a: Dragalge|Sludge Wave|p2a: Mudsdale\n|-resisted|p2a: Mudsdale\n|-damage|p2a: Mudsdale|0 fnt\n|faint|p2a: Mudsdale\n|\n|upkeep\n|\n|t:|1782821373\n|switch|p2a: Meganium|Meganium, L90, F|290/290\n|-damage|p2a: Meganium|254/290|[from] Stealth Rock\n|turn|12\n|\n|t:|1782821379\n|move|p2a: Meganium|Swords Dance|p2a: Meganium\n|-boost|p2a: Meganium|atk|2\n|move|p1a: Dragalge|Dragon Tail|p2a: Meganium\n|-damage|p2a: Meganium|186/290\n|drag|p2a: Empoleon|Empoleon, L84, F|278/278\n|-damage|p2a: Empoleon|261/278|[from] Stealth Rock\n|\n|-heal|p2a: Empoleon|278/278|[from] item: Leftovers\n|upkeep\n|turn|13\n|\n|t:|1782821393\n|move|p2a: Empoleon|Knock Off|p1a: Dragalge\n|-damage|p1a: Dragalge|169/258\n|-enditem|p1a: Dragalge|Assault Vest|[from] move: Knock Off|[of] p2a: Empoleon\n|move|p1a: Dragalge|Focus Blast|p2a: Empoleon|[miss]\n|-miss|p1a: Dragalge|p2a: Empoleon\n|\n|upkeep\n|turn|14\n|\n|t:|1782821401\n|move|p2a: Empoleon|Yawn|p1a: Dragalge\n|-start|p1a: Dragalge|move: Yawn|[of] p2a: Empoleon\n|move|p1a: Dragalge|Focus Blast|p2a: Empoleon|[miss]\n|-miss|p1a: Dragalge|p2a: Empoleon\n|\n|upkeep\n|turn|15\n|\n|t:|1782821416\n|switch|p2a: Copperajah|Copperajah, L86, M|23/350\n|-damage|p2a: Copperajah|2/350|[from] Stealth Rock\n|switch|p1a: Heracross|Heracross, L80, F|259/259\n|-damage|p1a: Heracross|227/259|[from] Stealth Rock\n|\n|-status|p1a: Heracross|brn|[from] item: Flame Orb\n|upkeep\n|turn|16\n|\n|t:|1782821426\n|move|p1a: Heracross|Trailblaze|p2a: Copperajah\n|-resisted|p2a: Copperajah\n|-crit|p2a: Copperajah\n|-damage|p2a: Copperajah|0 fnt\n|-boost|p1a: Heracross|spe|1\n|faint|p2a: Copperajah\n|\n|-damage|p1a: Heracross|211/259 brn|[from] brn\n|upkeep\n|\n|t:|1782821428\n|switch|p2a: Kleavor|Kleavor, L78, M|237/237\n|turn|17\n|\n|t:|1782821442\n|move|p1a: Heracross|Knock Off|p2a: Kleavor\n|-damage|p2a: Kleavor|127/237\n|-enditem|p2a: Kleavor|Heavy-Duty Boots|[from] move: Knock Off|[of] p1a: Heracross\n|move|p2a: Kleavor|Stone Axe|p1a: Heracross\n|-damage|p1a: Heracross|61/259 brn\n|\n|-damage|p1a: Heracross|45/259 brn|[from] brn\n|upkeep\n|turn|18\n|\n|t:|1782821452\n|move|p1a: Heracross|Close Combat|p2a: Kleavor\n|-damage|p2a: Kleavor|0 fnt\n|-unboost|p1a: Heracross|def|1\n|-unboost|p1a: Heracross|spd|1\n|faint|p2a: Kleavor\n|\n|-damage|p1a: Heracross|29/259 brn|[from] brn\n|upkeep\n|-message|Aunche forfeited.\n|\n|win|Samsonite 22\n|raw|Samsonite 22's rating: 2125 &rarr; <strong>2146</strong><br />(+21 for winning)\n|raw|Aunche's rating: 2139 &rarr; <strong>2118</strong><br />(-21 for losing)\n", "inputlog": ">version f8ac14003a5f27e1bdc8d8c59608a773c1cb96e5\n>start {\"formatid\":\"gen9randombattle\",\"seed\":\"sodium,234caecf000d6b12bd1fa189a57bacdd\",\"rated\":\"Rated battle\"}\n>player p1 {\"name\":\"Samsonite 22\",\"avatar\":\"1\",\"rating\":2125,\"seed\":\"sodium,fe66eaf7b56034924503cd682593c1f7\"}\n>player p2 {\"name\":\"Aunche\",\"avatar\":\"102\",\"rating\":2139,\"seed\":\"sodium,32d27a1d6d7d801fc8b0cecbca5ebf90\"}\n>p1 switch 6\n>p2 move stealthrock\n>p1 move swordsdance\n>p2 switch 2\n>p1 move leafblade\n>p2 move gunkshot\n>p1 move leafblade\n>p2 move gunkshot\n>p2 switch 4\n>p1 move leafblade\n>p2 move ironhead\n>p1 move leafblade\n>p2 move playrough\n>p1 switch 4\n>p1 move stoneaxe\n>p2 switch 2\n>p1 switch 2\n>p2 move heavyslam\n>p1 move psychicnoise\n>p2 move earthquake\n>p1 move psychicnoise\n>p2 move earthquake\n>p1 switch 6\n>p1 move sludgewave\n>p2 move earthquake\n>p2 switch 5\n>p1 move dragontail\n>p2 move swordsdance\n>p1 move focusblast\n>p2 move knockoff\n>p1 move focusblast\n>p2 move yawn\n>p1 switch 3\n>p2 switch 2\n>p1 move trailblaze\n>p2 move ironhead\n>p2 switch 6\n>p1 move knockoff\n>p2 move stoneaxe\n>p1 move closecombat\n>p2 move stoneaxe\n>forcelose p2", "uploadtime": 1782821205, "views": 4, "formatid": "gen9randombattle", "rating": 2118, "private": 0, "password": null, "player_dets": [{"name": "Samsonite 22", "avatar": "1", "rating": 2125, "seed": "sodium,fe66eaf7b56034924503cd682593c1f7"}, {"name": "Aunche", "avatar": "102", "rating": 2139, "seed": "sodium,32d27a1d6d7d801fc8b0cecbca5ebf90"}], "teams_full": [{"Dragalge": {"name": "Dragalge", "species": "Dragalge", "speciesId": "dragalge", "gender": "M", "shiny": false, "level": 88, "moves": ["focusblast", "sludgewave", "dracometeor", "dragontail"], "ability": "Adaptability", "evs": {"hp": 85, "atk": 85, "def": 85, "spa": 85, "spd": 85, "spe": 85}, "ivs": {"hp": 31, "atk": 31, "def": 31, "spa": 31, "spd": 31, "spe": 31}, "item": "Assault Vest", "teraType": "Fighting", "role": "Bulky Attacker", "bvs": {"hp": 65, "atk": 75, "def": 90, "spa": 97, "spd": 123, "spe": 44}, "stats": {"hp": 258, "atk": 182, "def": 209, "spa": 221, "spd": 267, "spe": 128}, "types": ["Poison", "Dragon"]}, "Wyrdeer": {"name": "Wyrdeer", "species": "Wyrdeer", "speciesId": "wyrdeer", "gender": "M", "shiny": false, "level": 87, "moves": ["psychicnoise", "bodyslam", "megahorn", "earthquake"], "ability": "Intimidate", "evs": {"hp": 85, "atk": 85, "def": 85, "spa": 85, "spd": 85, "spe": 85}, "ivs": {"hp": 31, "atk": 31, "def": 31, "spa": 31, "spd": 31, "spe": 31}, "item": "Assault Vest", "teraType": "Ground", "role": "Bulky Attacker", "bvs": {"hp": 103, "atk": 105, "def": 72, "spa": 105, "spd": 75, "spe": 65}, "stats": {"hp": 321, "atk": 232, "def": 175, "spa": 232, "spd": 180, "spe": 163}, "types": ["Normal", "Psychic"]}, "Heracross": {"name": "Heracross", "species": "Heracross", "speciesId": "heracross", "gender": "F", "shiny": false, "level": 80, "moves": ["closecombat", "trailblaze", "knockoff", "facade"], "ability": "Guts", "evs": {"hp": 85, "atk": 85, "def": 85, "spa": 85, "spd": 85, "spe": 85}, "ivs": {"hp": 31, "atk": 31, "def": 31, "spa": 31, "spd": 31, "spe": 31}, "item": "Flame Orb", "teraType": "Normal", "role": "Setup Sweeper", "bvs": {"hp": 80, "atk": 125, "def": 75, "spa": 40, "spd": 95, "spe": 85}, "stats": {"hp": 259, "atk": 246, "def": 166, "spa": 110, "spd": 198, "spe": 182}, "types": ["Bug", "Fighting"]}, "Kleavor": {"name": "Kleavor", "species": "Kleavor", "speciesId": "kleavor", "gender": "F", "shiny": false, "level": 78, "moves": ["closecombat", "xscissor", "defog", "stoneaxe"], "ability": "Sharpness", "evs": {"hp": 85, "atk": 85, "def": 85, "spa": 85, "spd": 85, "spe": 85}, "ivs": {"hp": 31, "atk": 31, "def": 31, "spa": 31, "spd": 31, "spe": 31}, "item": "Heavy-Duty Boots", "teraType": "Fighting", "role": "Bulky Attacker", "bvs": {"hp": 70, "atk": 135, "def": 95, "spa": 45, "spd": 70, "spe": 85}, "stats": {"hp": 237, "atk": 256, "def": 193, "spa": 115, "spd": 154, "spe": 178}, "types": ["Bug", "Rock"]}, "Baxcalibur": {"name": "Baxcalibur", "species": "Baxcalibur", "speciesId": "baxcalibur", "gender": "M", "shiny": false, "level": 75, "moves": ["iciclespear", "earthquake", "swordsdance", "scaleshot"], "ability": "Thermal Exchange", "evs": {"hp": 81, "atk": 85, "def": 85, "spa": 85, "spd": 85, "spe": 85}, "ivs": {"hp": 31, "atk": 31, "def": 31, "spa": 31, "spd": 31, "spe": 31}, "item": "Loaded Dice", "teraType": "Ground", "role": "Bulky Setup", "bvs": {"hp": 115, "atk": 145, "def": 92, "spa": 75, "spd": 86, "spe": 87}, "stats": {"hp": 295, "atk": 261, "def": 182, "spa": 156, "spd": 173, "spe": 174}, "types": ["Dragon", "Ice"]}, "Leafeon": {"name": "Leafeon", "species": "Leafeon", "speciesId": "leafeon", "gender": "F", "shiny": false, "level": 88, "moves": ["doubleedge", "swordsdance", "synthesis", "leafblade"], "ability": "Chlorophyll", "evs": {"hp": 85, "atk": 85, "def": 85, "spa": 85, "spd": 85, "spe": 85}, "ivs": {"hp": 31, "atk": 31, "def": 31, "spa": 31, "spd": 31, "spe": 31}, "item": "Life Orb", "teraType": "Normal", "role": "Setup Sweeper", "bvs": {"hp": 65, "atk": 110, "def": 130, "spa": 60, "spd": 65, "spe": 95}, "stats": {"hp": 258, "atk": 244, "def": 279, "spa": 156, "spd": 165, "spe": 217}, "types": ["Grass"]}}, {"Mudsdale": {"name": "Mudsdale", "species": "Mudsdale", "speciesId": "mudsdale", "gender": "F", "shiny": false, "level": 83, "moves": ["stealthrock", "heavyslam", "earthquake", "stoneedge"], "ability": "Stamina", "evs": {"hp": 85, "atk": 85, "def": 85, "spa": 85, "spd": 85, "spe": 85}, "ivs": {"hp": 31, "atk": 31, "def": 31, "spa": 31, "spd": 31, "spe": 31}, "item": "Leftovers", "teraType": "Steel", "role": "Bulky Attacker", "bvs": {"hp": 100, "atk": 125, "def": 100, "spa": 55, "spd": 85, "spe": 35}, "stats": {"hp": 302, "atk": 255, "def": 214, "spa": 139, "spd": 189, "spe": 106}, "types": ["Ground"]}, "Qwilfish": {"name": "Qwilfish", "species": "Qwilfish", "speciesId": "qwilfish", "gender": "F", "shiny": false, "level": 86, "moves": ["gunkshot", "flipturn", "toxic", "painsplit"], "ability": "Intimidate", "evs": {"hp": 85, "atk": 85, "def": 85, "spa": 85, "spd": 85, "spe": 85}, "ivs": {"hp": 31, "atk": 31, "def": 31, "spa": 31, "spd": 31, "spe": 31}, "item": "Heavy-Duty Boots", "teraType": "Dark", "role": "Fast Support", "bvs": {"hp": 65, "atk": 95, "def": 85, "spa": 55, "spd": 55, "spe": 85}, "stats": {"hp": 252, "atk": 213, "def": 195, "spa": 144, "spd": 144, "spe": 195}, "types": ["Water", "Poison"]}, "Empoleon": {"name": "Empoleon", "species": "Empoleon", "speciesId": "empoleon", "gender": "F", "shiny": false, "level": 84, "moves": ["knockoff", "surf", "yawn", "roost"], "ability": "Competitive", "evs": {"hp": 85, "atk": 85, "def": 85, "spa": 85, "spd": 85, "spe": 85}, "ivs": {"hp": 31, "atk": 31, "def": 31, "spa": 31, "spd": 31, "spe": 31}, "item": "Leftovers", "teraType": "Flying", "role": "Bulky Support", "bvs": {"hp": 84, "atk": 86, "def": 88, "spa": 111, "spd": 101, "spe": 60}, "stats": {"hp": 278, "atk": 193, "def": 196, "spa": 235, "spd": 218, "spe": 149}, "types": ["Water", "Steel"]}, "Copperajah": {"name": "Copperajah", "species": "Copperajah", "speciesId": "copperajah", "gender": "M", "shiny": false, "level": 86, "moves": ["playrough", "earthquake", "ironhead", "rockslide"], "ability": "Sheer Force", "evs": {"hp": 85, "atk": 85, "def": 85, "spa": 85, "spd": 85, "spe": 85}, "ivs": {"hp": 31, "atk": 31, "def": 31, "spa": 31, "spd": 31, "spe": 31}, "item": "Life Orb", "teraType": "Fairy", "role": "Wallbreaker", "bvs": {"hp": 122, "atk": 130, "def": 69, "spa": 80, "spd": 69, "spe": 30}, "stats": {"hp": 350, "atk": 273, "def": 168, "spa": 187, "spd": 168, "spe": 101}, "types": ["Steel"]}, "Meganium": {"name": "Meganium", "species": "Meganium", "speciesId": "meganium", "gender": "F", "shiny": false, "level": 90, "moves": ["knockoff", "swordsdance", "earthquake", "petalblizzard"], "ability": "Overgrow", "evs": {"hp": 85, "atk": 85, "def": 85, "spa": 85, "spd": 85, "spe": 85}, "ivs": {"hp": 31, "atk": 31, "def": 31, "spa": 31, "spd": 31, "spe": 31}, "item": "Leftovers", "teraType": "Water", "role": "Bulky Setup", "bvs": {"hp": 80, "atk": 82, "def": 100, "spa": 83, "spd": 100, "spe": 80}, "stats": {"hp": 290, "atk": 199, "def": 231, "spa": 201, "spd": 231, "spe": 195}, "types": ["Grass"]}, "Kleavor": {"name": "Kleavor", "species": "Kleavor", "speciesId": "kleavor", "gender": "M", "shiny": false, "level": 78, "moves": ["closecombat", "defog", "stoneaxe", "xscissor"], "ability": "Sharpness", "evs": {"hp": 85, "atk": 85, "def": 85, "spa": 85, "spd": 85, "spe": 85}, "ivs": {"hp": 31, "atk": 31, "def": 31, "spa": 31, "spd": 31, "spe": 31}, "item": "Heavy-Duty Boots", "teraType": "Rock", "role": "Bulky Attacker", "bvs": {"hp": 70, "atk": 135, "def": 95, "spa": 45, "spd": 70, "spe": 85}, "stats": {"hp": 237, "atk": 256, "def": 193, "spa": 115, "spd": 154, "spe": 178}, "types": ["Bug", "Rock"]}}]}