{"id": "gen9randombattle-2641239862", "format": "[Gen 9] Random Battle", "players": ["Kyledes", "Micael Lopes"], "log": "|j|\u2606Kyledes\n|j|\u2606Micael Lopes\n|t:|1782757772\n|gametype|singles\n|player|p1|Kyledes|1|1946\n|player|p2|Micael Lopes|benga|1989\n|gen|9\n|tier|[Gen 9] Random Battle\n|rated|\n|rule|Species Clause: Limit one of each Pok\u00e9mon\n|rule|HP Percentage Mod: HP is shown in percentages\n|rule|Sleep Clause Mod: Limit one foe put to sleep\n|rule|Illusion Level Mod: Illusion disguises the Pok\u00e9mon's true level\n|\n|t:|1782757772\n|teamsize|p1|6\n|teamsize|p2|6\n|start\n|switch|p1a: Espathra|Espathra, L80, M|283/283\n|switch|p2a: Regice|Regice, L88|284/284\n|turn|1\n|inactive|Battle timer is ON: inactive players will automatically lose when time's up. (requested by Micael Lopes)\n|\n|t:|1782757793\n|move|p1a: Espathra|Lumina Crash|p2a: Regice\n|-damage|p2a: Regice|221/284\n|move|p2a: Regice|Thunder Wave|p1a: Espathra\n|-status|p1a: Espathra|par\n|\n|-ability|p1a: Espathra|Speed Boost|boost\n|-boost|p1a: Espathra|spe|1\n|upkeep\n|turn|2\n|inactive|Micael Lopes has 120 seconds left.\n|\n|t:|1782757836\n|switch|p1a: Dewgong|Dewgong, L94, M|322/322\n|switch|p2a: Tinkaton|Tinkaton, L82, F|274/274\n|-ability|p2a: Tinkaton|Mold Breaker\n|\n|upkeep\n|turn|3\n|\n|t:|1782757845\n|move|p2a: Tinkaton|Thunder Wave|p1a: Dewgong\n|-status|p1a: Dewgong|par\n|move|p1a: Dewgong|Knock Off|p2a: Tinkaton\n|-resisted|p2a: Tinkaton\n|-damage|p2a: Tinkaton|239/274\n|-enditem|p2a: Tinkaton|Leftovers|[from] move: Knock Off|[of] p1a: Dewgong\n|\n|upkeep\n|turn|4\n|\n|t:|1782757852\n|move|p2a: Tinkaton|Stealth Rock|p1a: Dewgong\n|-sidestart|p1: Kyledes|move: Stealth Rock\n|move|p1a: Dewgong|Surf|p2a: Tinkaton\n|-damage|p2a: Tinkaton|151/274\n|\n|upkeep\n|turn|5\n|inactive|Micael Lopes has 120 seconds left.\n|\n|t:|1782757890\n|move|p2a: Tinkaton|Gigaton Hammer|p1a: Dewgong\n|-damage|p1a: Dewgong|199/322 par\n|move|p1a: Dewgong|Surf|p2a: Tinkaton\n|-damage|p2a: Tinkaton|66/274\n|\n|upkeep\n|turn|6\n|\n|t:|1782757896\n|move|p2a: Tinkaton|Play Rough|p1a: Dewgong\n|-damage|p1a: Dewgong|120/322 par\n|move|p1a: Dewgong|Surf|p2a: Tinkaton\n|-damage|p2a: Tinkaton|0 fnt\n|faint|p2a: Tinkaton\n|\n|upkeep\n|\n|t:|1782757904\n|switch|p2a: Iron Hands|Iron Hands, L79|373/373\n|turn|7\n|\n|t:|1782757914\n|switch|p1a: Espathra|Espathra, L80, M|283/283 par\n|-damage|p1a: Espathra|248/283 par|[from] Stealth Rock\n|move|p2a: Iron Hands|Wild Charge|p1a: Espathra\n|-damage|p1a: Espathra|101/283 par\n|-damage|p2a: Iron Hands|336/373|[from] Recoil\n|\n|upkeep\n|turn|8\n|inactive|Micael Lopes has 120 seconds left.\n|\n|t:|1782757928\n|move|p2a: Iron Hands|Wild Charge|p1a: Espathra\n|-damage|p1a: Espathra|0 fnt\n|faint|p1a: Espathra\n|-damage|p2a: Iron Hands|311/373|[from] Recoil\n|\n|upkeep\n|\n|t:|1782757947\n|switch|p1a: Raikou|Raikou, L81|278/278\n|-damage|p1a: Raikou|244/278|[from] Stealth Rock\n|-ability|p1a: Raikou|Pressure\n|turn|9\n|\n|t:|1782757952\n|move|p1a: Raikou|Scald|p2a: Iron Hands\n|-damage|p2a: Iron Hands|256/373\n|move|p2a: Iron Hands|Drain Punch|p1a: Raikou\n|-damage|p1a: Raikou|142/278\n|-heal|p2a: Iron Hands|307/373|[from] drain|[of] p1a: Raikou\n|\n|-heal|p1a: Raikou|159/278|[from] item: Leftovers\n|upkeep\n|turn|10\n|\n|t:|1782757973\n|move|p1a: Raikou|Scald|p2a: Iron Hands\n|-damage|p2a: Iron Hands|257/373\n|move|p2a: Iron Hands|Volt Switch|p1a: Raikou\n|-resisted|p1a: Raikou\n|-damage|p1a: Raikou|140/278\n|\n|t:|1782757977\n|-end|p2a: Iron Hands|Quark Drive|[silent]\n|switch|p2a: Zamazenta|Zamazenta, L71|248/248|[from] Volt Switch\n|-ability|p2a: Zamazenta|Dauntless Shield|boost\n|-boost|p2a: Zamazenta|def|1\n|\n|-heal|p1a: Raikou|157/278|[from] item: Leftovers\n|upkeep\n|turn|11\n|\n|t:|1782757988\n|move|p2a: Zamazenta|Close Combat|p1a: Raikou\n|-damage|p1a: Raikou|0 fnt\n|-unboost|p2a: Zamazenta|def|1\n|-unboost|p2a: Zamazenta|spd|1\n|faint|p1a: Raikou\n|\n|upkeep\n|\n|t:|1782758000\n|switch|p1a: Dewgong|Dewgong, L94, M|120/322 par\n|turn|12\n|\n|t:|1782758008\n|move|p2a: Zamazenta|Close Combat|p1a: Dewgong\n|-supereffective|p1a: Dewgong\n|-damage|p1a: Dewgong|0 fnt\n|-unboost|p2a: Zamazenta|def|1\n|-unboost|p2a: Zamazenta|spd|1\n|faint|p1a: Dewgong\n|\n|upkeep\n|\n|t:|1782758035\n|switch|p1a: Arceus|Arceus-Dark, L71|288/288\n|-damage|p1a: Arceus|252/288|[from] Stealth Rock\n|turn|13\n|\n|t:|1782758050\n|-terastallize|p1a: Arceus|Poison\n|move|p2a: Zamazenta|Close Combat|p1a: Arceus\n|-resisted|p1a: Arceus\n|-crit|p1a: Arceus\n|-damage|p1a: Arceus|139/288\n|-unboost|p2a: Zamazenta|def|1\n|-unboost|p2a: Zamazenta|spd|1\n|move|p1a: Arceus|Calm Mind|p1a: Arceus\n|-boost|p1a: Arceus|spa|1\n|-boost|p1a: Arceus|spd|1\n|\n|upkeep\n|turn|14\n|\n|t:|1782758062\n|switch|p2a: Regice|Regice, L88|221/284\n|move|p1a: Arceus|Recover|p1a: Arceus\n|-heal|p1a: Arceus|283/288\n|\n|upkeep\n|turn|15\n|\n|t:|1782758067\n|move|p1a: Arceus|Calm Mind|p1a: Arceus\n|-boost|p1a: Arceus|spa|1\n|-boost|p1a: Arceus|spd|1\n|move|p2a: Regice|Thunder Wave|p1a: Arceus\n|-status|p1a: Arceus|par\n|\n|upkeep\n|turn|16\n|\n|t:|1782758086\n|switch|p2a: Terapagos|Terapagos, L77, F|265/265\n|-activate|p2a: Terapagos|ability: Tera Shift\n|detailschange|p2a: Terapagos|Terapagos-Terastal, L77, F\n|-heal|p2a: Terapagos|273/273|[silent]\n|cant|p1a: Arceus|par\n|\n|upkeep\n|turn|17\n|\n|t:|1782758094\n|move|p2a: Terapagos|Calm Mind|p2a: Terapagos\n|-boost|p2a: Terapagos|spa|1\n|-boost|p2a: Terapagos|spd|1\n|cant|p1a: Arceus|par\n|\n|upkeep\n|turn|18\n|\n|t:|1782758115\n|move|p2a: Terapagos|Calm Mind|p2a: Terapagos\n|-boost|p2a: Terapagos|spa|1\n|-boost|p2a: Terapagos|spd|1\n|move|p1a: Arceus|Sludge Bomb|p2a: Terapagos\n|-activate|p2a: Terapagos|ability: Tera Shell\n|-resisted|p2a: Terapagos\n|-damage|p2a: Terapagos|236/273\n|\n|upkeep\n|turn|19\n|\n|t:|1782758122\n|move|p2a: Terapagos|Calm Mind|p2a: Terapagos\n|-boost|p2a: Terapagos|spa|1\n|-boost|p2a: Terapagos|spd|1\n|move|p1a: Arceus|Sludge Bomb|p2a: Terapagos\n|-damage|p2a: Terapagos|170/273\n|\n|upkeep\n|turn|20\n|\n|t:|1782758140\n|move|p2a: Terapagos|Earth Power|p1a: Arceus\n|-supereffective|p1a: Arceus\n|-damage|p1a: Arceus|153/288 par\n|move|p1a: Arceus|Sludge Bomb|p2a: Terapagos\n|-damage|p2a: Terapagos|113/273\n|\n|upkeep\n|turn|21\n|\n|t:|1782758146\n|move|p2a: Terapagos|Earth Power|p1a: Arceus\n|-supereffective|p1a: Arceus\n|-damage|p1a: Arceus|15/288 par\n|move|p1a: Arceus|Sludge Bomb|p2a: Terapagos\n|-damage|p2a: Terapagos|50/273\n|\n|upkeep\n|turn|22\n|\n|t:|1782758166\n|move|p2a: Terapagos|Rest|p2a: Terapagos\n|-status|p2a: Terapagos|slp|[from] move: Rest\n|-heal|p2a: Terapagos|273/273 slp|[silent]\n|-enditem|p2a: Terapagos|Chesto Berry|[eat]\n|-curestatus|p2a: Terapagos|slp|[msg]\n|move|p1a: Arceus|Judgment|p2a: Terapagos\n|-activate|p2a: Terapagos|ability: Tera Shell\n|-resisted|p2a: Terapagos\n|-damage|p2a: Terapagos|235/273\n|\n|upkeep\n|turn|23\n|\n|t:|1782758177\n|move|p2a: Terapagos|Earth Power|p1a: Arceus\n|-supereffective|p1a: Arceus\n|-damage|p1a: Arceus|0 fnt\n|faint|p1a: Arceus\n|\n|upkeep\n|\n|t:|1782758181\n|switch|p1a: Terrakion|Terrakion, L79|273/273\n|-damage|p1a: Terrakion|256/273|[from] Stealth Rock\n|turn|24\n|\n|t:|1782758200\n|move|p1a: Terrakion|Close Combat|p2a: Terapagos\n|-supereffective|p2a: Terapagos\n|-damage|p2a: Terapagos|0 fnt\n|-unboost|p1a: Terrakion|def|1\n|-unboost|p1a: Terrakion|spd|1\n|faint|p2a: Terapagos\n|\n|upkeep\n|\n|t:|1782758203\n|switch|p2a: Qwilfish|Qwilfish, L86, M|252/252\n|-ability|p2a: Qwilfish|Intimidate|boost\n|-unboost|p1a: Terrakion|atk|1\n|turn|25\n|\n|t:|1782758209\n|move|p1a: Terrakion|Close Combat|p2a: Qwilfish\n|-resisted|p2a: Qwilfish\n|-damage|p2a: Qwilfish|182/252\n|-unboost|p1a: Terrakion|def|1\n|-unboost|p1a: Terrakion|spd|1\n|move|p2a: Qwilfish|Flip Turn|p1a: Terrakion\n|-supereffective|p1a: Terrakion\n|-damage|p1a: Terrakion|0 fnt\n|faint|p1a: Terrakion\n|\n|t:|1782758232\n|switch|p2a: Regice|Regice, L88|221/284|[from] Flip Turn\n|\n|upkeep\n|\n|t:|1782758237\n|switch|p1a: Lokix|Lokix, L82, M|251/251\n|-damage|p1a: Lokix|189/251|[from] Stealth Rock\n|turn|26\n|\n|t:|1782758243\n|move|p1a: Lokix|Swords Dance|p1a: Lokix\n|-boost|p1a: Lokix|atk|2\n|move|p2a: Regice|Thunder Wave|p1a: Lokix\n|-status|p1a: Lokix|par\n|\n|upkeep\n|turn|27\n|\n|t:|1782758249\n|move|p2a: Regice|Ice Beam|p1a: Lokix\n|-damage|p1a: Lokix|44/251 par\n|cant|p1a: Lokix|par\n|\n|upkeep\n|turn|28\n|\n|t:|1782758254\n|switch|p2a: Qwilfish|Qwilfish, L86, M|182/252\n|-ability|p2a: Qwilfish|Intimidate|boost\n|-unboost|p1a: Lokix|atk|1\n|move|p1a: Lokix|Sucker Punch||[still]\n|-fail|p1a: Lokix\n|\n|upkeep\n|turn|29\n|-message|Kyledes forfeited.\n|\n|win|Micael Lopes\n|raw|Kyledes's rating: 1946 &rarr; <strong>1927</strong><br />(-19 for losing)\n|raw|Micael Lopes's rating: 1956 &rarr; <strong>1975</strong><br />(+19 for winning)\n|l|\u2606Kyledes\n|player|p1|\n|c|\u2606Micael Lopes|**__Sexy game.__**\n", "inputlog": ">version f8ac14003a5f27e1bdc8d8c59608a773c1cb96e5\n>start {\"formatid\":\"gen9randombattle\",\"seed\":\"sodium,fb3063e6af683f8a699b0e97843134ca\",\"rated\":\"Rated battle\"}\n>player p1 {\"name\":\"Kyledes\",\"avatar\":\"1\",\"rating\":1946,\"seed\":\"sodium,e895898b342917f9705a63aba3efe774\"}\n>player p2 {\"name\":\"Micael Lopes\",\"avatar\":\"benga\",\"rating\":1989,\"seed\":\"sodium,38e2936c78a2c3d863f8a55c4ac5a299\"}\n>p1 move luminacrash\n>p2 move thunderwave\n>p1 switch 3\n>p2 switch 4\n>p1 move knockoff\n>p2 move thunderwave\n>p1 move surf\n>p2 move stealthrock\n>p1 move surf\n>p2 move gigatonhammer\n>p1 move surf\n>p2 move playrough\n>p2 switch 3\n>p1 switch 3\n>p2 move wildcharge\n>p1 move luminacrash\n>p2 move wildcharge\n>p1 switch 5\n>p1 move scald\n>p2 move drainpunch\n>p1 move scald\n>p2 move voltswitch\n>p2 switch 6\n>p1 move scald\n>p2 move closecombat\n>p1 switch 3\n>p1 move surf\n>p2 move closecombat\n>p1 switch 2\n>p1 move calmmind terastallize\n>p2 move closecombat\n>p1 move recover\n>p2 switch 4\n>p1 move calmmind\n>p2 move thunderwave\n>p1 move sludgebomb\n>p2 switch 2\n>p1 move sludgebomb\n>p2 move calmmind\n>p1 move sludgebomb\n>p2 move calmmind\n>p1 move sludgebomb\n>p2 move calmmind\n>p1 move sludgebomb\n>p2 move earthpower\n>p1 move sludgebomb\n>p2 move earthpower\n>p1 move judgment\n>p2 move rest\n>p1 move judgment\n>p2 move earthpower\n>p1 switch 4\n>p1 move closecombat\n>p2 move terastarstorm\n>p2 switch 5\n>p1 move closecombat\n>p2 move flipturn\n>p2 switch 2\n>p1 switch 6\n>p1 move swordsdance\n>p2 move thunderwave\n>p1 move swordsdance\n>p2 move icebeam\n>p1 move suckerpunch\n>p2 switch 2\n>forcelose p1", "uploadtime": 1782757773, "views": 6, "formatid": "gen9randombattle", "rating": 1927, "private": 0, "password": null, "player_dets": [{"name": "Kyledes", "avatar": "1", "rating": 1946, "seed": "sodium,e895898b342917f9705a63aba3efe774"}, {"name": "Micael Lopes", "avatar": "benga", "rating": 1989, "seed": "sodium,38e2936c78a2c3d863f8a55c4ac5a299"}], "teams_full": [{"Espathra": {"name": "Espathra", "species": "Espathra", "speciesId": "espathra", "gender": "M", "shiny": false, "level": 80, "moves": ["shadowball", "uturn", "luminacrash", "dazzlinggleam"], "ability": "Speed Boost", "evs": {"hp": 85, "atk": 85, "def": 85, "spa": 85, "spd": 85, "spe": 85}, "ivs": {"hp": 31, "atk": 31, "def": 31, "spa": 31, "spd": 31, "spe": 31}, "item": "Choice Specs", "teraType": "Psychic", "role": "Wallbreaker", "bvs": {"hp": 95, "atk": 60, "def": 60, "spa": 101, "spd": 60, "spe": 105}, "stats": {"hp": 283, "atk": 142, "def": 142, "spa": 208, "spd": 142, "spe": 214}, "types": ["Psychic"]}, "Arceus": {"name": "Arceus", "species": "Arceus-Dark", "speciesId": "arceusdark", "gender": "N", "shiny": false, "level": 71, "moves": ["calmmind", "judgment", "sludgebomb", "recover"], "ability": "Multitype", "evs": {"hp": 85, "atk": 0, "def": 85, "spa": 85, "spd": 85, "spe": 85}, "ivs": {"hp": 31, "atk": 0, "def": 31, "spa": 31, "spd": 31, "spe": 31}, "item": "Dread Plate", "teraType": "Poison", "role": "Bulky Setup", "bvs": {"hp": 120, "atk": 120, "def": 120, "spa": 120, "spd": 120, "spe": 120}, "stats": {"hp": 288, "atk": 175, "def": 212, "spa": 212, "spd": 212, "spe": 212}, "types": ["Dark"]}, "Dewgong": {"name": "Dewgong", "species": "Dewgong", "speciesId": "dewgong", "gender": "M", "shiny": false, "level": 94, "moves": ["tripleaxel", "encore", "knockoff", "surf"], "ability": "Thick Fat", "evs": {"hp": 85, "atk": 85, "def": 85, "spa": 85, "spd": 85, "spe": 85}, "ivs": {"hp": 31, "atk": 31, "def": 31, "spa": 31, "spd": 31, "spe": 31}, "item": "Heavy-Duty Boots", "teraType": "Ground", "role": "Bulky Attacker", "bvs": {"hp": 90, "atk": 70, "def": 80, "spa": 70, "spd": 95, "spe": 70}, "stats": {"hp": 322, "atk": 185, "def": 204, "spa": 185, "spd": 232, "spe": 185}, "types": ["Water", "Ice"]}, "Terrakion": {"name": "Terrakion", "species": "Terrakion", "speciesId": "terrakion", "gender": "N", "shiny": false, "level": 79, "moves": ["closecombat", "quickattack", "earthquake", "stoneedge"], "ability": "Justified", "evs": {"hp": 85, "atk": 85, "def": 85, "spa": 85, "spd": 85, "spe": 85}, "ivs": {"hp": 31, "atk": 31, "def": 31, "spa": 31, "spd": 31, "spe": 31}, "item": "Choice Band", "teraType": "Fighting", "role": "Wallbreaker", "bvs": {"hp": 91, "atk": 129, "def": 90, "spa": 72, "spd": 90, "spe": 108}, "stats": {"hp": 273, "atk": 249, "def": 188, "spa": 159, "spd": 188, "spe": 216}, "types": ["Rock", "Fighting"]}, "Raikou": {"name": "Raikou", "species": "Raikou", "speciesId": "raikou", "gender": "N", "shiny": false, "level": 81, "moves": ["thunderbolt", "calmmind", "shadowball", "scald"], "ability": "Pressure", "evs": {"hp": 85, "atk": 0, "def": 85, "spa": 85, "spd": 85, "spe": 85}, "ivs": {"hp": 31, "atk": 0, "def": 31, "spa": 31, "spd": 31, "spe": 31}, "item": "Leftovers", "teraType": "Water", "role": "Bulky Attacker", "bvs": {"hp": 90, "atk": 85, "def": 75, "spa": 115, "spd": 100, "spe": 115}, "stats": {"hp": 278, "atk": 142, "def": 168, "spa": 233, "spd": 209, "spe": 233}, "types": ["Electric"]}, "Lokix": {"name": "Lokix", "species": "Lokix", "speciesId": "lokix", "gender": "M", "shiny": false, "level": 82, "moves": ["knockoff", "suckerpunch", "leechlife", "swordsdance"], "ability": "Tinted Lens", "evs": {"hp": 85, "atk": 85, "def": 85, "spa": 85, "spd": 85, "spe": 85}, "ivs": {"hp": 31, "atk": 31, "def": 31, "spa": 31, "spd": 31, "spe": 31}, "item": "Life Orb", "teraType": "Dark", "role": "Setup Sweeper", "bvs": {"hp": 71, "atk": 102, "def": 78, "spa": 52, "spd": 55, "spe": 92}, "stats": {"hp": 251, "atk": 214, "def": 175, "spa": 132, "spd": 137, "spe": 198}, "types": ["Bug", "Dark"]}}, {"Regice": {"name": "Regice", "species": "Regice", "speciesId": "regice", "gender": "N", "shiny": false, "level": 88, "moves": ["thunderbolt", "thunderwave", "icebeam", "bodypress"], "ability": "Clear Body", "evs": {"hp": 85, "atk": 0, "def": 85, "spa": 85, "spd": 85, "spe": 85}, "ivs": {"hp": 31, "atk": 0, "def": 31, "spa": 31, "spd": 31, "spe": 31}, "item": "Heavy-Duty Boots", "teraType": "Electric", "role": "Bulky Attacker", "bvs": {"hp": 80, "atk": 50, "def": 100, "spa": 100, "spd": 200, "spe": 50}, "stats": {"hp": 284, "atk": 93, "def": 226, "spa": 226, "spd": 402, "spe": 138}, "types": ["Ice"]}, "Terapagos": {"name": "Terapagos", "species": "Terapagos", "speciesId": "terapagos", "gender": "F", "shiny": false, "level": 77, "moves": ["earthpower", "calmmind", "terastarstorm", "rest"], "ability": "Tera Shift", "evs": {"hp": 85, "atk": 0, "def": 85, "spa": 85, "spd": 85, "spe": 85}, "ivs": {"hp": 31, "atk": 0, "def": 31, "spa": 31, "spd": 31, "spe": 31}, "item": "Chesto Berry", "teraType": "Stellar", "role": "Fast Bulky Setup", "bvs": {"hp": 90, "atk": 65, "def": 85, "spa": 65, "spd": 85, "spe": 60}, "stats": {"hp": 265, "atk": 105, "def": 175, "spa": 145, "spd": 175, "spe": 137}, "types": ["Normal"]}, "Iron Hands": {"name": "Iron Hands", "species": "Iron Hands", "speciesId": "ironhands", "gender": "N", "shiny": false, "level": 79, "moves": ["wildcharge", "voltswitch", "drainpunch", "heavyslam"], "ability": "Quark Drive", "evs": {"hp": 85, "atk": 85, "def": 85, "spa": 85, "spd": 85, "spe": 85}, "ivs": {"hp": 31, "atk": 31, "def": 31, "spa": 31, "spd": 31, "spe": 31}, "item": "Assault Vest", "teraType": "Fighting", "role": "AV Pivot", "bvs": {"hp": 154, "atk": 140, "def": 108, "spa": 50, "spd": 68, "spe": 50}, "stats": {"hp": 373, "atk": 267, "def": 216, "spa": 125, "spd": 153, "spe": 125}, "types": ["Fighting", "Electric"]}, "Tinkaton": {"name": "Tinkaton", "species": "Tinkaton", "speciesId": "tinkaton", "gender": "F", "shiny": false, "level": 82, "moves": ["thunderwave", "stealthrock", "playrough", "gigatonhammer"], "ability": "Mold Breaker", "evs": {"hp": 85, "atk": 85, "def": 85, "spa": 85, "spd": 85, "spe": 85}, "ivs": {"hp": 31, "atk": 31, "def": 31, "spa": 31, "spd": 31, "spe": 31}, "item": "Leftovers", "teraType": "Water", "role": "Bulky Attacker", "bvs": {"hp": 85, "atk": 75, "def": 77, "spa": 70, "spd": 105, "spe": 94}, "stats": {"hp": 274, "atk": 170, "def": 173, "spa": 162, "spd": 219, "spe": 201}, "types": ["Fairy", "Steel"]}, "Qwilfish": {"name": "Qwilfish", "species": "Qwilfish", "speciesId": "qwilfish", "gender": "M", "shiny": false, "level": 86, "moves": ["painsplit", "gunkshot", "flipturn", "toxic"], "ability": "Intimidate", "evs": {"hp": 85, "atk": 85, "def": 85, "spa": 85, "spd": 85, "spe": 85}, "ivs": {"hp": 31, "atk": 31, "def": 31, "spa": 31, "spd": 31, "spe": 31}, "item": "Heavy-Duty Boots", "teraType": "Dark", "role": "Fast Support", "bvs": {"hp": 65, "atk": 95, "def": 85, "spa": 55, "spd": 55, "spe": 85}, "stats": {"hp": 252, "atk": 213, "def": 195, "spa": 144, "spd": 144, "spe": 195}, "types": ["Water", "Poison"]}, "Zamazenta": {"name": "Zamazenta", "species": "Zamazenta", "speciesId": "zamazenta", "gender": "N", "shiny": false, "level": 71, "moves": ["crunch", "stoneedge", "psychicfangs", "closecombat"], "ability": "Dauntless Shield", "evs": {"hp": 85, "atk": 85, "def": 85, "spa": 85, "spd": 85, "spe": 85}, "ivs": {"hp": 31, "atk": 31, "def": 31, "spa": 31, "spd": 31, "spe": 31}, "item": "Choice Band", "teraType": "Dark", "role": "Bulky Attacker", "bvs": {"hp": 92, "atk": 120, "def": 115, "spa": 80, "spd": 115, "spe": 138}, "stats": {"hp": 248, "atk": 212, "def": 205, "spa": 155, "spd": 205, "spe": 237}, "types": ["Fighting"]}}]}