{"id": "gen9randombattle-2641210679", "format": "[Gen 9] Random Battle", "players": ["notmetbh102", "13enji"], "log": "|badge|p1|bronze|gen9randombattle|100-9\n|html|<div class=\"broadcast-red\"><strong>This battle is required to be public due to one or more player having a season medal.</strong><br />During the public phase, you can discuss the state of the ladder <a href=\"/seasondiscussion\">in a special chatroom.</a></div>\n|uhtml|medal-msg|<div class=\"broadcast-blue\">Curious what those medals under the avatar are? PS now has Ladder Seasons! For more information, check out the <a href=\"https://www.smogon.com/forums/threads/3740067/\">thread on Smogon.</a></div>\n|raw|<div class=\"broadcast-blue\"><strong>This battle is required to be public due to a player having a name starting with 'medal'.</div>\n|j|\u2606notmetbh102\n|j|\u260613enji\n|t:|1782754138\n|gametype|singles\n|player|p1|notmetbh102|2|2283\n|player|p2|13enji|cynthia|2303\n|gen|9\n|tier|[Gen 9] Random Battle\n|rated|\n|rule|Species Clause: Limit one of each Pok\u00e9mon\n|rule|HP Percentage Mod: HP is shown in percentages\n|rule|Sleep Clause Mod: Limit one foe put to sleep\n|rule|Illusion Level Mod: Illusion disguises the Pok\u00e9mon's true level\n|\n|t:|1782754138\n|teamsize|p1|6\n|teamsize|p2|6\n|start\n|switch|p1a: Basculegion|Basculegion, L80, M|323/323\n|switch|p2a: Urshifu|Urshifu, L74, F|270/270\n|turn|1\n|inactive|Battle timer is ON: inactive players will automatically lose when time's up. (requested by 13enji)\n|inactive|notmetbh102 also wants the timer to be on.\n|c|\u2606notmetbh102|hf\n|\n|t:|1782754151\n|switch|p1a: Orthworm|Orthworm, L88, F|266/266\n|move|p2a: Urshifu|Wicked Blow|p1a: Orthworm\n|-crit|p1a: Orthworm\n|-damage|p1a: Orthworm|169/266\n|-damage|p2a: Urshifu|243/270|[from] item: Life Orb\n|\n|upkeep\n|turn|2\n|\n|t:|1782754153\n|switch|p1a: Charizard|Charizard, L85, F|271/271\n|move|p2a: Urshifu|Close Combat|p1a: Charizard\n|-resisted|p1a: Charizard\n|-damage|p1a: Charizard|188/271\n|-unboost|p2a: Urshifu|def|1\n|-unboost|p2a: Urshifu|spd|1\n|-damage|p2a: Urshifu|216/270|[from] item: Life Orb\n|\n|upkeep\n|turn|3\n|\n|t:|1782754166\n|switch|p2a: Sableye|Sableye, L88, M|231/231\n|move|p1a: Charizard|Hurricane|p2a: Sableye\n|-damage|p2a: Sableye|63/231\n|\n|-heal|p2a: Sableye|77/231|[from] item: Leftovers\n|upkeep\n|turn|4\n|\n|t:|1782754172\n|switch|p2a: Ninetales|Ninetales, L85, M|263/263\n|-weather|SunnyDay|[from] ability: Drought|[of] p2a: Ninetales\n|move|p1a: Charizard|Flamethrower|p2a: Ninetales\n|-resisted|p2a: Ninetales\n|-damage|p2a: Ninetales|193/263\n|\n|-weather|SunnyDay|[upkeep]\n|upkeep\n|turn|5\n|\n|t:|1782754174\n|switch|p2a: Whiscash|Whiscash, L88, F|337/337\n|move|p1a: Charizard|Hurricane|p2a: Whiscash\n|-damage|p2a: Whiscash|190/337\n|\n|-weather|SunnyDay|[upkeep]\n|upkeep\n|turn|6\n|\n|t:|1782754181\n|switch|p1a: Orthworm|Orthworm, L88, F|169/266\n|move|p2a: Whiscash|Dragon Dance|p2a: Whiscash\n|-boost|p2a: Whiscash|atk|1\n|-boost|p2a: Whiscash|spe|1\n|\n|-weather|SunnyDay|[upkeep]\n|upkeep\n|turn|7\n|\n|t:|1782754184\n|move|p2a: Whiscash|Liquidation|p1a: Orthworm\n|-damage|p1a: Orthworm|113/266\n|-damage|p2a: Whiscash|157/337|[from] item: Life Orb\n|move|p1a: Orthworm|Iron Tail|p2a: Whiscash\n|-resisted|p2a: Whiscash\n|-damage|p2a: Whiscash|104/337\n|\n|-weather|SunnyDay|[upkeep]\n|upkeep\n|turn|8\n|\n|t:|1782754189\n|move|p2a: Whiscash|Liquidation|p1a: Orthworm\n|-damage|p1a: Orthworm|58/266\n|-damage|p2a: Whiscash|71/337|[from] item: Life Orb\n|move|p1a: Orthworm|Rest|p1a: Orthworm\n|-status|p1a: Orthworm|slp|[from] move: Rest\n|-heal|p1a: Orthworm|266/266 slp|[silent]\n|-enditem|p1a: Orthworm|Chesto Berry|[eat]\n|-curestatus|p1a: Orthworm|slp|[msg]\n|\n|-weather|none\n|upkeep\n|turn|9\n|\n|t:|1782754192\n|move|p2a: Whiscash|Liquidation|p1a: Orthworm\n|-damage|p1a: Orthworm|157/266\n|-damage|p2a: Whiscash|38/337|[from] item: Life Orb\n|move|p1a: Orthworm|Iron Tail|p2a: Whiscash|[miss]\n|-miss|p1a: Orthworm|p2a: Whiscash\n|\n|upkeep\n|turn|10\n|\n|t:|1782754194\n|move|p2a: Whiscash|Liquidation|p1a: Orthworm\n|-damage|p1a: Orthworm|44/266\n|-damage|p2a: Whiscash|5/337|[from] item: Life Orb\n|move|p1a: Orthworm|Iron Tail|p2a: Whiscash\n|-resisted|p2a: Whiscash\n|-damage|p2a: Whiscash|0 fnt\n|faint|p2a: Whiscash\n|\n|upkeep\n|\n|t:|1782754201\n|switch|p2a: Urshifu|Urshifu, L74, F|216/270\n|turn|11\n|\n|t:|1782754202\n|move|p2a: Urshifu|Wicked Blow|p1a: Orthworm\n|-crit|p1a: Orthworm\n|-damage|p1a: Orthworm|0 fnt\n|faint|p1a: Orthworm\n|-damage|p2a: Urshifu|189/270|[from] item: Life Orb\n|\n|upkeep\n|\n|t:|1782754203\n|switch|p1a: Charizard|Charizard, L85, F|188/271\n|turn|12\n|\n|t:|1782754206\n|switch|p2a: Ninetales|Ninetales, L85, M|193/263\n|-weather|SunnyDay|[from] ability: Drought|[of] p2a: Ninetales\n|move|p1a: Charizard|Hurricane|p2a: Ninetales|[miss]\n|-miss|p1a: Charizard|p2a: Ninetales\n|\n|-weather|SunnyDay|[upkeep]\n|upkeep\n|turn|13\n|\n|t:|1782754210\n|move|p1a: Charizard|Earthquake|p2a: Ninetales\n|-supereffective|p2a: Ninetales\n|-crit|p2a: Ninetales\n|-damage|p2a: Ninetales|0 fnt\n|faint|p2a: Ninetales\n|\n|-weather|SunnyDay|[upkeep]\n|upkeep\n|\n|t:|1782754219\n|switch|p2a: Slowbro|Slowbro, L85, M|300/300\n|turn|14\n|\n|t:|1782754222\n|switch|p1a: Arceus|Arceus-Water, L71|288/288\n|move|p2a: Slowbro|Scald|p1a: Arceus\n|-resisted|p1a: Arceus\n|-damage|p1a: Arceus|267/288\n|-status|p1a: Arceus|brn\n|\n|-weather|SunnyDay|[upkeep]\n|-damage|p1a: Arceus|249/288 brn|[from] brn\n|upkeep\n|turn|15\n|\n|t:|1782754225\n|move|p1a: Arceus|Calm Mind|p1a: Arceus\n|-boost|p1a: Arceus|spa|1\n|-boost|p1a: Arceus|spd|1\n|move|p2a: Slowbro|Iron Defense|p2a: Slowbro\n|-boost|p2a: Slowbro|def|2\n|\n|-weather|SunnyDay|[upkeep]\n|-damage|p1a: Arceus|231/288 brn|[from] brn\n|upkeep\n|turn|16\n|\n|t:|1782754226\n|switch|p1a: Basculegion|Basculegion, L80, M|323/323\n|move|p2a: Slowbro|Body Press|p1a: Basculegion\n|-immune|p1a: Basculegion\n|\n|-weather|none\n|upkeep\n|turn|17\n|\n|t:|1782754228\n|move|p1a: Basculegion|Shadow Ball|p2a: Slowbro\n|-supereffective|p2a: Slowbro\n|-crit|p2a: Slowbro\n|-damage|p2a: Slowbro|16/300\n|move|p2a: Slowbro|Scald|p1a: Basculegion\n|-resisted|p1a: Basculegion\n|-damage|p1a: Basculegion|289/323\n|\n|-heal|p2a: Slowbro|34/300|[from] item: Leftovers\n|upkeep\n|turn|18\n|\n|t:|1782754232\n|switch|p2a: Arboliva|Arboliva, L91, F|290/290\n|move|p1a: Basculegion|Wave Crash|p2a: Arboliva\n|-resisted|p2a: Arboliva\n|-damage|p2a: Arboliva|210/290\n|-fieldstart|move: Grassy Terrain|[from] ability: Seed Sower|[of] p2a: Arboliva\n|-damage|p1a: Basculegion|263/323|[from] Recoil\n|\n|-heal|p1a: Basculegion|283/323|[from] Grassy Terrain\n|-heal|p2a: Arboliva|228/290|[from] Grassy Terrain\n|-heal|p2a: Arboliva|246/290|[from] item: Leftovers\n|upkeep\n|turn|19\n|\n|t:|1782754236\n|move|p1a: Basculegion|Flip Turn|p2a: Arboliva\n|-resisted|p2a: Arboliva\n|-damage|p2a: Arboliva|204/290\n|\n|t:|1782754237\n|switch|p1a: Charizard|Charizard, L85, F|188/271|[from] Flip Turn\n|move|p2a: Arboliva|Hyper Voice|p1a: Charizard\n|-damage|p1a: Charizard|56/271\n|\n|-heal|p2a: Arboliva|222/290|[from] Grassy Terrain\n|-heal|p2a: Arboliva|240/290|[from] item: Leftovers\n|upkeep\n|turn|20\n|\n|t:|1782754244\n|move|p1a: Charizard|Flamethrower|p2a: Arboliva\n|-supereffective|p2a: Arboliva\n|-damage|p2a: Arboliva|0 fnt\n|faint|p2a: Arboliva\n|\n|upkeep\n|\n|t:|1782754248\n|switch|p2a: Sableye|Sableye, L88, M|77/231\n|turn|21\n|\n|t:|1782754249\n|-terastallize|p1a: Charizard|Ground\n|move|p2a: Sableye|Thunder Wave|p1a: Charizard\n|-immune|p1a: Charizard\n|move|p1a: Charizard|Flamethrower|p2a: Sableye\n|-damage|p2a: Sableye|0 fnt\n|faint|p2a: Sableye\n|\n|-heal|p1a: Charizard|72/271|[from] Grassy Terrain\n|upkeep\n|-message|13enji forfeited.\n|\n|win|notmetbh102\n|raw|notmetbh102's rating: 2283 &rarr; <strong>2304</strong><br />(+21 for winning)\n|raw|13enji's rating: 2303 &rarr; <strong>2282</strong><br />(-21 for losing)\n|c|\u2606notmetbh102|gg\n|l|\u260613enji\n|player|p2|\n", "inputlog": ">version f8ac14003a5f27e1bdc8d8c59608a773c1cb96e5\n>start {\"formatid\":\"gen9randombattle\",\"seed\":\"sodium,1f3827e722d7560d0f774c85c0022d46\",\"rated\":\"Rated battle\"}\n>player p1 {\"name\":\"notmetbh102\",\"avatar\":\"2\",\"rating\":2283,\"seed\":\"sodium,39937e3dd0fc29b50fbc3d5f994c6288\"}\n>player p2 {\"name\":\"13enji\",\"avatar\":\"cynthia\",\"rating\":2303,\"seed\":\"sodium,6619400fd846f2c78350651c2f591250\"}\n>chat \u2606notmetbh102|hf\n>p1 switch 2\n>p2 move wickedblow\n>p1 switch 3\n>p2 move closecombat\n>p1 move hurricane\n>p2 switch 3\n>p1 move flamethrower\n>p2 switch 2\n>p1 move hurricane\n>p2 switch 4\n>p1 switch 3\n>p2 move dragondance\n>p1 move irontail\n>p2 move liquidation\n>p1 move rest\n>p2 move liquidation\n>p1 move irontail\n>p2 move liquidation\n>p1 move irontail\n>p2 move liquidation\n>p2 switch 3\n>p1 move rest\n>p2 move wickedblow\n>p1 switch 3\n>p1 move hurricane\n>p2 switch 4\n>p1 move earthquake\n>p2 move nastyplot\n>p2 switch 6\n>p1 switch 5\n>p2 move scald\n>p1 move calmmind\n>p2 move irondefense\n>p1 switch 2\n>p2 move bodypress\n>p1 move shadowball\n>p2 move scald\n>p1 move wavecrash\n>p2 switch 5\n>p1 move flipturn\n>p2 move hypervoice\n>p1 switch 5\n>p1 move flamethrower\n>p2 move hypervoice\n>p2 switch 2\n>p1 move flamethrower terastallize\n>p2 move thunderwave\n>forcelose p2", "uploadtime": 1782754254, "views": 10, "formatid": "gen9randombattle", "rating": 2282, "private": 0, "password": null, "player_dets": [{"name": "notmetbh102", "avatar": "2", "rating": 2283, "seed": "sodium,39937e3dd0fc29b50fbc3d5f994c6288"}, {"name": "13enji", "avatar": "cynthia", "rating": 2303, "seed": "sodium,6619400fd846f2c78350651c2f591250"}], "teams_full": [{"Basculegion": {"name": "Basculegion", "species": "Basculegion", "speciesId": "basculegion", "gender": "M", "shiny": false, "level": 80, "moves": ["shadowball", "flipturn", "wavecrash", "aquajet"], "ability": "Adaptability", "evs": {"hp": 85, "atk": 85, "def": 85, "spa": 85, "spd": 85, "spe": 85}, "ivs": {"hp": 31, "atk": 31, "def": 31, "spa": 31, "spd": 31, "spe": 31}, "item": "Assault Vest", "teraType": "Water", "role": "AV Pivot", "bvs": {"hp": 120, "atk": 112, "def": 65, "spa": 80, "spd": 75, "spe": 78}, "stats": {"hp": 323, "atk": 225, "def": 150, "spa": 174, "spd": 166, "spe": 171}, "types": ["Water", "Ghost"]}, "Orthworm": {"name": "Orthworm", "species": "Orthworm", "speciesId": "orthworm", "gender": "F", "shiny": false, "level": 88, "moves": ["irontail", "rest", "coil", "bodypress"], "ability": "Earth Eater", "evs": {"hp": 85, "atk": 85, "def": 85, "spa": 85, "spd": 85, "spe": 85}, "ivs": {"hp": 31, "atk": 31, "def": 31, "spa": 31, "spd": 31, "spe": 31}, "item": "Chesto Berry", "teraType": "Fighting", "role": "Bulky Setup", "bvs": {"hp": 70, "atk": 85, "def": 145, "spa": 60, "spd": 55, "spe": 65}, "stats": {"hp": 266, "atk": 200, "def": 305, "spa": 156, "spd": 147, "spe": 165}, "types": ["Steel"]}, "Charizard": {"name": "Charizard", "species": "Charizard", "speciesId": "charizard", "gender": "F", "shiny": false, "level": 85, "moves": ["hurricane", "earthquake", "flamethrower", "focusblast"], "ability": "Blaze", "evs": {"hp": 85, "atk": 85, "def": 85, "spa": 85, "spd": 85, "spe": 85}, "ivs": {"hp": 31, "atk": 31, "def": 31, "spa": 31, "spd": 31, "spe": 31}, "item": "Heavy-Duty Boots", "teraType": "Ground", "role": "Fast Attacker", "bvs": {"hp": 78, "atk": 84, "def": 78, "spa": 109, "spd": 85, "spe": 100}, "stats": {"hp": 271, "atk": 192, "def": 181, "spa": 234, "spd": 193, "spe": 219}, "types": ["Fire", "Flying"]}, "Maushold": {"name": "Maushold", "species": "Maushold", "speciesId": "maushold", "gender": "N", "shiny": false, "level": 76, "moves": ["tidyup", "encore", "populationbomb", "bite"], "ability": "Technician", "evs": {"hp": 85, "atk": 85, "def": 85, "spa": 85, "spd": 85, "spe": 85}, "ivs": {"hp": 31, "atk": 31, "def": 31, "spa": 31, "spd": 31, "spe": 31}, "item": "Wide Lens", "teraType": "Normal", "role": "Setup Sweeper", "bvs": {"hp": 74, "atk": 75, "def": 70, "spa": 65, "spd": 75, "spe": 111}, "stats": {"hp": 238, "atk": 158, "def": 150, "spa": 143, "spd": 158, "spe": 213}, "types": ["Normal"]}, "Arceus": {"name": "Arceus", "species": "Arceus-Water", "speciesId": "arceuswater", "gender": "N", "shiny": false, "level": 71, "moves": ["icebeam", "recover", "judgment", "calmmind"], "ability": "Multitype", "evs": {"hp": 85, "atk": 0, "def": 85, "spa": 85, "spd": 85, "spe": 85}, "ivs": {"hp": 31, "atk": 0, "def": 31, "spa": 31, "spd": 31, "spe": 31}, "item": "Splash Plate", "teraType": "Steel", "role": "Bulky Support", "bvs": {"hp": 120, "atk": 120, "def": 120, "spa": 120, "spd": 120, "spe": 120}, "stats": {"hp": 288, "atk": 175, "def": 212, "spa": 212, "spd": 212, "spe": 212}, "types": ["Water"]}, "Metagross": {"name": "Metagross", "species": "Metagross", "speciesId": "metagross", "gender": "N", "shiny": false, "level": 79, "moves": ["agility", "knockoff", "earthquake", "heavyslam"], "ability": "Clear Body", "evs": {"hp": 85, "atk": 85, "def": 85, "spa": 85, "spd": 85, "spe": 85}, "ivs": {"hp": 31, "atk": 31, "def": 31, "spa": 31, "spd": 31, "spe": 31}, "item": "Weakness Policy", "teraType": "Ground", "role": "Bulky Setup", "bvs": {"hp": 80, "atk": 135, "def": 130, "spa": 95, "spd": 90, "spe": 70}, "stats": {"hp": 256, "atk": 259, "def": 251, "spa": 196, "spd": 188, "spe": 156}, "types": ["Steel", "Psychic"]}}, {"Urshifu": {"name": "Urshifu", "species": "Urshifu", "speciesId": "urshifu", "gender": "F", "shiny": false, "level": 74, "moves": ["swordsdance", "wickedblow", "poisonjab", "closecombat"], "ability": "Unseen Fist", "evs": {"hp": 85, "atk": 85, "def": 85, "spa": 85, "spd": 85, "spe": 85}, "ivs": {"hp": 31, "atk": 31, "def": 31, "spa": 31, "spd": 31, "spe": 31}, "item": "Life Orb", "teraType": "Dark", "role": "Fast Attacker", "bvs": {"hp": 100, "atk": 130, "def": 100, "spa": 63, "spd": 60, "spe": 97}, "stats": {"hp": 270, "atk": 235, "def": 191, "spa": 136, "spd": 132, "spe": 187}, "types": ["Fighting", "Dark"]}, "Ninetales": {"name": "Ninetales", "species": "Ninetales", "speciesId": "ninetales", "gender": "M", "shiny": false, "level": 85, "moves": ["fireblast", "solarbeam", "nastyplot", "scorchingsands"], "ability": "Drought", "evs": {"hp": 85, "atk": 0, "def": 85, "spa": 85, "spd": 85, "spe": 85}, "ivs": {"hp": 31, "atk": 0, "def": 31, "spa": 31, "spd": 31, "spe": 31}, "item": "Heavy-Duty Boots", "teraType": "Grass", "role": "Setup Sweeper", "bvs": {"hp": 73, "atk": 76, "def": 75, "spa": 81, "spd": 100, "spe": 100}, "stats": {"hp": 263, "atk": 134, "def": 176, "spa": 186, "spd": 219, "spe": 219}, "types": ["Fire"]}, "Sableye": {"name": "Sableye", "species": "Sableye", "speciesId": "sableye", "gender": "M", "shiny": false, "level": 88, "moves": ["encore", "knockoff", "recover", "thunderwave"], "ability": "Prankster", "evs": {"hp": 85, "atk": 85, "def": 85, "spa": 85, "spd": 85, "spe": 85}, "ivs": {"hp": 31, "atk": 31, "def": 31, "spa": 31, "spd": 31, "spe": 31}, "item": "Leftovers", "teraType": "Poison", "role": "Bulky Support", "bvs": {"hp": 50, "atk": 75, "def": 75, "spa": 65, "spd": 65, "spe": 50}, "stats": {"hp": 231, "atk": 182, "def": 182, "spa": 165, "spd": 165, "spe": 138}, "types": ["Dark", "Ghost"]}, "Whiscash": {"name": "Whiscash", "species": "Whiscash", "speciesId": "whiscash", "gender": "F", "shiny": false, "level": 88, "moves": ["stoneedge", "dragondance", "liquidation", "earthquake"], "ability": "Oblivious", "evs": {"hp": 85, "atk": 85, "def": 85, "spa": 85, "spd": 85, "spe": 85}, "ivs": {"hp": 31, "atk": 31, "def": 31, "spa": 31, "spd": 31, "spe": 31}, "item": "Life Orb", "teraType": "Ground", "role": "Setup Sweeper", "bvs": {"hp": 110, "atk": 78, "def": 73, "spa": 76, "spd": 71, "spe": 60}, "stats": {"hp": 337, "atk": 188, "def": 179, "spa": 184, "spd": 175, "spe": 156}, "types": ["Water", "Ground"]}, "Arboliva": {"name": "Arboliva", "species": "Arboliva", "speciesId": "arboliva", "gender": "F", "shiny": false, "level": 91, "moves": ["energyball", "earthpower", "hypervoice", "strengthsap"], "ability": "Seed Sower", "evs": {"hp": 85, "atk": 0, "def": 85, "spa": 85, "spd": 85, "spe": 85}, "ivs": {"hp": 31, "atk": 0, "def": 31, "spa": 31, "spd": 31, "spe": 31}, "item": "Leftovers", "teraType": "Grass", "role": "Bulky Attacker", "bvs": {"hp": 78, "atk": 69, "def": 90, "spa": 125, "spd": 109, "spe": 39}, "stats": {"hp": 290, "atk": 130, "def": 216, "spa": 279, "spd": 250, "spe": 123}, "types": ["Grass", "Normal"]}, "Slowbro": {"name": "Slowbro", "species": "Slowbro", "speciesId": "slowbro", "gender": "M", "shiny": false, "level": 85, "moves": ["bodypress", "slackoff", "scald", "irondefense"], "ability": "Regenerator", "evs": {"hp": 85, "atk": 0, "def": 85, "spa": 85, "spd": 85, "spe": 85}, "ivs": {"hp": 31, "atk": 0, "def": 31, "spa": 31, "spd": 31, "spe": 31}, "item": "Leftovers", "teraType": "Fighting", "role": "Bulky Setup", "bvs": {"hp": 95, "atk": 75, "def": 110, "spa": 100, "spd": 80, "spe": 30}, "stats": {"hp": 300, "atk": 132, "def": 236, "spa": 219, "spd": 185, "spe": 100}, "types": ["Water", "Psychic"]}}]}