{"id": "gen9randombattle-2641706684", "format": "[Gen 9] Random Battle", "players": ["testbotcif", "fdfdfdfff"], "log": "|j|\u2606testbotcif\n|j|\u2606fdfdfdfff\n|t:|1782832235\n|gametype|singles\n|player|p1|testbotcif|266|1322\n|player|p2|fdfdfdfff|101|1267\n|gen|9\n|tier|[Gen 9] Random Battle\n|rated|\n|rule|Species Clause: Limit one of each Pok\u00e9mon\n|rule|HP Percentage Mod: HP is shown in percentages\n|rule|Sleep Clause Mod: Limit one foe put to sleep\n|rule|Illusion Level Mod: Illusion disguises the Pok\u00e9mon's true level\n|\n|t:|1782832235\n|teamsize|p1|6\n|teamsize|p2|6\n|start\n|switch|p1a: Pikachu|Pikachu-Unova, L93, M|216/216\n|switch|p2a: Electivire|Electivire, L84, F|263/263\n|turn|1\n|inactive|Battle timer is ON: inactive players will automatically lose when time's up. (requested by testbotcif)\n|c|\u2606testbotcif|rlhf\n|\n|t:|1782832250\n|-terastallize|p2a: Electivire|Flying\n|move|p1a: Pikachu|Knock Off|p2a: Electivire\n|-damage|p2a: Electivire|125/263\n|-enditem|p2a: Electivire|Life Orb|[from] move: Knock Off|[of] p1a: Pikachu\n|move|p2a: Electivire|Ice Punch|p1a: Pikachu\n|-damage|p1a: Pikachu|126/216\n|\n|upkeep\n|turn|2\n|\n|t:|1782832264\n|switch|p2a: Oinkologne|Oinkologne, L92, M|352/352\n|move|p1a: Pikachu|Knock Off|p2a: Oinkologne\n|-damage|p2a: Oinkologne|245/352\n|-enditem|p2a: Oinkologne|Leftovers|[from] move: Knock Off|[of] p1a: Pikachu\n|\n|upkeep\n|turn|3\n|\n|t:|1782832272\n|move|p1a: Pikachu|Volt Tackle|p2a: Oinkologne\n|-damage|p2a: Oinkologne|50/352\n|-damage|p1a: Pikachu|62/216|[from] Recoil\n|move|p2a: Oinkologne|High Horsepower|p1a: Pikachu\n|-supereffective|p1a: Pikachu\n|-damage|p1a: Pikachu|0 fnt\n|faint|p1a: Pikachu\n|\n|upkeep\n|\n|t:|1782832272\n|switch|p1a: Gholdengo|Gholdengo, L77|261/261\n|turn|4\n|\n|t:|1782832297\n|move|p1a: Gholdengo|Shadow Ball|p2a: Oinkologne\n|-immune|p2a: Oinkologne\n|move|p2a: Oinkologne|High Horsepower|p1a: Gholdengo\n|-supereffective|p1a: Gholdengo\n|-damage|p1a: Gholdengo|101/261\n|\n|-heal|p1a: Gholdengo|117/261|[from] item: Leftovers\n|upkeep\n|turn|5\n|\n|t:|1782832306\n|switch|p1a: Hoopa|Hoopa, L85|275/275\n|move|p2a: Oinkologne|High Horsepower|p1a: Hoopa\n|-damage|p1a: Hoopa|179/275\n|\n|upkeep\n|turn|6\n|\n|t:|1782832323\n|move|p1a: Hoopa|Psyshock|p2a: Oinkologne\n|-damage|p2a: Oinkologne|0 fnt\n|faint|p2a: Oinkologne\n|\n|upkeep\n|\n|t:|1782832337\n|switch|p2a: Sableye|Sableye, L88, M|231/231\n|turn|7\n|\n|t:|1782832341\n|switch|p1a: Gouging Fire|Gouging Fire, L74|277/277\n|move|p2a: Sableye|Thunder Wave|p1a: Gouging Fire|[miss]\n|-miss|p2a: Sableye|p1a: Gouging Fire\n|\n|upkeep\n|turn|8\n|\n|t:|1782832349\n|-terastallize|p1a: Gouging Fire|Ground\n|move|p2a: Sableye|Thunder Wave|p1a: Gouging Fire\n|-immune|p1a: Gouging Fire\n|move|p1a: Gouging Fire|Dragon Dance|p1a: Gouging Fire\n|-boost|p1a: Gouging Fire|atk|1\n|-boost|p1a: Gouging Fire|spe|1\n|\n|upkeep\n|turn|9\n|\n|t:|1782832358\n|move|p2a: Sableye|Encore|p1a: Gouging Fire\n|-start|p1a: Gouging Fire|Encore\n|move|p1a: Gouging Fire|Dragon Dance|p1a: Gouging Fire\n|-boost|p1a: Gouging Fire|atk|1\n|-boost|p1a: Gouging Fire|spe|1\n|\n|upkeep\n|turn|10\n|\n|t:|1782832365\n|switch|p2a: Electivire|Electivire, L84, F, tera:Flying|125/263\n|move|p1a: Gouging Fire|Dragon Dance|p1a: Gouging Fire\n|-boost|p1a: Gouging Fire|atk|1\n|-boost|p1a: Gouging Fire|spe|1\n|\n|upkeep\n|turn|11\n|\n|t:|1782832372\n|move|p1a: Gouging Fire|Dragon Dance|p1a: Gouging Fire\n|-boost|p1a: Gouging Fire|atk|1\n|-boost|p1a: Gouging Fire|spe|1\n|move|p2a: Electivire|Ice Punch|p1a: Gouging Fire\n|-supereffective|p1a: Gouging Fire\n|-damage|p1a: Gouging Fire|167/277\n|-status|p1a: Gouging Fire|frz\n|\n|-end|p1a: Gouging Fire|Encore\n|upkeep\n|turn|12\n|\n|t:|1782832382\n|-curestatus|p1a: Gouging Fire|frz|[msg]\n|move|p1a: Gouging Fire|Earthquake|p2a: Electivire\n|-immune|p2a: Electivire\n|move|p2a: Electivire|Ice Punch|p1a: Gouging Fire\n|-supereffective|p1a: Gouging Fire\n|-damage|p1a: Gouging Fire|47/277\n|\n|upkeep\n|turn|13\n|\n|t:|1782832394\n|move|p1a: Gouging Fire|Outrage|p2a: Electivire\n|-damage|p2a: Electivire|0 fnt\n|faint|p2a: Electivire\n|\n|upkeep\n|\n|t:|1782832404\n|switch|p2a: Sableye|Sableye, L88, M|231/231\n|turn|14\n|\n|t:|1782832416\n|move|p1a: Gouging Fire|Outrage|p2a: Sableye|[from] lockedmove\n|-damage|p2a: Sableye|0 fnt\n|faint|p2a: Sableye\n|-start|p1a: Gouging Fire|confusion|[fatigue]\n|\n|upkeep\n|\n|t:|1782832428\n|switch|p2a: Minior|Minior-Orange, L79|224/224\n|-formechange|p2a: Minior|Minior-Meteor||[from] ability: Shields Down\n|turn|15\n|\n|t:|1782832437\n|-activate|p1a: Gouging Fire|confusion\n|move|p1a: Gouging Fire|Outrage|p2a: Minior\n|-damage|p2a: Minior|0 fnt\n|faint|p2a: Minior\n|\n|upkeep\n|-message|fdfdfdfff forfeited.\n|\n|win|testbotcif\n|raw|testbotcif's rating: 1322 &rarr; <strong>1339</strong><br />(+17 for winning)\n|raw|fdfdfdfff's rating: 1267 &rarr; <strong>1246</strong><br />(-21 for losing)\n", "inputlog": ">version f8ac14003a5f27e1bdc8d8c59608a773c1cb96e5\n>start {\"formatid\":\"gen9randombattle\",\"seed\":\"sodium,a0b1e3a304ce59bf0fd0844958cdf9e9\",\"rated\":\"Rated battle\"}\n>player p1 {\"name\":\"testbotcif\",\"avatar\":\"266\",\"rating\":1322,\"seed\":\"sodium,c8ce27cc13a772db0809e597ba420900\"}\n>player p2 {\"name\":\"fdfdfdfff\",\"avatar\":\"101\",\"rating\":1267,\"seed\":\"sodium,d74137adaec8e13b8969daaa14f721ba\"}\n>chat \u2606testbotcif|rlhf\n>p1 move knockoff\n>p2 move icepunch terastallize\n>p1 move knockoff\n>p2 switch 3\n>p1 move volttackle\n>p2 move highhorsepower\n>p1 switch 5\n>p1 move shadowball\n>p2 move highhorsepower\n>p1 switch 4\n>p2 move highhorsepower\n>p1 move psyshock\n>p2 move lashout\n>p2 switch 5\n>p1 switch 2\n>p2 move thunderwave\n>p1 move dragondance terastallize\n>p2 move thunderwave\n>p1 move earthquake\n>p2 move encore\n>p1 move dragondance\n>p2 switch 3\n>p1 move dragondance\n>p2 move icepunch\n>p1 move earthquake\n>p2 move icepunch\n>p1 move outrage\n>p2 move icepunch\n>p2 switch 3\n>p1 move outrage\n>p2 move knockoff\n>p2 switch 2\n>p1 move outrage\n>p2 move shellsmash\n>forcelose p2", "uploadtime": 1782832442, "views": 3, "formatid": "gen9randombattle", "rating": 1246, "private": 0, "password": null, "player_dets": [{"name": "testbotcif", "avatar": "266", "rating": 1322, "seed": "sodium,c8ce27cc13a772db0809e597ba420900"}, {"name": "fdfdfdfff", "avatar": "101", "rating": 1267, "seed": "sodium,d74137adaec8e13b8969daaa14f721ba"}], "teams_full": [{"Pikachu": {"name": "Pikachu", "species": "Pikachu-Unova", "speciesId": "pikachu", "gender": "M", "shiny": false, "level": 93, "moves": ["fakeout", "volttackle", "surf", "knockoff"], "ability": "Lightning Rod", "evs": {"hp": 85, "atk": 85, "def": 85, "spa": 85, "spd": 85, "spe": 85}, "ivs": {"hp": 31, "atk": 31, "def": 31, "spa": 31, "spd": 31, "spe": 31}, "item": "Light Ball", "teraType": "Water", "role": "Fast Attacker", "bvs": {"hp": 35, "atk": 55, "def": 40, "spa": 50, "spd": 50, "spe": 90}, "stats": {"hp": 216, "atk": 155, "def": 127, "spa": 146, "spd": 146, "spe": 220}, "types": ["Electric"]}, "Gouging Fire": {"name": "Gouging Fire", "species": "Gouging Fire", "speciesId": "gougingfire", "gender": "N", "shiny": false, "level": 74, "moves": ["heatcrash", "earthquake", "dragondance", "outrage"], "ability": "Protosynthesis", "evs": {"hp": 85, "atk": 85, "def": 85, "spa": 85, "spd": 85, "spe": 85}, "ivs": {"hp": 31, "atk": 31, "def": 31, "spa": 31, "spd": 31, "spe": 31}, "item": "Heavy-Duty Boots", "teraType": "Ground", "role": "Setup Sweeper", "bvs": {"hp": 105, "atk": 115, "def": 121, "spa": 65, "spd": 93, "spe": 91}, "stats": {"hp": 277, "atk": 213, "def": 222, "spa": 139, "spd": 181, "spe": 178}, "types": ["Fire", "Dragon"]}, "Shaymin": {"name": "Shaymin", "species": "Shaymin", "speciesId": "shaymin", "gender": "N", "shiny": false, "level": 82, "moves": ["earthpower", "seedflare", "airslash", "synthesis"], "ability": "Natural Cure", "evs": {"hp": 85, "atk": 0, "def": 85, "spa": 85, "spd": 85, "spe": 85}, "ivs": {"hp": 31, "atk": 0, "def": 31, "spa": 31, "spd": 31, "spe": 31}, "item": "Leftovers", "teraType": "Ground", "role": "Bulky Attacker", "bvs": {"hp": 100, "atk": 100, "def": 100, "spa": 100, "spd": 100, "spe": 100}, "stats": {"hp": 298, "atk": 169, "def": 211, "spa": 211, "spd": 211, "spe": 211}, "types": ["Grass"]}, "Hoopa": {"name": "Hoopa", "species": "Hoopa", "speciesId": "hoopa", "gender": "N", "shiny": false, "level": 85, "moves": ["psyshock", "focusblast", "shadowball", "trick"], "ability": "Magician", "evs": {"hp": 85, "atk": 0, "def": 85, "spa": 85, "spd": 85, "spe": 85}, "ivs": {"hp": 31, "atk": 0, "def": 31, "spa": 31, "spd": 31, "spe": 31}, "item": "Choice Scarf", "teraType": "Ghost", "role": "Fast Attacker", "bvs": {"hp": 80, "atk": 110, "def": 60, "spa": 150, "spd": 130, "spe": 70}, "stats": {"hp": 275, "atk": 192, "def": 151, "spa": 304, "spd": 270, "spe": 168}, "types": ["Psychic", "Ghost"]}, "Gholdengo": {"name": "Gholdengo", "species": "Gholdengo", "speciesId": "gholdengo", "gender": "N", "shiny": false, "level": 77, "moves": ["focusblast", "nastyplot", "makeitrain", "shadowball"], "ability": "Good as Gold", "evs": {"hp": 85, "atk": 0, "def": 85, "spa": 85, "spd": 85, "spe": 85}, "ivs": {"hp": 31, "atk": 0, "def": 31, "spa": 31, "spd": 31, "spe": 31}, "item": "Leftovers", "teraType": "Ghost", "role": "Bulky Attacker", "bvs": {"hp": 87, "atk": 60, "def": 95, "spa": 133, "spd": 91, "spe": 84}, "stats": {"hp": 261, "atk": 97, "def": 191, "spa": 249, "spd": 185, "spe": 174}, "types": ["Steel", "Ghost"]}, "Hatterene": {"name": "Hatterene", "species": "Hatterene", "speciesId": "hatterene", "gender": "F", "shiny": false, "level": 85, "moves": ["psychic", "nuzzle", "drainingkiss", "mysticalfire"], "ability": "Magic Bounce", "evs": {"hp": 85, "atk": 85, "def": 85, "spa": 85, "spd": 85, "spe": 85}, "ivs": {"hp": 31, "atk": 31, "def": 31, "spa": 31, "spd": 31, "spe": 31}, "item": "Assault Vest", "teraType": "Fairy", "role": "AV Pivot", "bvs": {"hp": 57, "atk": 90, "def": 95, "spa": 136, "spd": 103, "spe": 29}, "stats": {"hp": 236, "atk": 202, "def": 210, "spa": 280, "spd": 224, "spe": 98}, "types": ["Psychic", "Fairy"]}}, {"Electivire": {"name": "Electivire", "species": "Electivire", "speciesId": "electivire", "gender": "F", "shiny": false, "level": 84, "moves": ["icepunch", "bulkup", "supercellslam", "earthquake"], "ability": "Motor Drive", "evs": {"hp": 85, "atk": 85, "def": 85, "spa": 85, "spd": 85, "spe": 85}, "ivs": {"hp": 31, "atk": 31, "def": 31, "spa": 31, "spd": 31, "spe": 31}, "item": "Life Orb", "teraType": "Flying", "role": "Setup Sweeper", "bvs": {"hp": 75, "atk": 123, "def": 67, "spa": 95, "spd": 85, "spe": 95}, "stats": {"hp": 263, "atk": 255, "def": 161, "spa": 208, "spd": 191, "spe": 208}, "types": ["Electric"]}, "Minior": {"name": "Minior", "species": "Minior-Orange", "speciesId": "minior", "gender": "N", "shiny": false, "level": 79, "moves": ["earthquake", "powergem", "shellsmash", "acrobatics"], "ability": "Shields Down", "evs": {"hp": 85, "atk": 85, "def": 85, "spa": 85, "spd": 85, "spe": 85}, "ivs": {"hp": 31, "atk": 31, "def": 31, "spa": 31, "spd": 31, "spe": 31}, "item": "White Herb", "teraType": "Ground", "role": "Setup Sweeper", "bvs": {"hp": 60, "atk": 100, "def": 60, "spa": 100, "spd": 60, "spe": 120}, "stats": {"hp": 224, "atk": 204, "def": 140, "spa": 204, "spd": 140, "spe": 235}, "types": ["Rock", "Flying"]}, "Oinkologne": {"name": "Oinkologne", "species": "Oinkologne", "speciesId": "oinkologne", "gender": "M", "shiny": false, "level": 92, "moves": ["curse", "highhorsepower", "bodyslam", "lashout"], "ability": "Thick Fat", "evs": {"hp": 85, "atk": 85, "def": 85, "spa": 85, "spd": 85, "spe": 85}, "ivs": {"hp": 31, "atk": 31, "def": 31, "spa": 31, "spd": 31, "spe": 31}, "item": "Leftovers", "teraType": "Ground", "role": "Bulky Setup", "bvs": {"hp": 110, "atk": 100, "def": 75, "spa": 59, "spd": 80, "spe": 65}, "stats": {"hp": 352, "atk": 236, "def": 190, "spa": 161, "spd": 200, "spe": 172}, "types": ["Normal"]}, "Gogoat": {"name": "Gogoat", "species": "Gogoat", "speciesId": "gogoat", "gender": "M", "shiny": false, "level": 88, "moves": ["milkdrink", "earthquake", "hornleech", "bulkup"], "ability": "Sap Sipper", "evs": {"hp": 85, "atk": 85, "def": 85, "spa": 85, "spd": 85, "spe": 85}, "ivs": {"hp": 31, "atk": 31, "def": 31, "spa": 31, "spd": 31, "spe": 31}, "item": "Leftovers", "teraType": "Ground", "role": "Bulky Setup", "bvs": {"hp": 123, "atk": 100, "def": 62, "spa": 97, "spd": 81, "spe": 68}, "stats": {"hp": 360, "atk": 226, "def": 159, "spa": 221, "spd": 193, "spe": 170}, "types": ["Grass"]}, "Sableye": {"name": "Sableye", "species": "Sableye", "speciesId": "sableye", "gender": "M", "shiny": false, "level": 88, "moves": ["knockoff", "encore", "recover", "thunderwave"], "ability": "Prankster", "evs": {"hp": 85, "atk": 85, "def": 85, "spa": 85, "spd": 85, "spe": 85}, "ivs": {"hp": 31, "atk": 31, "def": 31, "spa": 31, "spd": 31, "spe": 31}, "item": "Leftovers", "teraType": "Poison", "role": "Bulky Support", "bvs": {"hp": 50, "atk": 75, "def": 75, "spa": 65, "spd": 65, "spe": 50}, "stats": {"hp": 231, "atk": 182, "def": 182, "spa": 165, "spd": 165, "spe": 138}, "types": ["Dark", "Ghost"]}, "Houndstone": {"name": "Houndstone", "species": "Houndstone", "speciesId": "houndstone", "gender": "F", "shiny": false, "level": 86, "moves": ["bodypress", "rest", "poltergeist", "sleeptalk"], "ability": "Fluffy", "evs": {"hp": 85, "atk": 85, "def": 85, "spa": 85, "spd": 85, "spe": 85}, "ivs": {"hp": 31, "atk": 31, "def": 31, "spa": 31, "spd": 31, "spe": 31}, "item": "Leftovers", "teraType": "Fighting", "role": "Bulky Support", "bvs": {"hp": 72, "atk": 101, "def": 100, "spa": 50, "spd": 97, "spe": 68}, "stats": {"hp": 264, "atk": 223, "def": 221, "spa": 135, "spd": 216, "spe": 166}, "types": ["Ghost"]}}]}