{"id": "gen9randombattle-2641505297", "format": "[Gen 9] Random Battle", "players": ["Alex_29_Z", "Vikkington"], "log": "|j|\u2606Alex_29_Z\n|j|\u2606Vikkington\n|t:|1782796374\n|gametype|singles\n|player|p1|Alex_29_Z|skier|1940\n|player|p2|Vikkington|265|1999\n|gen|9\n|tier|[Gen 9] Random Battle\n|rated|\n|rule|Species Clause: Limit one of each Pok\u00e9mon\n|rule|HP Percentage Mod: HP is shown in percentages\n|rule|Sleep Clause Mod: Limit one foe put to sleep\n|rule|Illusion Level Mod: Illusion disguises the Pok\u00e9mon's true level\n|\n|t:|1782796374\n|teamsize|p1|6\n|teamsize|p2|6\n|start\n|switch|p1a: Orthworm|Orthworm, L88, M|266/266\n|switch|p2a: Krookodile|Krookodile, L79, M|280/280\n|-ability|p2a: Krookodile|Intimidate|boost\n|-unboost|p1a: Orthworm|atk|1\n|turn|1\n|inactive|Battle timer is ON: inactive players will automatically lose when time's up. (requested by Vikkington)\n|inactive|Alex_29_Z also wants the timer to be on.\n|\n|t:|1782796383\n|move|p2a: Krookodile|Knock Off|p1a: Orthworm\n|-damage|p1a: Orthworm|193/266\n|-enditem|p1a: Orthworm|Leftovers|[from] move: Knock Off|[of] p2a: Krookodile\n|move|p1a: Orthworm|Stealth Rock|p2a: Krookodile\n|-sidestart|p2: Vikkington|move: Stealth Rock\n|\n|upkeep\n|turn|2\n|\n|t:|1782796389\n|switch|p2a: Charizard|Charizard, L85, M|271/271\n|move|p1a: Orthworm|Spikes|p2a: Charizard\n|-sidestart|p2: Vikkington|Spikes\n|\n|upkeep\n|turn|3\n|\n|t:|1782796411\n|switch|p1a: Camerupt|Camerupt, L91, M|275/275\n|move|p2a: Charizard|Dragon Dance|p2a: Charizard\n|-boost|p2a: Charizard|atk|1\n|-boost|p2a: Charizard|spe|1\n|\n|upkeep\n|turn|4\n|\n|t:|1782796418\n|move|p2a: Charizard|Earthquake|p1a: Camerupt\n|-supereffective|p1a: Camerupt\n|-crit|p1a: Camerupt\n|-damage|p1a: Camerupt|13/275\n|move|p1a: Camerupt|Roar|p2a: Charizard\n|drag|p2a: Krookodile|Krookodile, L79, M|280/280\n|-damage|p2a: Krookodile|263/280|[from] Stealth Rock\n|-damage|p2a: Krookodile|228/280|[from] Spikes\n|-ability|p2a: Krookodile|Intimidate|boost\n|-unboost|p1a: Camerupt|atk|1\n|\n|-heal|p2a: Krookodile|245/280|[from] item: Leftovers\n|-heal|p1a: Camerupt|30/275|[from] item: Leftovers\n|upkeep\n|turn|5\n|\n|t:|1782796425\n|switch|p1a: Orthworm|Orthworm, L88, M|193/266\n|move|p2a: Krookodile|Knock Off|p1a: Orthworm\n|-damage|p1a: Orthworm|144/266\n|\n|-heal|p2a: Krookodile|262/280|[from] item: Leftovers\n|upkeep\n|turn|6\n|\n|t:|1782796431\n|switch|p2a: Charizard|Charizard, L85, M|271/271\n|move|p1a: Orthworm|Spikes|p2a: Charizard\n|-sidestart|p2: Vikkington|Spikes\n|\n|upkeep\n|turn|7\n|\n|t:|1782796447\n|switch|p1a: Toxapex|Toxapex, L82, M|216/216\n|move|p2a: Charizard|Dragon Dance|p2a: Charizard\n|-boost|p2a: Charizard|atk|1\n|-boost|p2a: Charizard|spe|1\n|\n|upkeep\n|turn|8\n|\n|t:|1782796457\n|move|p2a: Charizard|Earthquake|p1a: Toxapex\n|-supereffective|p1a: Toxapex\n|-damage|p1a: Toxapex|80/216\n|move|p1a: Toxapex|Haze|p1a: Toxapex\n|-clearallboost\n|\n|-heal|p1a: Toxapex|93/216|[from] item: Leftovers\n|upkeep\n|turn|9\n|\n|t:|1782796461\n|move|p2a: Charizard|Earthquake|p1a: Toxapex\n|-supereffective|p1a: Toxapex\n|-crit|p1a: Toxapex\n|-damage|p1a: Toxapex|0 fnt\n|faint|p1a: Toxapex\n|\n|upkeep\n|\n|t:|1782796468\n|switch|p1a: Medicham|Medicham, L86, M|243/243\n|turn|10\n|\n|t:|1782796474\n|switch|p2a: Krookodile|Krookodile, L79, M|262/280\n|-damage|p2a: Krookodile|245/280|[from] Stealth Rock\n|-damage|p2a: Krookodile|199/280|[from] Spikes\n|-ability|p2a: Krookodile|Intimidate|boost\n|-unboost|p1a: Medicham|atk|1\n|move|p1a: Medicham|Zen Headbutt|p2a: Krookodile\n|-immune|p2a: Krookodile\n|\n|-heal|p2a: Krookodile|216/280|[from] item: Leftovers\n|upkeep\n|turn|11\n|\n|t:|1782796478\n|switch|p1a: Orthworm|Orthworm, L88, M|144/266\n|move|p2a: Krookodile|Knock Off|p1a: Orthworm\n|-damage|p1a: Orthworm|99/266\n|\n|-heal|p2a: Krookodile|233/280|[from] item: Leftovers\n|upkeep\n|turn|12\n|c|\u2606Alex_29_Z|insane crits\n|\n|t:|1782796484\n|switch|p2a: Charizard|Charizard, L85, M|271/271\n|move|p1a: Orthworm|Body Press|p2a: Charizard\n|-resisted|p2a: Charizard\n|-damage|p2a: Charizard|228/271\n|\n|upkeep\n|turn|13\n|inactive|Vikkington has 120 seconds left.\n|\n|t:|1782796522\n|switch|p1a: Mimikyu|Mimikyu, L79, M|216/216\n|move|p2a: Charizard|Flare Blitz|p1a: Mimikyu\n|-activate|p1a: Mimikyu|ability: Disguise\n|-damage|p1a: Mimikyu|216/216\n|detailschange|p1a: Mimikyu|Mimikyu-Busted, L79, M\n|-damage|p1a: Mimikyu|189/216|[from] pokemon: Mimikyu-Busted\n|\n|upkeep\n|turn|14\n|inactive|Vikkington has 120 seconds left.\n|\n|t:|1782796533\n|move|p2a: Charizard|Flare Blitz|p1a: Mimikyu\n|-damage|p1a: Mimikyu|65/216\n|-damage|p2a: Charizard|187/271|[from] Recoil\n|move|p1a: Mimikyu|Swords Dance|p1a: Mimikyu\n|-boost|p1a: Mimikyu|atk|2\n|\n|upkeep\n|turn|15\n|inactive|Vikkington has 120 seconds left.\n|\n|t:|1782796538\n|move|p1a: Mimikyu|Shadow Sneak|p2a: Charizard\n|-damage|p2a: Charizard|90/271\n|-damage|p1a: Mimikyu|44/216|[from] item: Life Orb\n|move|p2a: Charizard|Flare Blitz|p1a: Mimikyu\n|-damage|p1a: Mimikyu|0 fnt\n|faint|p1a: Mimikyu\n|-damage|p2a: Charizard|75/271|[from] Recoil\n|\n|upkeep\n|\n|t:|1782796542\n|switch|p1a: Medicham|Medicham, L86, M|243/243\n|turn|16\n|\n|t:|1782796544\n|move|p1a: Medicham|Ice Punch|p2a: Charizard\n|-damage|p2a: Charizard|0 fnt\n|faint|p2a: Charizard\n|\n|upkeep\n|\n|t:|1782796548\n|switch|p2a: Glastrier|Glastrier, L86|312/312\n|turn|17\n|\n|t:|1782796554\n|switch|p1a: Orthworm|Orthworm, L88, M|99/266\n|move|p2a: Glastrier|Icicle Crash|p1a: Orthworm\n|-resisted|p1a: Orthworm\n|-damage|p1a: Orthworm|61/266\n|\n|upkeep\n|turn|18\n|\n|t:|1782796563\n|move|p1a: Orthworm|Spikes|p2a: Glastrier\n|-sidestart|p2: Vikkington|Spikes\n|move|p2a: Glastrier|Icicle Crash|p1a: Orthworm|[miss]\n|-miss|p2a: Glastrier|p1a: Orthworm\n|\n|upkeep\n|turn|19\n|\n|t:|1782796566\n|move|p1a: Orthworm|Body Press|p2a: Glastrier\n|-supereffective|p2a: Glastrier\n|-damage|p2a: Glastrier|190/312\n|move|p2a: Glastrier|Icicle Crash|p1a: Orthworm\n|-resisted|p1a: Orthworm\n|-damage|p1a: Orthworm|22/266\n|\n|upkeep\n|turn|20\n|\n|t:|1782796571\n|move|p1a: Orthworm|Body Press|p2a: Glastrier\n|-supereffective|p2a: Glastrier\n|-damage|p2a: Glastrier|68/312\n|move|p2a: Glastrier|Icicle Crash|p1a: Orthworm\n|-resisted|p1a: Orthworm\n|-damage|p1a: Orthworm|0 fnt\n|faint|p1a: Orthworm\n|-ability|p2a: Glastrier|Chilling Neigh|boost\n|-boost|p2a: Glastrier|atk|1\n|\n|upkeep\n|\n|t:|1782796583\n|switch|p1a: Medicham|Medicham, L86, M|243/243\n|turn|21\n|\n|t:|1782796585\n|move|p1a: Medicham|Close Combat|p2a: Glastrier\n|-supereffective|p2a: Glastrier\n|-damage|p2a: Glastrier|0 fnt\n|-unboost|p1a: Medicham|def|1\n|-unboost|p1a: Medicham|spd|1\n|faint|p2a: Glastrier\n|\n|upkeep\n|\n|t:|1782796596\n|switch|p2a: Mewtwo|Mewtwo, L72|272/272\n|-ability|p2a: Mewtwo|Unnerve\n|-damage|p2a: Mewtwo|238/272|[from] Stealth Rock\n|-damage|p2a: Mewtwo|170/272|[from] Spikes\n|turn|22\n|\n|t:|1782796603\n|switch|p1a: Camerupt|Camerupt, L91, M|30/275\n|move|p2a: Mewtwo|Psystrike|p1a: Camerupt\n|-damage|p1a: Camerupt|0 fnt\n|faint|p1a: Camerupt\n|-damage|p2a: Mewtwo|143/272|[from] item: Life Orb\n|\n|upkeep\n|\n|t:|1782796609\n|switch|p1a: Groudon|Groudon, L72|263/263\n|-weather|SunnyDay|[from] ability: Drought|[of] p1a: Groudon\n|turn|23\n|\n|t:|1782796617\n|move|p2a: Mewtwo|Psystrike|p1a: Groudon\n|-damage|p1a: Groudon|142/263\n|-damage|p2a: Mewtwo|116/272|[from] item: Life Orb\n|move|p1a: Groudon|Heat Crash|p2a: Mewtwo\n|-damage|p2a: Mewtwo|0 fnt\n|faint|p2a: Mewtwo\n|\n|-weather|SunnyDay|[upkeep]\n|-heal|p1a: Groudon|158/263|[from] item: Leftovers\n|upkeep\n|\n|t:|1782796624\n|switch|p2a: Krookodile|Krookodile, L79, M|233/280\n|-damage|p2a: Krookodile|216/280|[from] Stealth Rock\n|-damage|p2a: Krookodile|146/280|[from] Spikes\n|-ability|p2a: Krookodile|Intimidate|boost\n|-unboost|p1a: Groudon|atk|1\n|turn|24\n|\n|t:|1782796641\n|move|p2a: Krookodile|Bulk Up|p2a: Krookodile\n|-boost|p2a: Krookodile|atk|1\n|-boost|p2a: Krookodile|def|1\n|move|p1a: Groudon|Heat Crash|p2a: Krookodile\n|-damage|p2a: Krookodile|81/280\n|\n|-weather|SunnyDay|[upkeep]\n|-heal|p2a: Krookodile|98/280|[from] item: Leftovers\n|-heal|p1a: Groudon|174/263|[from] item: Leftovers\n|upkeep\n|turn|25\n|\n|t:|1782796643\n|move|p2a: Krookodile|Knock Off|p1a: Groudon\n|-damage|p1a: Groudon|39/263\n|-enditem|p1a: Groudon|Leftovers|[from] move: Knock Off|[of] p2a: Krookodile\n|move|p1a: Groudon|Swords Dance|p1a: Groudon\n|-boost|p1a: Groudon|atk|2\n|\n|-weather|SunnyDay|[upkeep]\n|-heal|p2a: Krookodile|115/280|[from] item: Leftovers\n|upkeep\n|turn|26\n|\n|t:|1782796648\n|move|p2a: Krookodile|Knock Off|p1a: Groudon\n|-damage|p1a: Groudon|0 fnt\n|faint|p1a: Groudon\n|\n|-weather|SunnyDay|[upkeep]\n|-heal|p2a: Krookodile|132/280|[from] item: Leftovers\n|upkeep\n|\n|t:|1782796650\n|switch|p1a: Medicham|Medicham, L86, M|243/243\n|turn|27\n|\n|t:|1782796660\n|-terastallize|p2a: Krookodile|Poison\n|move|p1a: Medicham|Zen Headbutt|p2a: Krookodile\n|-supereffective|p2a: Krookodile\n|-damage|p2a: Krookodile|0 fnt\n|faint|p2a: Krookodile\n|\n|-weather|none\n|upkeep\n|\n|t:|1782796663\n|switch|p2a: Iron Jugulis|Iron Jugulis, L77|271/271\n|-damage|p2a: Iron Jugulis|204/271|[from] Stealth Rock\n|turn|28\n|c|\u2606Alex_29_Z|nice crit win\n|-message|Alex_29_Z forfeited.\n|\n|win|Vikkington\n", "inputlog": ">version f8ac14003a5f27e1bdc8d8c59608a773c1cb96e5\n>start {\"formatid\":\"gen9randombattle\",\"seed\":\"sodium,9e048d73e5c83299c0b06c3adc3e8935\",\"rated\":\"Rated battle\"}\n>player p1 {\"name\":\"Alex_29_Z\",\"avatar\":\"skier\",\"rating\":1940,\"seed\":\"sodium,0ae8867aa180da4065aad14397206a5b\"}\n>player p2 {\"name\":\"Vikkington\",\"avatar\":\"265\",\"rating\":1999,\"seed\":\"sodium,1cca21d07b884a6b64b3f75f4afe23e8\"}\n>p1 move stealthrock\n>p2 move knockoff\n>p1 move spikes\n>p2 switch 2\n>p1 switch 2\n>p2 move dragondance\n>p1 move roar\n>p2 move earthquake\n>p1 switch 2\n>p2 move knockoff\n>p1 move spikes\n>p2 switch 2\n>p1 switch 4\n>p2 move dragondance\n>p1 move haze\n>p2 move earthquake\n>p1 move recover\n>p2 move earthquake\n>p1 switch 5\n>p1 move zenheadbutt\n>p2 switch 2\n>p1 switch 4\n>p2 move knockoff\n>chat \u2606Alex_29_Z|insane crits \n>p1 move bodypress\n>p2 switch 2\n>p1 switch 6\n>p2 move flareblitz\n>p1 move swordsdance\n>p2 move flareblitz\n>p1 move shadowsneak\n>p2 move flareblitz\n>p1 switch 4\n>p1 move icepunch\n>p2 move flareblitz\n>p2 switch 4\n>p1 switch 6\n>p2 move iciclecrash\n>p1 move spikes\n>p2 move iciclecrash\n>p1 move bodypress\n>p2 move iciclecrash\n>p1 move bodypress\n>p2 move iciclecrash\n>p1 switch 6\n>p1 move closecombat\n>p2 move iciclecrash\n>p2 switch 6\n>p1 switch 2\n>p2 move psystrike\n>p1 switch 3\n>p1 move heatcrash\n>p2 move psystrike\n>p2 switch 2\n>p1 move heatcrash\n>p2 move bulkup\n>p1 move swordsdance\n>p2 move knockoff\n>p1 move heatcrash\n>p2 move knockoff\n>p1 switch 2\n>p1 move zenheadbutt\n>p2 move knockoff terastallize\n>p2 switch 5\n>chat \u2606Alex_29_Z|nice crit win\n>forcelose p1", "uploadtime": 1782796375, "views": 3, "formatid": "gen9randombattle", "rating": null, "private": 0, "password": null, "player_dets": [{"name": "Alex_29_Z", "avatar": "skier", "rating": 1940, "seed": "sodium,0ae8867aa180da4065aad14397206a5b"}, {"name": "Vikkington", "avatar": "265", "rating": 1999, "seed": "sodium,1cca21d07b884a6b64b3f75f4afe23e8"}], "teams_full": [{"Orthworm": {"name": "Orthworm", "species": "Orthworm", "speciesId": "orthworm", "gender": "M", "shiny": false, "level": 88, "moves": ["heavyslam", "spikes", "bodypress", "stealthrock"], "ability": "Earth Eater", "evs": {"hp": 85, "atk": 85, "def": 85, "spa": 85, "spd": 85, "spe": 85}, "ivs": {"hp": 31, "atk": 31, "def": 31, "spa": 31, "spd": 31, "spe": 31}, "item": "Leftovers", "teraType": "Ghost", "role": "Bulky Attacker", "bvs": {"hp": 70, "atk": 85, "def": 145, "spa": 60, "spd": 55, "spe": 65}, "stats": {"hp": 266, "atk": 200, "def": 305, "spa": 156, "spd": 147, "spe": 165}, "types": ["Steel"]}, "Camerupt": {"name": "Camerupt", "species": "Camerupt", "speciesId": "camerupt", "gender": "M", "shiny": false, "level": 91, "moves": ["overheat", "willowisp", "roar", "earthquake"], "ability": "Solid Rock", "evs": {"hp": 85, "atk": 85, "def": 85, "spa": 85, "spd": 85, "spe": 85}, "ivs": {"hp": 31, "atk": 31, "def": 31, "spa": 31, "spd": 31, "spe": 31}, "item": "Leftovers", "teraType": "Water", "role": "Bulky Support", "bvs": {"hp": 70, "atk": 100, "def": 70, "spa": 105, "spd": 75, "spe": 40}, "stats": {"hp": 275, "atk": 234, "def": 179, "spa": 243, "spd": 188, "spe": 125}, "types": ["Fire", "Ground"]}, "Groudon": {"name": "Groudon", "species": "Groudon", "speciesId": "groudon", "gender": "N", "shiny": false, "level": 72, "moves": ["thunderwave", "heatcrash", "swordsdance", "precipiceblades"], "ability": "Drought", "evs": {"hp": 85, "atk": 85, "def": 85, "spa": 85, "spd": 85, "spe": 85}, "ivs": {"hp": 31, "atk": 31, "def": 31, "spa": 31, "spd": 31, "spe": 31}, "item": "Leftovers", "teraType": "Fire", "role": "Bulky Setup", "bvs": {"hp": 100, "atk": 150, "def": 140, "spa": 100, "spd": 90, "spe": 90}, "stats": {"hp": 263, "atk": 258, "def": 244, "spa": 186, "spd": 172, "spe": 172}, "types": ["Ground"]}, "Toxapex": {"name": "Toxapex", "species": "Toxapex", "speciesId": "toxapex", "gender": "M", "shiny": false, "level": 82, "moves": ["toxicspikes", "haze", "recover", "liquidation"], "ability": "Regenerator", "evs": {"hp": 85, "atk": 85, "def": 85, "spa": 85, "spd": 85, "spe": 85}, "ivs": {"hp": 31, "atk": 31, "def": 31, "spa": 31, "spd": 31, "spe": 31}, "item": "Leftovers", "teraType": "Grass", "role": "Bulky Support", "bvs": {"hp": 50, "atk": 63, "def": 152, "spa": 53, "spd": 142, "spe": 35}, "stats": {"hp": 216, "atk": 150, "def": 296, "spa": 134, "spd": 280, "spe": 105}, "types": ["Poison", "Water"]}, "Medicham": {"name": "Medicham", "species": "Medicham", "speciesId": "medicham", "gender": "M", "shiny": false, "level": 86, "moves": ["zenheadbutt", "closecombat", "trick", "icepunch"], "ability": "Pure Power", "evs": {"hp": 85, "atk": 85, "def": 85, "spa": 85, "spd": 85, "spe": 85}, "ivs": {"hp": 31, "atk": 31, "def": 31, "spa": 31, "spd": 31, "spe": 31}, "item": "Choice Scarf", "teraType": "Fighting", "role": "Fast Attacker", "bvs": {"hp": 60, "atk": 60, "def": 75, "spa": 60, "spd": 75, "spe": 80}, "stats": {"hp": 243, "atk": 152, "def": 178, "spa": 152, "spd": 178, "spe": 187}, "types": ["Fighting", "Psychic"]}, "Mimikyu": {"name": "Mimikyu", "species": "Mimikyu", "speciesId": "mimikyu", "gender": "M", "shiny": false, "level": 79, "moves": ["playrough", "shadowsneak", "drainpunch", "swordsdance"], "ability": "Disguise", "evs": {"hp": 85, "atk": 85, "def": 85, "spa": 85, "spd": 85, "spe": 85}, "ivs": {"hp": 31, "atk": 31, "def": 31, "spa": 31, "spd": 31, "spe": 31}, "item": "Life Orb", "teraType": "Fighting", "role": "Setup Sweeper", "bvs": {"hp": 55, "atk": 90, "def": 80, "spa": 50, "spd": 105, "spe": 96}, "stats": {"hp": 216, "atk": 188, "def": 172, "spa": 125, "spd": 211, "spe": 197}, "types": ["Ghost", "Fairy"]}}, {"Krookodile": {"name": "Krookodile", "species": "Krookodile", "speciesId": "krookodile", "gender": "M", "shiny": false, "level": 79, "moves": ["gunkshot", "knockoff", "earthquake", "bulkup"], "ability": "Intimidate", "evs": {"hp": 85, "atk": 85, "def": 85, "spa": 85, "spd": 85, "spe": 85}, "ivs": {"hp": 31, "atk": 31, "def": 31, "spa": 31, "spd": 31, "spe": 31}, "item": "Leftovers", "teraType": "Poison", "role": "Bulky Setup", "bvs": {"hp": 95, "atk": 117, "def": 80, "spa": 65, "spd": 70, "spe": 92}, "stats": {"hp": 280, "atk": 230, "def": 172, "spa": 148, "spd": 156, "spe": 191}, "types": ["Ground", "Dark"]}, "Charizard": {"name": "Charizard", "species": "Charizard", "speciesId": "charizard", "gender": "M", "shiny": false, "level": 85, "moves": ["dragondance", "flareblitz", "outrage", "earthquake"], "ability": "Blaze", "evs": {"hp": 85, "atk": 85, "def": 85, "spa": 85, "spd": 85, "spe": 85}, "ivs": {"hp": 31, "atk": 31, "def": 31, "spa": 31, "spd": 31, "spe": 31}, "item": "Heavy-Duty Boots", "teraType": "Dragon", "role": "Setup Sweeper", "bvs": {"hp": 78, "atk": 84, "def": 78, "spa": 109, "spd": 85, "spe": 100}, "stats": {"hp": 271, "atk": 192, "def": 181, "spa": 234, "spd": 193, "spe": 219}, "types": ["Fire", "Flying"]}, "Rhydon": {"name": "Rhydon", "species": "Rhydon", "speciesId": "rhydon", "gender": "M", "shiny": false, "level": 85, "moves": ["megahorn", "stoneedge", "swordsdance", "earthquake"], "ability": "Lightning Rod", "evs": {"hp": 85, "atk": 85, "def": 85, "spa": 85, "spd": 85, "spe": 85}, "ivs": {"hp": 31, "atk": 31, "def": 31, "spa": 31, "spd": 31, "spe": 31}, "item": "Eviolite", "teraType": "Grass", "role": "Bulky Attacker", "bvs": {"hp": 105, "atk": 130, "def": 120, "spa": 45, "spd": 45, "spe": 40}, "stats": {"hp": 317, "atk": 270, "def": 253, "spa": 125, "spd": 125, "spe": 117}, "types": ["Ground", "Rock"]}, "Glastrier": {"name": "Glastrier", "species": "Glastrier", "speciesId": "glastrier", "gender": "N", "shiny": false, "level": 86, "moves": ["highhorsepower", "iciclecrash", "swordsdance", "heavyslam"], "ability": "Chilling Neigh", "evs": {"hp": 85, "atk": 85, "def": 85, "spa": 85, "spd": 85, "spe": 85}, "ivs": {"hp": 31, "atk": 31, "def": 31, "spa": 31, "spd": 31, "spe": 31}, "item": "Heavy-Duty Boots", "teraType": "Ground", "role": "Bulky Attacker", "bvs": {"hp": 100, "atk": 145, "def": 130, "spa": 65, "spd": 110, "spe": 30}, "stats": {"hp": 312, "atk": 299, "def": 273, "spa": 161, "spd": 238, "spe": 101}, "types": ["Ice"]}, "Iron Jugulis": {"name": "Iron Jugulis", "species": "Iron Jugulis", "speciesId": "ironjugulis", "gender": "N", "shiny": false, "level": 77, "moves": ["darkpulse", "hurricane", "meteorbeam", "earthpower"], "ability": "Quark Drive", "evs": {"hp": 85, "atk": 0, "def": 85, "spa": 85, "spd": 85, "spe": 85}, "ivs": {"hp": 31, "atk": 0, "def": 31, "spa": 31, "spd": 31, "spe": 31}, "item": "Power Herb", "teraType": "Dark", "role": "Setup Sweeper", "bvs": {"hp": 94, "atk": 80, "def": 86, "spa": 122, "spd": 80, "spe": 108}, "stats": {"hp": 271, "atk": 128, "def": 177, "spa": 232, "spd": 168, "spe": 211}, "types": ["Dark", "Flying"]}, "Mewtwo": {"name": "Mewtwo", "species": "Mewtwo", "speciesId": "mewtwo", "gender": "N", "shiny": false, "level": 72, "moves": ["psystrike", "nastyplot", "fireblast", "aurasphere"], "ability": "Unnerve", "evs": {"hp": 85, "atk": 0, "def": 85, "spa": 85, "spd": 85, "spe": 85}, "ivs": {"hp": 31, "atk": 0, "def": 31, "spa": 31, "spd": 31, "spe": 31}, "item": "Life Orb", "teraType": "Fighting", "role": "Setup Sweeper", "bvs": {"hp": 106, "atk": 110, "def": 90, "spa": 154, "spd": 90, "spe": 130}, "stats": {"hp": 272, "atk": 163, "def": 172, "spa": 264, "spd": 172, "spe": 229}, "types": ["Psychic"]}}]}