{"id": "gen9randombattle-2641719756", "format": "[Gen 9] Random Battle", "players": ["Helsa06", "szbsb"], "log": "|j|\u2606Helsa06\n|j|\u2606szbsb\n|t:|1782833816\n|gametype|singles\n|player|p1|Helsa06|lass|1948\n|player|p2|szbsb|1|1969\n|gen|9\n|tier|[Gen 9] Random Battle\n|rated|\n|rule|Species Clause: Limit one of each Pok\u00e9mon\n|rule|HP Percentage Mod: HP is shown in percentages\n|rule|Sleep Clause Mod: Limit one foe put to sleep\n|rule|Illusion Level Mod: Illusion disguises the Pok\u00e9mon's true level\n|\n|t:|1782833816\n|teamsize|p1|6\n|teamsize|p2|6\n|start\n|switch|p1a: Overqwil|Overqwil, L82, F|274/274\n|switch|p2a: Gengar|Gengar, L81, F|230/230\n|-ability|p1a: Overqwil|Intimidate|boost\n|-unboost|p2a: Gengar|atk|1\n|turn|1\n|\n|t:|1782833830\n|move|p2a: Gengar|Will-O-Wisp|p1a: Overqwil\n|-status|p1a: Overqwil|brn\n|move|p1a: Overqwil|Crunch|p2a: Gengar\n|-supereffective|p2a: Gengar\n|-damage|p2a: Gengar|31/230\n|\n|-damage|p1a: Overqwil|257/274 brn|[from] brn\n|upkeep\n|turn|2\n|inactive|Battle timer is ON: inactive players will automatically lose when time's up. (requested by Helsa06)\n|\n|t:|1782833843\n|switch|p2a: Roaring Moon|Roaring Moon, L72|270/270\n|move|p1a: Overqwil|Crunch|p2a: Roaring Moon\n|-resisted|p2a: Roaring Moon\n|-damage|p2a: Roaring Moon|222/270\n|\n|-damage|p1a: Overqwil|240/274 brn|[from] brn\n|upkeep\n|turn|3\n|\n|t:|1782833852\n|switch|p1a: Dewgong|Dewgong, L94, M|322/322\n|move|p2a: Roaring Moon|Knock Off|p1a: Dewgong\n|-damage|p1a: Dewgong|177/322\n|-enditem|p1a: Dewgong|Assault Vest|[from] move: Knock Off|[of] p2a: Roaring Moon\n|\n|upkeep\n|turn|4\n|\n|t:|1782833865\n|-end|p2a: Roaring Moon|Protosynthesis|[silent]\n|switch|p2a: Indeedee|Indeedee-F, L90, F|272/272\n|-fieldstart|move: Psychic Terrain|[from] ability: Psychic Surge|[of] p2a: Indeedee\n|move|p1a: Dewgong|Flip Turn|p2a: Indeedee\n|-damage|p2a: Indeedee|203/272\n|\n|t:|1782833872\n|switch|p1a: Overqwil|Overqwil, L82, F|240/274 brn|[from] Flip Turn\n|-ability|p1a: Overqwil|Intimidate|boost\n|-unboost|p2a: Indeedee|atk|1\n|\n|-damage|p1a: Overqwil|223/274 brn|[from] brn\n|upkeep\n|turn|5\n|\n|t:|1782833880\n|switch|p2a: Roaring Moon|Roaring Moon, L72|222/270\n|move|p1a: Overqwil|Crunch|p2a: Roaring Moon\n|-resisted|p2a: Roaring Moon\n|-damage|p2a: Roaring Moon|179/270\n|\n|-damage|p1a: Overqwil|206/274 brn|[from] brn\n|upkeep\n|turn|6\n|\n|t:|1782833889\n|switch|p1a: Dewgong|Dewgong, L94, M|177/322\n|move|p2a: Roaring Moon|U-turn|p1a: Dewgong\n|-damage|p1a: Dewgong|106/322\n|\n|t:|1782833908\n|-end|p2a: Roaring Moon|Protosynthesis|[silent]\n|switch|p2a: Indeedee|Indeedee-F, L90, F|203/272|[from] U-turn\n|\n|upkeep\n|turn|7\n|\n|t:|1782833913\n|switch|p1a: Overqwil|Overqwil, L82, F|206/274 brn\n|-ability|p1a: Overqwil|Intimidate|boost\n|-unboost|p2a: Indeedee|atk|1\n|move|p2a: Indeedee|Hyper Voice|p1a: Overqwil\n|-damage|p1a: Overqwil|59/274 brn\n|\n|-damage|p1a: Overqwil|42/274 brn|[from] brn\n|upkeep\n|turn|8\n|\n|t:|1782833924\n|switch|p1a: Trevenant|Trevenant, L89, M|296/296\n|move|p2a: Indeedee|Hyper Voice|p1a: Trevenant\n|-immune|p1a: Trevenant\n|\n|-fieldend|move: Psychic Terrain\n|upkeep\n|turn|9\n|\n|t:|1782833945\n|switch|p2a: Gengar|Gengar, L81, F|31/230\n|move|p1a: Trevenant|Poltergeist|p2a: Gengar\n|-activate|p2a: Gengar|move: Poltergeist|Life Orb\n|-supereffective|p2a: Gengar\n|-damage|p2a: Gengar|0 fnt\n|faint|p2a: Gengar\n|\n|upkeep\n|\n|t:|1782833956\n|switch|p2a: Roaring Moon|Roaring Moon, L72|179/270\n|turn|10\n|\n|t:|1782833960\n|move|p1a: Trevenant|Protect|p1a: Trevenant\n|-singleturn|p1a: Trevenant|Protect\n|move|p2a: Roaring Moon|Knock Off|p1a: Trevenant\n|-activate|p1a: Trevenant|move: Protect\n|\n|upkeep\n|turn|11\n|\n|t:|1782833966\n|switch|p1a: Overqwil|Overqwil, L82, F|42/274 brn\n|-ability|p1a: Overqwil|Intimidate|boost\n|-unboost|p2a: Roaring Moon|atk|1\n|move|p2a: Roaring Moon|Knock Off|p1a: Overqwil\n|-resisted|p1a: Overqwil\n|-damage|p1a: Overqwil|0 fnt\n|-enditem|p1a: Overqwil|Choice Band|[from] move: Knock Off|[of] p2a: Roaring Moon\n|faint|p1a: Overqwil\n|\n|upkeep\n|\n|t:|1782833969\n|switch|p1a: Dewgong|Dewgong, L94, M|106/322\n|turn|12\n|\n|t:|1782833979\n|-end|p2a: Roaring Moon|Protosynthesis|[silent]\n|switch|p2a: Indeedee|Indeedee-F, L90, F|203/272\n|-fieldstart|move: Psychic Terrain|[from] ability: Psychic Surge|[of] p2a: Indeedee\n|move|p1a: Dewgong|Triple Axel|p2a: Indeedee\n|-damage|p2a: Indeedee|178/272\n|-damage|p2a: Indeedee|130/272\n|-damage|p2a: Indeedee|58/272\n|-hitcount|p2a: Indeedee|3\n|\n|upkeep\n|turn|13\n|\n|t:|1782833990\n|switch|p1a: Dipplin|Dipplin, L88, F|284/284\n|move|p2a: Indeedee|Psychic|p1a: Dipplin\n|-damage|p1a: Dipplin|179/284\n|\n|upkeep\n|turn|14\n|\n|t:|1782834005\n|switch|p2a: Hatterene|Hatterene, L85, F|236/236\n|move|p1a: Dipplin|Recover|p1a: Dipplin\n|-heal|p1a: Dipplin|284/284\n|\n|upkeep\n|turn|15\n|\n|t:|1782834022\n|switch|p1a: Trevenant|Trevenant, L89, M|296/296\n|switch|p2a: Roaring Moon|Roaring Moon, L72|179/270\n|\n|upkeep\n|turn|16\n|\n|t:|1782834028\n|move|p1a: Trevenant|Protect|p1a: Trevenant\n|-singleturn|p1a: Trevenant|Protect\n|move|p2a: Roaring Moon|Knock Off|p1a: Trevenant\n|-activate|p1a: Trevenant|move: Protect\n|\n|-fieldend|move: Psychic Terrain\n|upkeep\n|turn|17\n|\n|t:|1782834037\n|switch|p1a: Dipplin|Dipplin, L88, F|284/284\n|move|p2a: Roaring Moon|Knock Off|p1a: Dipplin\n|-damage|p1a: Dipplin|208/284\n|-activate|p1a: Dipplin|ability: Sticky Hold\n|\n|upkeep\n|turn|18\n|\n|t:|1782834045\n|-end|p2a: Roaring Moon|Protosynthesis|[silent]\n|switch|p2a: Sandslash|Sandslash-Alola, L88, M|275/275\n|move|p1a: Dipplin|Giga Drain|p2a: Sandslash\n|-resisted|p2a: Sandslash\n|-damage|p2a: Sandslash|239/275\n|-heal|p1a: Dipplin|226/284|[from] drain|[of] p2a: Sandslash\n|\n|upkeep\n|turn|19\n|\n|t:|1782834054\n|switch|p1a: Hitmonlee|Hitmonlee, L85, M|223/223\n|move|p2a: Sandslash|Rapid Spin|p1a: Hitmonlee\n|-damage|p1a: Hitmonlee|167/223\n|-boost|p2a: Sandslash|spe|1\n|\n|upkeep\n|turn|20\n|\n|t:|1782834061\n|move|p2a: Sandslash|Triple Axel|p1a: Hitmonlee\n|-damage|p1a: Hitmonlee|134/223\n|-damage|p1a: Hitmonlee|68/223\n|-damage|p1a: Hitmonlee|0 fnt\n|faint|p1a: Hitmonlee\n|-hitcount|p1: Hitmonlee|3\n|\n|upkeep\n|\n|t:|1782834066\n|switch|p1a: Trevenant|Trevenant, L89, M|296/296\n|turn|21\n|\n|t:|1782834078\n|-terastallize|p2a: Sandslash|Flying\n|-terastallize|p1a: Trevenant|Steel\n|move|p2a: Sandslash|Triple Axel|p1a: Trevenant\n|-resisted|p1a: Trevenant\n|-damage|p1a: Trevenant|283/296\n|-resisted|p1a: Trevenant\n|-damage|p1a: Trevenant|258/296\n|-resisted|p1a: Trevenant\n|-damage|p1a: Trevenant|219/296\n|-hitcount|p1a: Trevenant|3\n|move|p1a: Trevenant|Drain Punch|p2a: Sandslash\n|-resisted|p2a: Sandslash\n|-damage|p2a: Sandslash|216/275\n|-heal|p1a: Trevenant|231/296|[from] drain|[of] p2a: Sandslash\n|\n|upkeep\n|turn|22\n|\n|t:|1782834101\n|move|p2a: Sandslash|Earthquake|p1a: Trevenant\n|-supereffective|p1a: Trevenant\n|-damage|p1a: Trevenant|67/296\n|-enditem|p1a: Trevenant|Sitrus Berry|[eat]\n|-heal|p1a: Trevenant|141/296|[from] item: Sitrus Berry\n|move|p1a: Trevenant|Toxic|p2a: Sandslash\n|-status|p2a: Sandslash|tox\n|\n|-damage|p2a: Sandslash|199/275 tox|[from] psn\n|upkeep\n|turn|23\n|\n|t:|1782834119\n|switch|p2a: Volcarona|Volcarona, L77, F|257/257\n|move|p1a: Trevenant|Protect||[still]\n|-fail|p1a: Trevenant\n|\n|-item|p1a: Trevenant|Sitrus Berry|[from] ability: Harvest\n|upkeep\n|-enditem|p1a: Trevenant|Sitrus Berry|[eat]\n|-heal|p1a: Trevenant|215/296|[from] item: Sitrus Berry\n|turn|24\n|\n|t:|1782834130\n|move|p2a: Volcarona|Fire Blast|p1a: Trevenant\n|-supereffective|p1a: Trevenant\n|-damage|p1a: Trevenant|0 fnt\n|faint|p1a: Trevenant\n|\n|upkeep\n|\n|t:|1782834135\n|switch|p1a: Dragalge|Dragalge, L88, F|258/258\n|turn|25\n|inactive|szbsb has 120 seconds left.\n|\n|t:|1782834157\n|move|p2a: Volcarona|Quiver Dance|p2a: Volcarona\n|-boost|p2a: Volcarona|spa|1\n|-boost|p2a: Volcarona|spd|1\n|-boost|p2a: Volcarona|spe|1\n|move|p1a: Dragalge|Sludge Wave|p2a: Volcarona\n|-damage|p2a: Volcarona|157/257\n|\n|upkeep\n|turn|26\n|\n|t:|1782834164\n|move|p2a: Volcarona|Quiver Dance|p2a: Volcarona\n|-boost|p2a: Volcarona|spa|1\n|-boost|p2a: Volcarona|spd|1\n|-boost|p2a: Volcarona|spe|1\n|move|p1a: Dragalge|Sludge Wave|p2a: Volcarona\n|-damage|p2a: Volcarona|87/257\n|\n|upkeep\n|turn|27\n|-message|Helsa06 forfeited.\n|\n|win|szbsb\n", "inputlog": ">version f8ac14003a5f27e1bdc8d8c59608a773c1cb96e5\n>start {\"formatid\":\"gen9randombattle\",\"seed\":\"sodium,47bcf5d841d282b3b21b882cf6507a12\",\"rated\":\"Rated battle\"}\n>player p1 {\"name\":\"Helsa06\",\"avatar\":\"lass\",\"rating\":1948,\"seed\":\"sodium,fa625a433bab8d01ba032c0751cb112f\"}\n>player p2 {\"name\":\"szbsb\",\"avatar\":\"1\",\"rating\":1969,\"seed\":\"sodium,4d7b5ecabf5a502f55825e79d3d2f923\"}\n>p1 move crunch\n>p2 move willowisp\n>p1 move crunch\n>p2 switch 2\n>p1 switch 4\n>p2 move knockoff\n>p1 move flipturn\n>p2 switch 5\n>p1 switch 4\n>p1 move crunch\n>p2 switch 5\n>p1 switch 4\n>p2 move uturn\n>p2 switch 5\n>p1 switch 4\n>p2 move hypervoice\n>p1 switch 6\n>p2 move hypervoice\n>p1 move poltergeist\n>p2 switch 2\n>p2 switch 5\n>p1 move protect\n>p2 move knockoff\n>p1 switch 6\n>p2 move knockoff\n>p1 switch 4\n>p1 move tripleaxel\n>p2 switch 2\n>p1 switch 5\n>p2 move psychic\n>p1 move recover\n>p2 switch 4\n>p1 switch 6\n>p2 switch 2\n>p1 move protect\n>p2 move knockoff\n>p1 switch 6\n>p2 move knockoff\n>p1 move gigadrain\n>p2 switch 6\n>p1 switch 2\n>p2 move rapidspin\n>p1 move highjumpkick\n>p2 move tripleaxel\n>p1 switch 6\n>p1 move drainpunch terastallize\n>p2 move tripleaxel terastallize\n>p1 move toxic\n>p2 move earthquake\n>p1 move protect\n>p2 switch 3\n>p1 move toxic\n>p2 move fireblast\n>p1 switch 3\n>p1 move sludgewave\n>p2 move quiverdance\n>p1 move sludgewave\n>p2 move quiverdance\n>forcelose p1", "uploadtime": 1782833820, "views": 3, "formatid": "gen9randombattle", "rating": null, "private": 0, "password": null, "player_dets": [{"name": "Helsa06", "avatar": "lass", "rating": 1948, "seed": "sodium,fa625a433bab8d01ba032c0751cb112f"}, {"name": "szbsb", "avatar": "1", "rating": 1969, "seed": "sodium,4d7b5ecabf5a502f55825e79d3d2f923"}], "teams_full": [{"Overqwil": {"name": "Overqwil", "species": "Overqwil", "speciesId": "overqwil", "gender": "F", "shiny": false, "level": 82, "moves": ["aquajet", "gunkshot", "crunch", "liquidation"], "ability": "Intimidate", "evs": {"hp": 85, "atk": 85, "def": 85, "spa": 85, "spd": 85, "spe": 85}, "ivs": {"hp": 31, "atk": 31, "def": 31, "spa": 31, "spd": 31, "spe": 31}, "item": "Choice Band", "teraType": "Water", "role": "Fast Attacker", "bvs": {"hp": 85, "atk": 115, "def": 95, "spa": 65, "spd": 65, "spe": 85}, "stats": {"hp": 274, "atk": 236, "def": 203, "spa": 154, "spd": 154, "spe": 187}, "types": ["Dark", "Poison"]}, "Hitmonlee": {"name": "Hitmonlee", "species": "Hitmonlee", "speciesId": "hitmonlee", "gender": "M", "shiny": false, "level": 85, "moves": ["knockoff", "machpunch", "stoneedge", "highjumpkick"], "ability": "Reckless", "evs": {"hp": 81, "atk": 85, "def": 85, "spa": 85, "spd": 85, "spe": 85}, "ivs": {"hp": 31, "atk": 31, "def": 31, "spa": 31, "spd": 31, "spe": 31}, "item": "Choice Band", "teraType": "Fighting", "role": "Fast Attacker", "bvs": {"hp": 50, "atk": 120, "def": 53, "spa": 35, "spd": 110, "spe": 87}, "stats": {"hp": 223, "atk": 253, "def": 139, "spa": 108, "spd": 236, "spe": 197}, "types": ["Fighting"]}, "Dragalge": {"name": "Dragalge", "species": "Dragalge", "speciesId": "dragalge", "gender": "F", "shiny": false, "level": 88, "moves": ["sludgewave", "dracometeor", "focusblast", "toxicspikes"], "ability": "Adaptability", "evs": {"hp": 85, "atk": 0, "def": 85, "spa": 85, "spd": 85, "spe": 85}, "ivs": {"hp": 31, "atk": 0, "def": 31, "spa": 31, "spd": 31, "spe": 31}, "item": "Leftovers", "teraType": "Fighting", "role": "Bulky Attacker", "bvs": {"hp": 65, "atk": 75, "def": 90, "spa": 97, "spd": 123, "spe": 44}, "stats": {"hp": 258, "atk": 137, "def": 209, "spa": 221, "spd": 267, "spe": 128}, "types": ["Poison", "Dragon"]}, "Dewgong": {"name": "Dewgong", "species": "Dewgong", "speciesId": "dewgong", "gender": "M", "shiny": false, "level": 94, "moves": ["flipturn", "knockoff", "tripleaxel", "surf"], "ability": "Thick Fat", "evs": {"hp": 85, "atk": 85, "def": 85, "spa": 85, "spd": 85, "spe": 85}, "ivs": {"hp": 31, "atk": 31, "def": 31, "spa": 31, "spd": 31, "spe": 31}, "item": "Assault Vest", "teraType": "Dragon", "role": "Bulky Attacker", "bvs": {"hp": 90, "atk": 70, "def": 80, "spa": 70, "spd": 95, "spe": 70}, "stats": {"hp": 322, "atk": 185, "def": 204, "spa": 185, "spd": 232, "spe": 185}, "types": ["Water", "Ice"]}, "Dipplin": {"name": "Dipplin", "species": "Dipplin", "speciesId": "dipplin", "gender": "F", "shiny": false, "level": 88, "moves": ["gigadrain", "dragonpulse", "suckerpunch", "recover"], "ability": "Sticky Hold", "evs": {"hp": 85, "atk": 85, "def": 85, "spa": 85, "spd": 85, "spe": 85}, "ivs": {"hp": 31, "atk": 31, "def": 31, "spa": 31, "spd": 31, "spe": 31}, "item": "Eviolite", "teraType": "Steel", "role": "Bulky Attacker", "bvs": {"hp": 80, "atk": 80, "def": 110, "spa": 95, "spd": 80, "spe": 40}, "stats": {"hp": 284, "atk": 191, "def": 244, "spa": 217, "spd": 191, "spe": 121}, "types": ["Grass", "Dragon"]}, "Trevenant": {"name": "Trevenant", "species": "Trevenant", "speciesId": "trevenant", "gender": "M", "shiny": false, "level": 89, "moves": ["toxic", "drainpunch", "protect", "poltergeist"], "ability": "Harvest", "evs": {"hp": 85, "atk": 85, "def": 85, "spa": 85, "spd": 85, "spe": 85}, "ivs": {"hp": 31, "atk": 31, "def": 31, "spa": 31, "spd": 31, "spe": 31}, "item": "Sitrus Berry", "teraType": "Steel", "role": "Bulky Support", "bvs": {"hp": 85, "atk": 110, "def": 76, "spa": 65, "spd": 82, "spe": 56}, "stats": {"hp": 296, "atk": 247, "def": 186, "spa": 166, "spd": 197, "spe": 150}, "types": ["Ghost", "Grass"]}}, {"Gengar": {"name": "Gengar", "species": "Gengar", "speciesId": "gengar", "gender": "F", "shiny": false, "level": 81, "moves": ["willowisp", "shadowball", "focusblast", "sludgewave"], "ability": "Cursed Body", "evs": {"hp": 85, "atk": 0, "def": 85, "spa": 85, "spd": 85, "spe": 85}, "ivs": {"hp": 31, "atk": 0, "def": 31, "spa": 31, "spd": 31, "spe": 31}, "item": "Life Orb", "teraType": "Fighting", "role": "Fast Attacker", "bvs": {"hp": 60, "atk": 65, "def": 60, "spa": 130, "spd": 75, "spe": 110}, "stats": {"hp": 230, "atk": 110, "def": 144, "spa": 257, "spd": 168, "spe": 225}, "types": ["Ghost", "Poison"]}, "Roaring Moon": {"name": "Roaring Moon", "species": "Roaring Moon", "speciesId": "roaringmoon", "gender": "N", "shiny": false, "level": 72, "moves": ["knockoff", "uturn", "outrage", "ironhead"], "ability": "Protosynthesis", "evs": {"hp": 85, "atk": 85, "def": 85, "spa": 85, "spd": 85, "spe": 85}, "ivs": {"hp": 31, "atk": 31, "def": 31, "spa": 31, "spd": 31, "spe": 31}, "item": "Choice Band", "teraType": "Dark", "role": "Bulky Attacker", "bvs": {"hp": 105, "atk": 139, "def": 71, "spa": 55, "spd": 101, "spe": 119}, "stats": {"hp": 270, "atk": 242, "def": 144, "spa": 121, "spd": 187, "spe": 213}, "types": ["Dragon", "Dark"]}, "Volcarona": {"name": "Volcarona", "species": "Volcarona", "speciesId": "volcarona", "gender": "F", "shiny": false, "level": 77, "moves": ["quiverdance", "bugbuzz", "gigadrain", "fireblast"], "ability": "Flame Body", "evs": {"hp": 85, "atk": 0, "def": 85, "spa": 85, "spd": 85, "spe": 85}, "ivs": {"hp": 31, "atk": 0, "def": 31, "spa": 31, "spd": 31, "spe": 31}, "item": "Heavy-Duty Boots", "teraType": "Grass", "role": "Fast Bulky Setup", "bvs": {"hp": 85, "atk": 60, "def": 65, "spa": 135, "spd": 105, "spe": 100}, "stats": {"hp": 257, "atk": 97, "def": 145, "spa": 252, "spd": 206, "spe": 199}, "types": ["Bug", "Fire"]}, "Hatterene": {"name": "Hatterene", "species": "Hatterene", "speciesId": "hatterene", "gender": "F", "shiny": false, "level": 85, "moves": ["mysticalfire", "psyshock", "drainingkiss", "calmmind"], "ability": "Magic Bounce", "evs": {"hp": 85, "atk": 0, "def": 85, "spa": 85, "spd": 85, "spe": 85}, "ivs": {"hp": 31, "atk": 0, "def": 31, "spa": 31, "spd": 31, "spe": 31}, "item": "Leftovers", "teraType": "Steel", "role": "Bulky Setup", "bvs": {"hp": 57, "atk": 90, "def": 95, "spa": 136, "spd": 103, "spe": 29}, "stats": {"hp": 236, "atk": 158, "def": 210, "spa": 280, "spd": 224, "spe": 98}, "types": ["Psychic", "Fairy"]}, "Indeedee": {"name": "Indeedee", "species": "Indeedee-F", "speciesId": "indeedeef", "gender": "F", "shiny": false, "level": 90, "moves": ["hypervoice", "psychic", "dazzlinggleam", "healingwish"], "ability": "Psychic Surge", "evs": {"hp": 85, "atk": 0, "def": 85, "spa": 85, "spd": 85, "spe": 85}, "ivs": {"hp": 31, "atk": 0, "def": 31, "spa": 31, "spd": 31, "spe": 31}, "item": "Choice Scarf", "teraType": "Fairy", "role": "Fast Attacker", "bvs": {"hp": 70, "atk": 55, "def": 65, "spa": 95, "spd": 105, "spe": 85}, "stats": {"hp": 272, "atk": 104, "def": 168, "spa": 222, "spd": 240, "spe": 204}, "types": ["Psychic", "Normal"]}, "Sandslash": {"name": "Sandslash", "species": "Sandslash-Alola", "speciesId": "sandslashalola", "gender": "M", "shiny": false, "level": 88, "moves": ["rapidspin", "ironhead", "tripleaxel", "earthquake"], "ability": "Slush Rush", "evs": {"hp": 85, "atk": 85, "def": 85, "spa": 85, "spd": 85, "spe": 85}, "ivs": {"hp": 31, "atk": 31, "def": 31, "spa": 31, "spd": 31, "spe": 31}, "item": "Assault Vest", "teraType": "Flying", "role": "Bulky Support", "bvs": {"hp": 75, "atk": 100, "def": 120, "spa": 25, "spd": 65, "spe": 65}, "stats": {"hp": 275, "atk": 226, "def": 261, "spa": 94, "spd": 165, "spe": 165}, "types": ["Ice", "Steel"]}}]}