{"id": "gen9randombattle-2641686605", "format": "[Gen 9] Random Battle", "players": ["Fortre", "TheBotanist73"], "log": "|j|\u2606Fortre\n|j|\u2606TheBotanist73\n|t:|1782829783\n|gametype|singles\n|player|p1|Fortre|170|1944\n|player|p2|TheBotanist73|scientist-gen7|1992\n|gen|9\n|tier|[Gen 9] Random Battle\n|rated|\n|rule|Species Clause: Limit one of each Pok\u00e9mon\n|rule|HP Percentage Mod: HP is shown in percentages\n|rule|Sleep Clause Mod: Limit one foe put to sleep\n|rule|Illusion Level Mod: Illusion disguises the Pok\u00e9mon's true level\n|\n|t:|1782829783\n|teamsize|p1|6\n|teamsize|p2|6\n|start\n|switch|p1a: Incineroar|Incineroar, L82, F|290/290\n|switch|p2a: Toxapex|Toxapex, L82, F|216/216\n|-ability|p1a: Incineroar|Intimidate|boost\n|-unboost|p2a: Toxapex|atk|1\n|turn|1\n|\n|t:|1782829813\n|move|p1a: Incineroar|Will-O-Wisp|p2a: Toxapex\n|-status|p2a: Toxapex|brn\n|move|p2a: Toxapex|Toxic Spikes|p1a: Incineroar\n|-sidestart|p1: Fortre|move: Toxic Spikes\n|\n|-damage|p2a: Toxapex|203/216 brn|[from] brn\n|upkeep\n|turn|2\n|\n|t:|1782829827\n|switch|p2a: Uxie|Uxie, L83|260/260\n|move|p1a: Incineroar|Knock Off|p2a: Uxie\n|-supereffective|p2a: Uxie\n|-damage|p2a: Uxie|92/260\n|-enditem|p2a: Uxie|Leftovers|[from] move: Knock Off|[of] p1a: Incineroar\n|\n|upkeep\n|turn|3\n|\n|t:|1782829840\n|switch|p2a: Toxapex|Toxapex, L82, F|216/216 brn\n|move|p1a: Incineroar|Knock Off|p2a: Toxapex\n|-damage|p2a: Toxapex|147/216 brn\n|-damage|p1a: Incineroar|242/290|[from] item: Rocky Helmet|[of] p2a: Toxapex\n|-enditem|p2a: Toxapex|Rocky Helmet|[from] move: Knock Off|[of] p1a: Incineroar\n|\n|-damage|p2a: Toxapex|134/216 brn|[from] brn\n|upkeep\n|turn|4\n|inactive|Battle timer is ON: inactive players will automatically lose when time's up. (requested by TheBotanist73)\n|\n|t:|1782829846\n|move|p1a: Incineroar|Earthquake|p2a: Toxapex\n|-supereffective|p2a: Toxapex\n|-damage|p2a: Toxapex|36/216 brn\n|move|p2a: Toxapex|Liquidation|p1a: Incineroar\n|-supereffective|p1a: Incineroar\n|-damage|p1a: Incineroar|175/290\n|\n|-damage|p2a: Toxapex|23/216 brn|[from] brn\n|upkeep\n|turn|5\n|\n|t:|1782829857\n|move|p1a: Incineroar|Knock Off|p2a: Toxapex\n|-damage|p2a: Toxapex|0 fnt\n|faint|p2a: Toxapex\n|\n|upkeep\n|\n|t:|1782829865\n|switch|p2a: Munkidori|Munkidori, L79, M|269/269\n|turn|6\n|inactive|Fortre has 120 seconds left.\n|\n|t:|1782829908\n|move|p2a: Munkidori|Fake Out|p1a: Incineroar\n|-damage|p1a: Incineroar|152/290\n|cant|p1a: Incineroar|flinch\n|\n|upkeep\n|turn|7\n|\n|t:|1782829918\n|move|p2a: Munkidori|Sludge Wave|p1a: Incineroar\n|-damage|p1a: Incineroar|37/290\n|move|p1a: Incineroar|Knock Off|p2a: Munkidori\n|-supereffective|p2a: Munkidori\n|-damage|p2a: Munkidori|0 fnt\n|-enditem|p2a: Munkidori|Assault Vest|[from] move: Knock Off|[of] p1a: Incineroar\n|faint|p2a: Munkidori\n|\n|upkeep\n|\n|t:|1782829934\n|switch|p2a: Yanmega|Yanmega, L82, M|219/219\n|turn|8\n|\n|t:|1782829938\n|move|p2a: Yanmega|Hyper Voice|p1a: Incineroar\n|-damage|p1a: Incineroar|0 fnt\n|faint|p1a: Incineroar\n|-damage|p2a: Yanmega|198/219|[from] item: Life Orb\n|\n|upkeep\n|\n|t:|1782829949\n|switch|p1a: Flamigo|Flamigo, L82, M|269/269\n|turn|9\n|\n|t:|1782829973\n|move|p2a: Yanmega|Hyper Voice|p1a: Flamigo\n|-crit|p1a: Flamigo\n|-damage|p1a: Flamigo|0 fnt\n|faint|p1a: Flamigo\n|-damage|p2a: Yanmega|177/219|[from] item: Life Orb\n|\n|upkeep\n|\n|t:|1782829979\n|switch|p1a: Eternatus|Eternatus, L69|308/308\n|-sideend|p1: Fortre|move: Toxic Spikes|[of] p1a: Eternatus\n|-ability|p1a: Eternatus|Pressure\n|turn|10\n|\n|t:|1782829991\n|move|p2a: Yanmega|Hyper Voice|p1a: Eternatus\n|-damage|p1a: Eternatus|133/308\n|-damage|p2a: Yanmega|156/219|[from] item: Life Orb\n|move|p1a: Eternatus|Dynamax Cannon|p2a: Yanmega\n|-damage|p2a: Yanmega|20/219\n|replace|p2a: Zoroark|Zoroark-Hisui, L80, F\n|-end|p2a: Zoroark|Illusion\n|-hint|Illusion Level Mod is active, so this Pok\u00e9mon's true level was hidden.\n|\n|-heal|p1a: Eternatus|152/308|[from] item: Leftovers\n|upkeep\n|turn|11\n|\n|t:|1782830002\n|move|p2a: Zoroark|Hyper Voice|p1a: Eternatus\n|-damage|p1a: Eternatus|0 fnt\n|faint|p1a: Eternatus\n|-damage|p2a: Zoroark|0 fnt|[from] item: Life Orb\n|faint|p2a: Zoroark\n|\n|upkeep\n|\n|t:|1782830015\n|switch|p2a: Yanmega|Yanmega, L82, M|275/275\n|switch|p1a: Chimecho|Chimecho, L93, M|290/290\n|turn|12\n|\n|t:|1782830022\n|move|p2a: Yanmega|Bug Buzz|p1a: Chimecho\n|-supereffective|p1a: Chimecho\n|-damage|p1a: Chimecho|14/290\n|move|p1a: Chimecho|Thunder Wave|p2a: Yanmega\n|-status|p2a: Yanmega|par\n|\n|-heal|p1a: Chimecho|32/290|[from] item: Leftovers\n|upkeep\n|turn|13\n|\n|t:|1782830033\n|move|p1a: Chimecho|Psychic Noise|p2a: Yanmega\n|-damage|p2a: Yanmega|133/275 par\n|-start|p2a: Yanmega|move: Heal Block\n|move|p2a: Yanmega|Bug Buzz|p1a: Chimecho\n|-supereffective|p1a: Chimecho\n|-damage|p1a: Chimecho|0 fnt\n|faint|p1a: Chimecho\n|\n|upkeep\n|\n|t:|1782830039\n|switch|p1a: Orthworm|Orthworm, L88, F|266/266\n|turn|14\n|\n|t:|1782830048\n|move|p1a: Orthworm|Iron Tail|p2a: Yanmega|[miss]\n|-miss|p1a: Orthworm|p2a: Yanmega\n|cant|p2a: Yanmega|par\n|\n|-end|p2a: Yanmega|move: Heal Block\n|upkeep\n|turn|15\n|\n|t:|1782830057\n|move|p1a: Orthworm|Iron Tail|p2a: Yanmega\n|-damage|p2a: Yanmega|28/275 par\n|move|p2a: Yanmega|Bug Buzz|p1a: Orthworm\n|-resisted|p1a: Orthworm\n|-crit|p1a: Orthworm\n|-damage|p1a: Orthworm|0 fnt\n|faint|p1a: Orthworm\n|\n|upkeep\n|\n|t:|1782830061\n|switch|p1a: Mew|Mew, L82|298/298\n|turn|16\n|\n|t:|1782830065\n|move|p1a: Mew|Knock Off|p2a: Yanmega\n|-damage|p2a: Yanmega|0 fnt\n|-enditem|p2a: Yanmega|Choice Specs|[from] move: Knock Off|[of] p1a: Mew\n|faint|p2a: Yanmega\n|-damage|p1a: Mew|269/298|[from] item: Life Orb\n|\n|upkeep\n|\n|t:|1782830072\n|switch|p2a: Uxie|Uxie, L83|92/260\n|turn|17\n|\n|t:|1782830086\n|-terastallize|p2a: Uxie|Steel\n|move|p1a: Mew|Knock Off|p2a: Uxie\n|-damage|p2a: Uxie|48/260\n|-damage|p1a: Mew|240/298|[from] item: Life Orb\n|move|p2a: Uxie|Yawn|p1a: Mew\n|-start|p1a: Mew|move: Yawn|[of] p2a: Uxie\n|\n|upkeep\n|turn|18\n|\n|t:|1782830100\n|move|p1a: Mew|Knock Off|p2a: Uxie\n|-damage|p2a: Uxie|8/260\n|-damage|p1a: Mew|211/298|[from] item: Life Orb\n|move|p2a: Uxie|Psychic Noise|p1a: Mew\n|-resisted|p1a: Mew\n|-damage|p1a: Mew|181/298\n|-start|p1a: Mew|move: Heal Block\n|\n|-end|p1a: Mew|move: Yawn|[silent]\n|-status|p1a: Mew|slp\n|upkeep\n|turn|19\n|\n|t:|1782830110\n|cant|p1a: Mew|slp\n|move|p2a: Uxie|Knock Off|p1a: Mew\n|-supereffective|p1a: Mew\n|-damage|p1a: Mew|83/298 slp\n|-enditem|p1a: Mew|Life Orb|[from] move: Knock Off|[of] p2a: Uxie\n|\n|-end|p1a: Mew|move: Heal Block\n|upkeep\n|turn|20\n|\n|t:|1782830113\n|-curestatus|p1a: Mew|slp|[msg]\n|move|p1a: Mew|Knock Off|p2a: Uxie\n|-damage|p2a: Uxie|0 fnt\n|faint|p2a: Uxie\n|\n|upkeep\n|\n|t:|1782830116\n|switch|p2a: Sunflora|Sunflora, F|312/312\n|turn|21\n|\n|t:|1782830121\n|-terastallize|p1a: Mew|Fighting\n|move|p1a: Mew|Close Combat|p2a: Sunflora\n|-damage|p2a: Sunflora|155/312\n|-unboost|p1a: Mew|def|1\n|-unboost|p1a: Mew|spd|1\n|move|p2a: Sunflora|Sunny Day|p2a: Sunflora\n|-weather|SunnyDay\n|\n|-weather|SunnyDay|[upkeep]\n|upkeep\n|turn|22\n|-message|Fortre forfeited.\n|\n|win|TheBotanist73\n", "inputlog": ">version f8ac14003a5f27e1bdc8d8c59608a773c1cb96e5\n>start {\"formatid\":\"gen9randombattle\",\"seed\":\"sodium,72d15e0004b0920b144af9d83ed757ce\",\"rated\":\"Rated battle\"}\n>player p1 {\"name\":\"Fortre\",\"avatar\":\"170\",\"rating\":1944,\"seed\":\"sodium,03e29b366b48739bf3e0d8d3981f74e7\"}\n>player p2 {\"name\":\"TheBotanist73\",\"avatar\":\"scientist-gen7\",\"rating\":1992,\"seed\":\"sodium,10bcfb8c7f289a736f1aa678d5a76a6a\"}\n>p1 move willowisp\n>p2 move toxicspikes\n>p1 move knockoff\n>p2 switch 2\n>p1 move knockoff\n>p2 switch 2\n>p1 move earthquake\n>p2 move liquidation\n>p1 move knockoff\n>p2 move toxicspikes\n>p2 switch 3\n>p1 move knockoff\n>p2 move fakeout\n>p1 move knockoff\n>p2 move sludgewave\n>p2 switch 4\n>p1 move flareblitz\n>p2 move hypervoice\n>p1 switch 6\n>p1 move closecombat\n>p2 move hypervoice\n>p1 switch 4\n>p1 move dynamaxcannon\n>p2 move hypervoice\n>p1 move dynamaxcannon\n>p2 move hypervoice\n>p1 switch 3\n>p2 switch 6\n>p1 move thunderwave\n>p2 move bugbuzz\n>p1 move psychicnoise\n>p2 move bugbuzz\n>p1 switch 2\n>p1 move irontail\n>p2 move bugbuzz\n>p1 move irontail\n>p2 move bugbuzz\n>p1 switch 5\n>p1 move knockoff\n>p2 move bugbuzz\n>p2 switch 2\n>p1 move knockoff\n>p2 move yawn terastallize\n>p1 move knockoff\n>p2 move psychicnoise\n>p1 move knockoff\n>p2 move knockoff\n>p1 move knockoff\n>p2 move knockoff\n>p2 switch 5\n>p1 move closecombat terastallize\n>p2 move sunnyday\n>forcelose p1", "uploadtime": 1782829785, "views": 7, "formatid": "gen9randombattle", "rating": null, "private": 0, "password": null, "player_dets": [{"name": "Fortre", "avatar": "170", "rating": 1944, "seed": "sodium,03e29b366b48739bf3e0d8d3981f74e7"}, {"name": "TheBotanist73", "avatar": "scientist-gen7", "rating": 1992, "seed": "sodium,10bcfb8c7f289a736f1aa678d5a76a6a"}], "teams_full": [{"Incineroar": {"name": "Incineroar", "species": "Incineroar", "speciesId": "incineroar", "gender": "F", "shiny": false, "level": 82, "moves": ["knockoff", "willowisp", "flareblitz", "earthquake"], "ability": "Intimidate", "evs": {"hp": 85, "atk": 85, "def": 85, "spa": 85, "spd": 85, "spe": 85}, "ivs": {"hp": 31, "atk": 31, "def": 31, "spa": 31, "spd": 31, "spe": 31}, "item": "Heavy-Duty Boots", "teraType": "Water", "role": "Fast Attacker", "bvs": {"hp": 95, "atk": 115, "def": 90, "spa": 80, "spd": 90, "spe": 60}, "stats": {"hp": 290, "atk": 236, "def": 195, "spa": 178, "spd": 195, "spe": 146}, "types": ["Fire", "Dark"]}, "Orthworm": {"name": "Orthworm", "species": "Orthworm", "speciesId": "orthworm", "gender": "F", "shiny": false, "level": 88, "moves": ["rest", "coil", "bodypress", "irontail"], "ability": "Earth Eater", "evs": {"hp": 85, "atk": 85, "def": 85, "spa": 85, "spd": 85, "spe": 85}, "ivs": {"hp": 31, "atk": 31, "def": 31, "spa": 31, "spd": 31, "spe": 31}, "item": "Chesto Berry", "teraType": "Electric", "role": "Bulky Setup", "bvs": {"hp": 70, "atk": 85, "def": 145, "spa": 60, "spd": 55, "spe": 65}, "stats": {"hp": 266, "atk": 200, "def": 305, "spa": 156, "spd": 147, "spe": 165}, "types": ["Steel"]}, "Chimecho": {"name": "Chimecho", "species": "Chimecho", "speciesId": "chimecho", "gender": "M", "shiny": false, "level": 93, "moves": ["psychicnoise", "healbell", "thunderwave", "recover"], "ability": "Levitate", "evs": {"hp": 85, "atk": 0, "def": 85, "spa": 85, "spd": 85, "spe": 85}, "ivs": {"hp": 31, "atk": 0, "def": 31, "spa": 31, "spd": 31, "spe": 31}, "item": "Leftovers", "teraType": "Poison", "role": "Bulky Support", "bvs": {"hp": 75, "atk": 50, "def": 80, "spa": 95, "spd": 90, "spe": 65}, "stats": {"hp": 290, "atk": 98, "def": 202, "spa": 230, "spd": 220, "spe": 174}, "types": ["Psychic"]}, "Eternatus": {"name": "Eternatus", "species": "Eternatus", "speciesId": "eternatus", "gender": "N", "shiny": false, "level": 69, "moves": ["dynamaxcannon", "recover", "flamethrower", "toxic"], "ability": "Pressure", "evs": {"hp": 85, "atk": 0, "def": 85, "spa": 85, "spd": 85, "spe": 85}, "ivs": {"hp": 31, "atk": 0, "def": 31, "spa": 31, "spd": 31, "spe": 31}, "item": "Leftovers", "teraType": "Dragon", "role": "Bulky Support", "bvs": {"hp": 140, "atk": 85, "def": 95, "spa": 145, "spd": 95, "spe": 130}, "stats": {"hp": 308, "atk": 122, "def": 171, "spa": 240, "spd": 171, "spe": 220}, "types": ["Poison", "Dragon"]}, "Mew": {"name": "Mew", "species": "Mew", "speciesId": "mew", "gender": "N", "shiny": false, "level": 82, "moves": ["knockoff", "swordsdance", "closecombat", "psychicfangs"], "ability": "Synchronize", "evs": {"hp": 85, "atk": 85, "def": 85, "spa": 85, "spd": 85, "spe": 85}, "ivs": {"hp": 31, "atk": 31, "def": 31, "spa": 31, "spd": 31, "spe": 31}, "item": "Life Orb", "teraType": "Fighting", "role": "Setup Sweeper", "bvs": {"hp": 100, "atk": 100, "def": 100, "spa": 100, "spd": 100, "spe": 100}, "stats": {"hp": 298, "atk": 211, "def": 211, "spa": 211, "spd": 211, "spe": 211}, "types": ["Psychic"]}, "Flamigo": {"name": "Flamigo", "species": "Flamigo", "speciesId": "flamigo", "gender": "M", "shiny": false, "level": 82, "moves": ["roost", "swordsdance", "bravebird", "closecombat"], "ability": "Scrappy", "evs": {"hp": 85, "atk": 85, "def": 85, "spa": 85, "spd": 85, "spe": 85}, "ivs": {"hp": 31, "atk": 31, "def": 31, "spa": 31, "spd": 31, "spe": 31}, "item": "Life Orb", "teraType": "Steel", "role": "Setup Sweeper", "bvs": {"hp": 82, "atk": 115, "def": 74, "spa": 75, "spd": 64, "spe": 90}, "stats": {"hp": 269, "atk": 236, "def": 169, "spa": 170, "spd": 152, "spe": 195}, "types": ["Flying", "Fighting"]}}, {"Toxapex": {"name": "Toxapex", "species": "Toxapex", "speciesId": "toxapex", "gender": "F", "shiny": false, "level": 82, "moves": ["toxicspikes", "liquidation", "recover", "haze"], "ability": "Regenerator", "evs": {"hp": 85, "atk": 85, "def": 85, "spa": 85, "spd": 85, "spe": 85}, "ivs": {"hp": 31, "atk": 31, "def": 31, "spa": 31, "spd": 31, "spe": 31}, "item": "Rocky Helmet", "teraType": "Steel", "role": "Bulky Support", "bvs": {"hp": 50, "atk": 63, "def": 152, "spa": 53, "spd": 142, "spe": 35}, "stats": {"hp": 216, "atk": 150, "def": 296, "spa": 134, "spd": 280, "spe": 105}, "types": ["Poison", "Water"]}, "Uxie": {"name": "Uxie", "species": "Uxie", "speciesId": "uxie", "gender": "N", "shiny": false, "level": 83, "moves": ["psychicnoise", "knockoff", "yawn", "stealthrock"], "ability": "Levitate", "evs": {"hp": 85, "atk": 85, "def": 85, "spa": 85, "spd": 85, "spe": 85}, "ivs": {"hp": 31, "atk": 31, "def": 31, "spa": 31, "spd": 31, "spe": 31}, "item": "Leftovers", "teraType": "Steel", "role": "Bulky Support", "bvs": {"hp": 75, "atk": 75, "def": 130, "spa": 75, "spd": 130, "spe": 95}, "stats": {"hp": 260, "atk": 172, "def": 263, "spa": 172, "spd": 263, "spe": 205}, "types": ["Psychic"]}, "Munkidori": {"name": "Munkidori", "species": "Munkidori", "speciesId": "munkidori", "gender": "M", "shiny": false, "level": 79, "moves": ["psychicnoise", "sludgewave", "fakeout", "uturn"], "ability": "Toxic Chain", "evs": {"hp": 85, "atk": 85, "def": 85, "spa": 85, "spd": 85, "spe": 85}, "ivs": {"hp": 31, "atk": 31, "def": 31, "spa": 31, "spd": 31, "spe": 31}, "item": "Assault Vest", "teraType": "Dark", "role": "AV Pivot", "bvs": {"hp": 88, "atk": 75, "def": 66, "spa": 130, "spd": 90, "spe": 106}, "stats": {"hp": 269, "atk": 164, "def": 150, "spa": 251, "spd": 188, "spe": 213}, "types": ["Poison", "Psychic"]}, "Zoroark": {"name": "Zoroark", "species": "Zoroark-Hisui", "speciesId": "zoroarkhisui", "gender": "F", "shiny": false, "level": 80, "moves": ["nastyplot", "focusblast", "bittermalice", "hypervoice"], "ability": "Illusion", "evs": {"hp": 85, "atk": 0, "def": 85, "spa": 85, "spd": 85, "spe": 85}, "ivs": {"hp": 31, "atk": 0, "def": 31, "spa": 31, "spd": 31, "spe": 31}, "item": "Life Orb", "teraType": "Fighting", "role": "Wallbreaker", "bvs": {"hp": 55, "atk": 100, "def": 60, "spa": 125, "spd": 60, "spe": 110}, "stats": {"hp": 219, "atk": 165, "def": 142, "spa": 246, "spd": 142, "spe": 222}, "types": ["Normal", "Ghost"]}, "Sunflora": {"name": "Sunflora", "species": "Sunflora", "speciesId": "sunflora", "gender": "F", "shiny": false, "level": 100, "moves": ["earthpower", "weatherball", "solarbeam", "sunnyday"], "ability": "Chlorophyll", "evs": {"hp": 85, "atk": 0, "def": 85, "spa": 85, "spd": 85, "spe": 85}, "ivs": {"hp": 31, "atk": 0, "def": 31, "spa": 31, "spd": 31, "spe": 31}, "item": "Life Orb", "teraType": "Fire", "role": "Setup Sweeper", "bvs": {"hp": 75, "atk": 75, "def": 55, "spa": 105, "spd": 85, "spe": 30}, "stats": {"hp": 312, "atk": 155, "def": 167, "spa": 267, "spd": 227, "spe": 117}, "types": ["Grass"]}, "Yanmega": {"name": "Yanmega", "species": "Yanmega", "speciesId": "yanmega", "gender": "M", "shiny": false, "level": 82, "moves": ["gigadrain", "bugbuzz", "airslash", "uturn"], "ability": "Tinted Lens", "evs": {"hp": 85, "atk": 85, "def": 85, "spa": 85, "spd": 85, "spe": 85}, "ivs": {"hp": 31, "atk": 31, "def": 31, "spa": 31, "spd": 31, "spe": 31}, "item": "Choice Specs", "teraType": "Bug", "role": "Wallbreaker", "bvs": {"hp": 86, "atk": 76, "def": 86, "spa": 116, "spd": 56, "spe": 95}, "stats": {"hp": 275, "atk": 172, "def": 188, "spa": 237, "spd": 139, "spe": 203}, "types": ["Bug", "Flying"]}}]}