{"id": "gen9randombattle-2641464655", "format": "[Gen 9] Random Battle", "players": ["thfighter", "explosiveburger"], "log": "|j|\u2606thfighter\n|j|\u2606explosiveburger\n|t:|1782788883\n|gametype|singles\n|player|p1|thfighter|brock|2261\n|player|p2|explosiveburger|firebreather|2202\n|gen|9\n|tier|[Gen 9] Random Battle\n|rated|\n|rule|Species Clause: Limit one of each Pok\u00e9mon\n|rule|HP Percentage Mod: HP is shown in percentages\n|rule|Sleep Clause Mod: Limit one foe put to sleep\n|rule|Illusion Level Mod: Illusion disguises the Pok\u00e9mon's true level\n|\n|t:|1782788883\n|teamsize|p1|6\n|teamsize|p2|6\n|start\n|switch|p1a: Granbull|Granbull, L88, F|302/302\n|switch|p2a: Wigglytuff|Wigglytuff, L96, M|424/424\n|-ability|p1a: Granbull|Intimidate|boost\n|-unboost|p2a: Wigglytuff|atk|1\n|-ability|p2a: Wigglytuff|Competitive|boost\n|-boost|p2a: Wigglytuff|spa|2\n|turn|1\n|\n|t:|1782788901\n|move|p2a: Wigglytuff|Alluring Voice|p1a: Granbull\n|-damage|p1a: Granbull|59/302\n|move|p1a: Granbull|Thunder Wave|p2a: Wigglytuff\n|-status|p2a: Wigglytuff|par\n|\n|-heal|p1a: Granbull|77/302|[from] item: Leftovers\n|upkeep\n|turn|2\n|\n|t:|1782788908\n|move|p1a: Granbull|Play Rough|p2a: Wigglytuff\n|-crit|p2a: Wigglytuff\n|-damage|p2a: Wigglytuff|166/424 par\n|cant|p2a: Wigglytuff|par\n|\n|-heal|p1a: Granbull|95/302|[from] item: Leftovers\n|-heal|p2a: Wigglytuff|192/424 par|[from] item: Leftovers\n|upkeep\n|turn|3\n|\n|t:|1782788915\n|move|p1a: Granbull|Play Rough|p2a: Wigglytuff\n|-crit|p2a: Wigglytuff\n|-damage|p2a: Wigglytuff|0 fnt\n|faint|p2a: Wigglytuff\n|\n|-heal|p1a: Granbull|113/302|[from] item: Leftovers\n|upkeep\n|inactive|Battle timer is ON: inactive players will automatically lose when time's up. (requested by explosiveburger)\n|c|\u2606explosiveburger|bruh\n|\n|t:|1782788926\n|switch|p2a: Typhlosion|Typhlosion, L84, F|267/267\n|turn|4\n|c|\u2606thfighter|mb\n|\n|t:|1782788931\n|switch|p1a: Incineroar|Incineroar, L82, M|290/290\n|-ability|p1a: Incineroar|Intimidate|boost\n|-unboost|p2a: Typhlosion|atk|1\n|move|p2a: Typhlosion|Eruption|p1a: Incineroar\n|-resisted|p1a: Incineroar\n|-damage|p1a: Incineroar|227/290\n|\n|upkeep\n|turn|5\n|c|\u2606explosiveburger|its cool\n|\n|t:|1782788947\n|switch|p2a: Seviper|Seviper, L93, M|287/287\n|move|p1a: Incineroar|U-turn|p2a: Seviper\n|-resisted|p2a: Seviper\n|-damage|p2a: Seviper|257/287\n|\n|t:|1782788952\n|switch|p1a: Mudsdale|Mudsdale, L83, F|302/302|[from] U-turn\n|\n|-heal|p2a: Seviper|274/287|[from] item: Leftovers\n|upkeep\n|turn|6\n|\n|t:|1782788974\n|move|p2a: Seviper|Swords Dance|p2a: Seviper\n|-boost|p2a: Seviper|atk|2\n|move|p1a: Mudsdale|Earthquake|p2a: Seviper\n|-supereffective|p2a: Seviper\n|-damage|p2a: Seviper|0 fnt\n|faint|p2a: Seviper\n|\n|upkeep\n|\n|t:|1782788983\n|switch|p2a: Typhlosion|Typhlosion, L84, F|267/267\n|turn|7\n|\n|t:|1782788988\n|move|p2a: Typhlosion|Focus Blast|p1a: Mudsdale\n|-damage|p1a: Mudsdale|202/302\n|-ability|p1a: Mudsdale|Stamina|boost\n|-boost|p1a: Mudsdale|def|1\n|move|p1a: Mudsdale|Earthquake|p2a: Typhlosion\n|-supereffective|p2a: Typhlosion\n|-damage|p2a: Typhlosion|13/267\n|\n|-heal|p1a: Mudsdale|220/302|[from] item: Leftovers\n|upkeep\n|turn|8\n|\n|t:|1782788996\n|move|p2a: Typhlosion|Focus Blast|p1a: Mudsdale\n|-damage|p1a: Mudsdale|130/302\n|-ability|p1a: Mudsdale|Stamina|boost\n|-boost|p1a: Mudsdale|def|1\n|move|p1a: Mudsdale|Stealth Rock|p2a: Typhlosion\n|-sidestart|p2: explosiveburger|move: Stealth Rock\n|\n|-heal|p1a: Mudsdale|148/302|[from] item: Leftovers\n|upkeep\n|turn|9\n|\n|t:|1782789003\n|move|p2a: Typhlosion|Focus Blast|p1a: Mudsdale\n|-damage|p1a: Mudsdale|51/302\n|-ability|p1a: Mudsdale|Stamina|boost\n|-boost|p1a: Mudsdale|def|1\n|move|p1a: Mudsdale|Earthquake|p2a: Typhlosion\n|-supereffective|p2a: Typhlosion\n|-damage|p2a: Typhlosion|0 fnt\n|faint|p2a: Typhlosion\n|\n|-heal|p1a: Mudsdale|69/302|[from] item: Leftovers\n|upkeep\n|\n|t:|1782789013\n|switch|p2a: Meowstic|Meowstic-F, L89, F|277/277\n|-damage|p2a: Meowstic|243/277|[from] Stealth Rock\n|turn|10\n|j| TheAdvZ\n|\n|t:|1782789023\n|move|p2a: Meowstic|Dark Pulse|p1a: Mudsdale\n|-damage|p1a: Mudsdale|0 fnt\n|faint|p1a: Mudsdale\n|-damage|p2a: Meowstic|216/277|[from] item: Life Orb\n|\n|upkeep\n|\n|t:|1782789029\n|switch|p1a: Incineroar|Incineroar, L82, M|227/290\n|-ability|p1a: Incineroar|Intimidate|boost\n|-unboost|p2a: Meowstic|atk|1\n|-ability|p2a: Meowstic|Competitive|boost\n|-boost|p2a: Meowstic|spa|2\n|turn|11\n|\n|t:|1782789041\n|move|p2a: Meowstic|Alluring Voice|p1a: Incineroar\n|-damage|p1a: Incineroar|136/290\n|-damage|p2a: Meowstic|189/277|[from] item: Life Orb\n|move|p1a: Incineroar|Knock Off|p2a: Meowstic\n|-supereffective|p2a: Meowstic\n|-crit|p2a: Meowstic\n|-damage|p2a: Meowstic|0 fnt\n|-enditem|p2a: Meowstic|Life Orb|[from] move: Knock Off|[of] p1a: Incineroar\n|faint|p2a: Meowstic\n|\n|upkeep\n|\n|t:|1782789049\n|switch|p2a: Zacian|Zacian, L69|241/241\n|-damage|p2a: Zacian|211/241|[from] Stealth Rock\n|-ability|p2a: Zacian|Intrepid Sword|boost\n|-boost|p2a: Zacian|atk|1\n|turn|12\n|\n|t:|1782789061\n|move|p2a: Zacian|Play Rough|p1a: Incineroar\n|-damage|p1a: Incineroar|0 fnt\n|faint|p1a: Incineroar\n|-damage|p2a: Zacian|187/241|[from] item: Life Orb\n|\n|upkeep\n|\n|t:|1782789072\n|switch|p1a: Granbull|Granbull, L88, F|113/302\n|-ability|p1a: Granbull|Intimidate|boost\n|-unboost|p2a: Zacian|atk|1\n|turn|13\n|\n|t:|1782789076\n|move|p2a: Zacian|Play Rough|p1a: Granbull\n|-damage|p1a: Granbull|6/302\n|-damage|p2a: Zacian|163/241|[from] item: Life Orb\n|move|p1a: Granbull|Thunder Wave|p2a: Zacian\n|-status|p2a: Zacian|par\n|\n|-heal|p1a: Granbull|24/302|[from] item: Leftovers\n|upkeep\n|turn|14\n|\n|t:|1782789086\n|move|p1a: Granbull|Play Rough|p2a: Zacian\n|-damage|p2a: Zacian|34/241 par\n|move|p2a: Zacian|Swords Dance|p2a: Zacian\n|-boost|p2a: Zacian|atk|2\n|\n|-heal|p1a: Granbull|42/302|[from] item: Leftovers\n|upkeep\n|turn|15\n|\n|t:|1782789095\n|move|p1a: Granbull|Earthquake|p2a: Zacian\n|-crit|p2a: Zacian\n|-damage|p2a: Zacian|0 fnt\n|faint|p2a: Zacian\n|\n|-heal|p1a: Granbull|60/302|[from] item: Leftovers\n|upkeep\n|c|\u2606explosiveburger|gg?\n|\n|t:|1782789101\n|switch|p2a: Masquerain|Masquerain, L87, F|264/264\n|-ability|p2a: Masquerain|Intimidate|boost\n|-unboost|p1a: Granbull|atk|1\n|turn|16\n|\n|t:|1782789116\n|-terastallize|p2a: Masquerain|Ground\n|move|p2a: Masquerain|Bug Buzz|p1a: Granbull\n|-resisted|p1a: Granbull\n|-damage|p1a: Granbull|0 fnt\n|faint|p1a: Granbull\n|\n|upkeep\n|\n|t:|1782789119\n|switch|p1a: Ogerpon|Ogerpon-Wellspring, L76, F|247/247\n|turn|17\n|c|\u2606explosiveburger|thought this was set up\n|c|\u2606explosiveburger|rip\n|\n|t:|1782789126\n|-terastallize|p1a: Ogerpon|Water\n|detailschange|p1a: Ogerpon|Ogerpon-Wellspring-Tera, L76, F, tera:Water\n|-ability|p1a: Ogerpon|Embody Aspect (Wellspring)|boost\n|-boost|p1a: Ogerpon|spd|1\n|move|p1a: Ogerpon|Ivy Cudgel|p2a: Masquerain|[anim] Ivy Cudgel Water\n|-supereffective|p2a: Masquerain\n|-damage|p2a: Masquerain|0 fnt\n|faint|p2a: Masquerain\n|\n|win|thfighter\n", "inputlog": ">version f8ac14003a5f27e1bdc8d8c59608a773c1cb96e5\n>start {\"formatid\":\"gen9randombattle\",\"seed\":\"sodium,399e6826ebeeade6505c8e3c821bd505\",\"rated\":\"Rated battle\"}\n>player p1 {\"name\":\"thfighter\",\"avatar\":\"brock\",\"rating\":2261,\"seed\":\"sodium,0f76d9ca72f306d0bf4bb5d9587e26ec\"}\n>player p2 {\"name\":\"explosiveburger\",\"avatar\":\"firebreather\",\"rating\":2202,\"seed\":\"sodium,b3b51b170096a183c48430f718ce1237\"}\n>p1 move thunderwave\n>p2 move alluringvoice\n>p1 move playrough\n>p2 move alluringvoice\n>p1 move playrough\n>p2 move alluringvoice\n>chat \u2606explosiveburger|bruh\n>p2 switch 3\n>chat \u2606thfighter|mb\n>p1 switch 6\n>p2 move eruption\n>chat \u2606explosiveburger|its cool\n>p1 move uturn\n>p2 switch 4\n>p1 switch 5\n>p1 move earthquake\n>p2 move swordsdance\n>p2 switch 4\n>p1 move earthquake\n>p2 move focusblast\n>p1 move stealthrock\n>p2 move focusblast\n>p1 move earthquake\n>p2 move focusblast\n>p2 switch 6\n>p1 move roar\n>p2 move darkpulse\n>p1 switch 5\n>p1 move knockoff\n>p2 move alluringvoice\n>p2 switch 2\n>p1 move overheat\n>p2 move playrough\n>p1 switch 6\n>p1 move thunderwave\n>p2 move playrough\n>p1 move playrough\n>p2 move swordsdance\n>p1 move earthquake\n>p2 move playrough\n>chat \u2606explosiveburger|gg?\n>p2 switch 5\n>p1 move encore\n>p2 move bugbuzz terastallize\n>p1 switch 4\n>chat \u2606explosiveburger|thought this was set up\n>chat \u2606explosiveburger|rip\n>p1 move ivycudgel terastallize\n>p2 move bugbuzz", "uploadtime": 1782788903, "views": 3, "formatid": "gen9randombattle", "rating": null, "private": 0, "password": null, "player_dets": [{"name": "thfighter", "avatar": "brock", "rating": 2261, "seed": "sodium,0f76d9ca72f306d0bf4bb5d9587e26ec"}, {"name": "explosiveburger", "avatar": "firebreather", "rating": 2202, "seed": "sodium,b3b51b170096a183c48430f718ce1237"}], "teams_full": [{"Granbull": {"name": "Granbull", "species": "Granbull", "speciesId": "granbull", "gender": "F", "shiny": false, "level": 88, "moves": ["thunderwave", "encore", "earthquake", "playrough"], "ability": "Intimidate", "evs": {"hp": 85, "atk": 85, "def": 85, "spa": 85, "spd": 85, "spe": 85}, "ivs": {"hp": 31, "atk": 31, "def": 31, "spa": 31, "spd": 31, "spe": 31}, "item": "Leftovers", "teraType": "Ground", "role": "Bulky Attacker", "bvs": {"hp": 90, "atk": 120, "def": 75, "spa": 60, "spd": 60, "spe": 45}, "stats": {"hp": 302, "atk": 261, "def": 182, "spa": 156, "spd": 156, "spe": 129}, "types": ["Fairy"]}, "Passimian": {"name": "Passimian", "species": "Passimian", "speciesId": "passimian", "gender": "F", "shiny": false, "level": 83, "moves": ["drainpunch", "knockoff", "gunkshot", "bulkup"], "ability": "Defiant", "evs": {"hp": 85, "atk": 85, "def": 85, "spa": 85, "spd": 85, "spe": 85}, "ivs": {"hp": 31, "atk": 31, "def": 31, "spa": 31, "spd": 31, "spe": 31}, "item": "Leftovers", "teraType": "Dark", "role": "Bulky Setup", "bvs": {"hp": 100, "atk": 120, "def": 90, "spa": 40, "spd": 60, "spe": 80}, "stats": {"hp": 302, "atk": 247, "def": 197, "spa": 114, "spd": 147, "spe": 180}, "types": ["Fighting"]}, "Reuniclus": {"name": "Reuniclus", "species": "Reuniclus", "speciesId": "reuniclus", "gender": "F", "shiny": false, "level": 88, "moves": ["calmmind", "focusblast", "recover", "psychic"], "ability": "Magic Guard", "evs": {"hp": 85, "atk": 0, "def": 85, "spa": 85, "spd": 85, "spe": 85}, "ivs": {"hp": 31, "atk": 0, "def": 31, "spa": 31, "spd": 31, "spe": 31}, "item": "Life Orb", "teraType": "Fighting", "role": "Bulky Setup", "bvs": {"hp": 110, "atk": 65, "def": 75, "spa": 125, "spd": 85, "spe": 30}, "stats": {"hp": 337, "atk": 119, "def": 182, "spa": 270, "spd": 200, "spe": 103}, "types": ["Psychic"]}, "Ogerpon": {"name": "Ogerpon", "species": "Ogerpon-Wellspring", "speciesId": "ogerponwellspring", "gender": "F", "shiny": false, "level": 76, "moves": ["powerwhip", "swordsdance", "ivycudgel", "knockoff"], "ability": "Water Absorb", "evs": {"hp": 85, "atk": 85, "def": 85, "spa": 85, "spd": 85, "spe": 85}, "ivs": {"hp": 31, "atk": 31, "def": 31, "spa": 31, "spd": 31, "spe": 31}, "item": "Wellspring Mask", "teraType": "Water", "role": "Setup Sweeper", "bvs": {"hp": 80, "atk": 120, "def": 84, "spa": 60, "spd": 96, "spe": 110}, "stats": {"hp": 247, "atk": 226, "def": 172, "spa": 135, "spd": 190, "spe": 211}, "types": ["Grass", "Water"]}, "Mudsdale": {"name": "Mudsdale", "species": "Mudsdale", "speciesId": "mudsdale", "gender": "F", "shiny": false, "level": 83, "moves": ["roar", "stealthrock", "heavyslam", "earthquake"], "ability": "Stamina", "evs": {"hp": 85, "atk": 85, "def": 85, "spa": 85, "spd": 85, "spe": 85}, "ivs": {"hp": 31, "atk": 31, "def": 31, "spa": 31, "spd": 31, "spe": 31}, "item": "Leftovers", "teraType": "Steel", "role": "Bulky Attacker", "bvs": {"hp": 100, "atk": 125, "def": 100, "spa": 55, "spd": 85, "spe": 35}, "stats": {"hp": 302, "atk": 255, "def": 214, "spa": 139, "spd": 189, "spe": 106}, "types": ["Ground"]}, "Incineroar": {"name": "Incineroar", "species": "Incineroar", "speciesId": "incineroar", "gender": "M", "shiny": false, "level": 82, "moves": ["uturn", "closecombat", "knockoff", "overheat"], "ability": "Intimidate", "evs": {"hp": 85, "atk": 85, "def": 85, "spa": 85, "spd": 85, "spe": 85}, "ivs": {"hp": 31, "atk": 31, "def": 31, "spa": 31, "spd": 31, "spe": 31}, "item": "Assault Vest", "teraType": "Fighting", "role": "AV Pivot", "bvs": {"hp": 95, "atk": 115, "def": 90, "spa": 80, "spd": 90, "spe": 60}, "stats": {"hp": 290, "atk": 236, "def": 195, "spa": 178, "spd": 195, "spe": 146}, "types": ["Fire", "Dark"]}}, {"Wigglytuff": {"name": "Wigglytuff", "species": "Wigglytuff", "speciesId": "wigglytuff", "gender": "M", "shiny": false, "level": 96, "moves": ["protect", "knockoff", "alluringvoice", "wish"], "ability": "Competitive", "evs": {"hp": 85, "atk": 85, "def": 85, "spa": 85, "spd": 85, "spe": 85}, "ivs": {"hp": 31, "atk": 31, "def": 31, "spa": 31, "spd": 31, "spe": 31}, "item": "Leftovers", "teraType": "Steel", "role": "Bulky Support", "bvs": {"hp": 140, "atk": 70, "def": 45, "spa": 85, "spd": 50, "spe": 45}, "stats": {"hp": 424, "atk": 189, "def": 141, "spa": 218, "spd": 150, "spe": 141}, "types": ["Normal", "Fairy"]}, "Zacian": {"name": "Zacian", "species": "Zacian", "speciesId": "zacian", "gender": "N", "shiny": false, "level": 69, "moves": ["swordsdance", "psychicfangs", "closecombat", "playrough"], "ability": "Intrepid Sword", "evs": {"hp": 85, "atk": 85, "def": 85, "spa": 85, "spd": 85, "spe": 85}, "ivs": {"hp": 31, "atk": 31, "def": 31, "spa": 31, "spd": 31, "spe": 31}, "item": "Life Orb", "teraType": "Fighting", "role": "Fast Attacker", "bvs": {"hp": 92, "atk": 120, "def": 115, "spa": 80, "spd": 115, "spe": 138}, "stats": {"hp": 241, "atk": 206, "def": 199, "spa": 151, "spd": 199, "spe": 231}, "types": ["Fairy"]}, "Typhlosion": {"name": "Typhlosion", "species": "Typhlosion", "speciesId": "typhlosion", "gender": "F", "shiny": false, "level": 84, "moves": ["eruption", "scorchingsands", "fireblast", "focusblast"], "ability": "Flash Fire", "evs": {"hp": 81, "atk": 0, "def": 85, "spa": 85, "spd": 85, "spe": 85}, "ivs": {"hp": 31, "atk": 0, "def": 31, "spa": 31, "spd": 31, "spe": 31}, "item": "Choice Scarf", "teraType": "Fire", "role": "Fast Attacker", "bvs": {"hp": 78, "atk": 84, "def": 78, "spa": 109, "spd": 85, "spe": 100}, "stats": {"hp": 267, "atk": 146, "def": 179, "spa": 231, "spd": 191, "spe": 216}, "types": ["Fire"]}, "Seviper": {"name": "Seviper", "species": "Seviper", "speciesId": "seviper", "gender": "M", "shiny": false, "level": 93, "moves": ["earthquake", "gunkshot", "trailblaze", "swordsdance"], "ability": "Shed Skin", "evs": {"hp": 85, "atk": 85, "def": 85, "spa": 85, "spd": 85, "spe": 85}, "ivs": {"hp": 31, "atk": 31, "def": 31, "spa": 31, "spd": 31, "spe": 31}, "item": "Leftovers", "teraType": "Grass", "role": "Bulky Setup", "bvs": {"hp": 73, "atk": 100, "def": 60, "spa": 100, "spd": 60, "spe": 65}, "stats": {"hp": 287, "atk": 239, "def": 164, "spa": 239, "spd": 164, "spe": 174}, "types": ["Poison"]}, "Masquerain": {"name": "Masquerain", "species": "Masquerain", "speciesId": "masquerain", "gender": "F", "shiny": false, "level": 87, "moves": ["stickyweb", "hurricane", "bugbuzz", "hydropump"], "ability": "Intimidate", "evs": {"hp": 85, "atk": 0, "def": 85, "spa": 85, "spd": 85, "spe": 85}, "ivs": {"hp": 31, "atk": 0, "def": 31, "spa": 31, "spd": 31, "spe": 31}, "item": "Heavy-Duty Boots", "teraType": "Ground", "role": "Fast Support", "bvs": {"hp": 70, "atk": 60, "def": 62, "spa": 100, "spd": 82, "spe": 80}, "stats": {"hp": 264, "atk": 109, "def": 158, "spa": 224, "spd": 192, "spe": 189}, "types": ["Bug", "Flying"]}, "Meowstic": {"name": "Meowstic", "species": "Meowstic-F", "speciesId": "meowsticf", "gender": "F", "shiny": false, "level": 89, "moves": ["alluringvoice", "nastyplot", "psyshock", "darkpulse"], "ability": "Competitive", "evs": {"hp": 85, "atk": 0, "def": 85, "spa": 85, "spd": 85, "spe": 85}, "ivs": {"hp": 31, "atk": 0, "def": 31, "spa": 31, "spd": 31, "spe": 31}, "item": "Life Orb", "teraType": "Dark", "role": "Setup Sweeper", "bvs": {"hp": 74, "atk": 48, "def": 76, "spa": 83, "spd": 81, "spe": 104}, "stats": {"hp": 277, "atk": 90, "def": 186, "spa": 199, "spd": 195, "spe": 236}, "types": ["Psychic"]}}]}