{"id": "gen9randombattle-2641617981", "format": "[Gen 9] Random Battle", "players": ["MichaelderBeste2", "SebasDB"], "log": "|badge|p1|silver|gen9randombattle|30-9\n|html|<div class=\"broadcast-red\"><strong>This battle is required to be public due to one or more player having a season medal.</strong><br />During the public phase, you can discuss the state of the ladder <a href=\"/seasondiscussion\">in a special chatroom.</a></div>\n|uhtml|medal-msg|<div class=\"broadcast-blue\">Curious what those medals under the avatar are? PS now has Ladder Seasons! For more information, check out the <a href=\"https://www.smogon.com/forums/threads/3740067/\">thread on Smogon.</a></div>\n|badge|p2|bronze|gen9randombattle|100-9\n|uhtml|medal-msg|<div class=\"broadcast-blue\">Curious what those medals under the avatar are? PS now has Ladder Seasons! For more information, check out the <a href=\"https://www.smogon.com/forums/threads/3740067/\">thread on Smogon.</a></div>\n|j|\u2606MichaelderBeste2\n|j|\u2606SebasDB\n|t:|1782819688\n|gametype|singles\n|player|p1|MichaelderBeste2|#wcop2026germany|2385\n|player|p2|SebasDB|dawn|2356\n|gen|9\n|tier|[Gen 9] Random Battle\n|rated|\n|rule|Species Clause: Limit one of each Pok\u00e9mon\n|rule|HP Percentage Mod: HP is shown in percentages\n|rule|Sleep Clause Mod: Limit one foe put to sleep\n|rule|Illusion Level Mod: Illusion disguises the Pok\u00e9mon's true level\n|\n|t:|1782819688\n|teamsize|p1|6\n|teamsize|p2|6\n|start\n|switch|p1a: Banette|Banette, L93, M|270/270\n|switch|p2a: Drednaw|Drednaw, L81, M|278/278\n|turn|1\n|\n|t:|1782819698\n|switch|p1a: Virizion|Virizion, L82|283/283\n|switch|p2a: Umbreon|Umbreon, L84, F|297/297\n|\n|upkeep\n|turn|2\n|\n|t:|1782819708\n|switch|p2a: Arbok|Arbok, L87, F|246/246\n|-ability|p2a: Arbok|Intimidate|boost\n|-unboost|p1a: Virizion|atk|1\n|move|p1a: Virizion|Close Combat|p2a: Arbok\n|-resisted|p2a: Arbok\n|-damage|p2a: Arbok|191/246\n|-unboost|p1a: Virizion|def|1\n|-unboost|p1a: Virizion|spd|1\n|-damage|p1a: Virizion|255/283|[from] item: Life Orb\n|\n|-heal|p2a: Arbok|206/246|[from] item: Leftovers\n|upkeep\n|turn|3\n|\n|t:|1782819748\n|switch|p1a: Toucannon|Toucannon, L88, M|284/284\n|move|p2a: Arbok|Coil|p2a: Arbok\n|-boost|p2a: Arbok|atk|1\n|-boost|p2a: Arbok|def|1\n|-boost|p2a: Arbok|accuracy|1\n|\n|-heal|p2a: Arbok|221/246|[from] item: Leftovers\n|upkeep\n|turn|4\n|\n|t:|1782819754\n|move|p2a: Arbok|Gunk Shot|p1a: Toucannon\n|-damage|p1a: Toucannon|53/284\n|-status|p1a: Toucannon|psn\n|move|p1a: Toucannon|Boomburst|p2a: Arbok\n|-damage|p2a: Arbok|73/246\n|\n|-heal|p2a: Arbok|88/246|[from] item: Leftovers\n|-damage|p1a: Toucannon|18/284 psn|[from] psn\n|upkeep\n|turn|5\n|\n|t:|1782819760\n|-singleturn|p1a: Toucannon|move: Beak Blast\n|move|p2a: Arbok|Gunk Shot|p1a: Toucannon\n|-damage|p1a: Toucannon|0 fnt\n|faint|p1a: Toucannon\n|\n|-heal|p2a: Arbok|103/246|[from] item: Leftovers\n|upkeep\n|\n|t:|1782819766\n|switch|p1a: Pyroar|Pyroar, L88, M|295/295\n|-ability|p1a: Pyroar|Unnerve\n|turn|6\n|\n|t:|1782819773\n|switch|p2a: Umbreon|Umbreon, L84, F|297/297\n|move|p1a: Pyroar|Hyper Voice|p2a: Umbreon\n|-damage|p2a: Umbreon|204/297\n|\n|-heal|p2a: Umbreon|222/297|[from] item: Leftovers\n|upkeep\n|turn|7\n|\n|t:|1782819792\n|move|p1a: Pyroar|Taunt|p2a: Umbreon\n|-start|p2a: Umbreon|move: Taunt\n|cant|p2a: Umbreon|move: Taunt|Toxic\n|\n|-heal|p2a: Umbreon|240/297|[from] item: Leftovers\n|upkeep\n|turn|8\n|\n|t:|1782819811\n|switch|p1a: Serperior|Serperior, L79, F|248/248\n|switch|p2a: Zebstrika|Zebstrika, L87, M|272/272\n|\n|upkeep\n|turn|9\n|\n|t:|1782819823\n|switch|p1a: Pyroar|Pyroar, L88, M|295/295\n|-ability|p1a: Pyroar|Unnerve\n|move|p2a: Zebstrika|Overheat|p1a: Pyroar\n|-resisted|p1a: Pyroar\n|-damage|p1a: Pyroar|226/295\n|-unboost|p2a: Zebstrika|spa|2\n|-damage|p2a: Zebstrika|245/272|[from] item: Life Orb\n|\n|upkeep\n|turn|10\n|\n|t:|1782819826\n|switch|p1a: Serperior|Serperior, L79, F|248/248\n|move|p2a: Zebstrika|High Horsepower|p1a: Serperior\n|-resisted|p1a: Serperior\n|-damage|p1a: Serperior|199/248\n|-damage|p2a: Zebstrika|218/272|[from] item: Life Orb\n|\n|upkeep\n|turn|11\n|\n|t:|1782819828\n|move|p2a: Zebstrika|Overheat|p1a: Serperior|[miss]\n|-miss|p2a: Zebstrika|p1a: Serperior\n|move|p1a: Serperior|Synthesis|p1a: Serperior\n|-heal|p1a: Serperior|248/248\n|\n|upkeep\n|turn|12\n|\n|t:|1782819858\n|move|p2a: Zebstrika|Volt Switch|p1a: Serperior\n|-resisted|p1a: Serperior\n|-damage|p1a: Serperior|225/248\n|-damage|p2a: Zebstrika|191/272|[from] item: Life Orb\n|\n|t:|1782819859\n|switch|p2a: Trevenant|Trevenant, L89, M|296/296|[from] Volt Switch\n|move|p1a: Serperior|Leaf Storm|p2a: Trevenant\n|-resisted|p2a: Trevenant\n|-damage|p2a: Trevenant|231/296\n|-boost|p1a: Serperior|spa|2\n|-damage|p1a: Serperior|201/248|[from] item: Life Orb\n|\n|upkeep\n|turn|13\n|\n|t:|1782819867\n|move|p1a: Serperior|Leaf Storm|p2a: Trevenant\n|-resisted|p2a: Trevenant\n|-damage|p2a: Trevenant|95/296\n|-boost|p1a: Serperior|spa|2\n|-damage|p1a: Serperior|177/248|[from] item: Life Orb\n|move|p2a: Trevenant|Poltergeist|p1a: Serperior\n|-activate|p1a: Serperior|move: Poltergeist|Life Orb\n|-damage|p1a: Serperior|0 fnt\n|faint|p1a: Serperior\n|-damage|p2a: Trevenant|66/296|[from] item: Life Orb\n|\n|upkeep\n|\n|t:|1782819891\n|switch|p1a: Pyroar|Pyroar, L88, M|226/295\n|-ability|p1a: Pyroar|Unnerve\n|turn|14\n|\n|t:|1782819897\n|move|p1a: Pyroar|Fire Blast|p2a: Trevenant\n|-supereffective|p2a: Trevenant\n|-damage|p2a: Trevenant|0 fnt\n|faint|p2a: Trevenant\n|\n|upkeep\n|\n|t:|1782819907\n|switch|p2a: Zebstrika|Zebstrika, L87, M|191/272\n|turn|15\n|c|\u2606SebasDB|Aaah yo! Cool vid with Joey recently! Keep up the good work\n|\n|t:|1782819993\n|move|p2a: Zebstrika|High Horsepower|p1a: Pyroar\n|-supereffective|p1a: Pyroar\n|-damage|p1a: Pyroar|18/295\n|-damage|p2a: Zebstrika|164/272|[from] item: Life Orb\n|move|p1a: Pyroar|Fire Blast|p2a: Zebstrika|[miss]\n|-miss|p1a: Pyroar|p2a: Zebstrika\n|\n|upkeep\n|turn|16\n|c|\u2606MichaelderBeste2|Ty\n|\n|t:|1782820013\n|move|p2a: Zebstrika|High Horsepower|p1a: Pyroar\n|-supereffective|p1a: Pyroar\n|-damage|p1a: Pyroar|0 fnt\n|faint|p1a: Pyroar\n|-damage|p2a: Zebstrika|137/272|[from] item: Life Orb\n|\n|upkeep\n|\n|t:|1782820023\n|switch|p1a: Virizion|Virizion, L82|255/283\n|turn|17\n|\n|t:|1782820034\n|move|p2a: Zebstrika|Volt Switch|p1a: Virizion\n|-resisted|p1a: Virizion\n|-damage|p1a: Virizion|220/283\n|-damage|p2a: Zebstrika|110/272|[from] item: Life Orb\n|\n|t:|1782820036\n|switch|p2a: Arbok|Arbok, L87, F|103/246|[from] Volt Switch\n|-ability|p2a: Arbok|Intimidate|boost\n|-unboost|p1a: Virizion|atk|1\n|move|p1a: Virizion|Swords Dance|p1a: Virizion\n|-boost|p1a: Virizion|atk|2\n|\n|-heal|p2a: Arbok|118/246|[from] item: Leftovers\n|upkeep\n|turn|18\n|\n|t:|1782820054\n|move|p1a: Virizion|Stone Edge|p2a: Arbok\n|-damage|p2a: Arbok|0 fnt\n|faint|p2a: Arbok\n|-damage|p1a: Virizion|192/283|[from] item: Life Orb\n|\n|upkeep\n|\n|t:|1782820073\n|switch|p2a: Umbreon|Umbreon, L84, F|240/297\n|turn|19\n|\n|t:|1782820082\n|-terastallize|p2a: Umbreon|Poison\n|move|p1a: Virizion|Stone Edge|p2a: Umbreon\n|-damage|p2a: Umbreon|136/297\n|-damage|p1a: Virizion|164/283|[from] item: Life Orb\n|move|p2a: Umbreon|Foul Play|p1a: Virizion\n|-resisted|p1a: Virizion\n|-damage|p1a: Virizion|88/283\n|-ability|p1a: Virizion|Justified|boost\n|-boost|p1a: Virizion|atk|1\n|\n|-heal|p2a: Umbreon|154/297|[from] item: Leftovers\n|upkeep\n|turn|20\n|\n|t:|1782820101\n|move|p1a: Virizion|Stone Edge|p2a: Umbreon\n|-damage|p2a: Umbreon|20/297\n|-damage|p1a: Virizion|60/283|[from] item: Life Orb\n|move|p2a: Umbreon|Wish|p2a: Umbreon\n|\n|-heal|p2a: Umbreon|38/297|[from] item: Leftovers\n|upkeep\n|turn|21\n|\n|t:|1782820106\n|move|p2a: Umbreon|Protect|p2a: Umbreon\n|-singleturn|p2a: Umbreon|Protect\n|move|p1a: Virizion|Stone Edge|p2a: Umbreon\n|-activate|p2a: Umbreon|move: Protect\n|\n|-heal|p2a: Umbreon|186/297|[from] move: Wish|[wisher] Umbreon\n|-heal|p2a: Umbreon|204/297|[from] item: Leftovers\n|upkeep\n|turn|22\n|\n|t:|1782820111\n|move|p1a: Virizion|Stone Edge|p2a: Umbreon\n|-damage|p2a: Umbreon|70/297\n|-damage|p1a: Virizion|32/283|[from] item: Life Orb\n|move|p2a: Umbreon|Wish|p2a: Umbreon\n|\n|-heal|p2a: Umbreon|88/297|[from] item: Leftovers\n|upkeep\n|turn|23\n|\n|t:|1782820115\n|move|p1a: Virizion|Swords Dance|p1a: Virizion\n|-boost|p1a: Virizion|atk|2\n|move|p2a: Umbreon|Foul Play|p1a: Virizion\n|-resisted|p1a: Virizion\n|-damage|p1a: Virizion|0 fnt\n|faint|p1a: Virizion\n|\n|-heal|p2a: Umbreon|236/297|[from] move: Wish|[wisher] Umbreon\n|-heal|p2a: Umbreon|254/297|[from] item: Leftovers\n|upkeep\n|\n|t:|1782820127\n|switch|p1a: Banette|Banette, L93, M|270/270\n|turn|24\n|\n|t:|1782820132\n|move|p1a: Banette|Thunder Wave|p2a: Umbreon\n|-status|p2a: Umbreon|par\n|-activate|p2a: Umbreon|ability: Synchronize\n|-status|p1a: Banette|par\n|move|p2a: Umbreon|Foul Play|p1a: Banette\n|-supereffective|p1a: Banette\n|-damage|p1a: Banette|0 fnt\n|faint|p1a: Banette\n|\n|-heal|p2a: Umbreon|272/297 par|[from] item: Leftovers\n|upkeep\n|\n|t:|1782820134\n|switch|p1a: Falinks|Falinks, L84|246/246\n|turn|25\n|\n|t:|1782820139\n|move|p1a: Falinks|No Retreat|p1a: Falinks\n|-boost|p1a: Falinks|atk|1\n|-boost|p1a: Falinks|def|1\n|-boost|p1a: Falinks|spa|1\n|-boost|p1a: Falinks|spd|1\n|-boost|p1a: Falinks|spe|1\n|-start|p1a: Falinks|move: No Retreat\n|move|p2a: Umbreon|Foul Play|p1a: Falinks\n|-resisted|p1a: Falinks\n|-damage|p1a: Falinks|201/246\n|\n|-heal|p2a: Umbreon|290/297 par|[from] item: Leftovers\n|upkeep\n|turn|26\n|\n|t:|1782820153\n|switch|p2a: Zebstrika|Zebstrika, L87, M|110/272\n|move|p1a: Falinks|Iron Head|p2a: Zebstrika\n|-resisted|p2a: Zebstrika\n|-damage|p2a: Zebstrika|42/272\n|-damage|p1a: Falinks|177/246|[from] item: Life Orb\n|\n|upkeep\n|turn|27\n|\n|t:|1782820160\n|switch|p2a: Drednaw|Drednaw, L81, M|278/278\n|move|p1a: Falinks|Iron Head|p2a: Drednaw\n|-damage|p2a: Drednaw|162/278\n|-damage|p1a: Falinks|153/246|[from] item: Life Orb\n|\n|upkeep\n|turn|28\n|\n|t:|1782820171\n|-terastallize|p1a: Falinks|Dark\n|move|p1a: Falinks|Knock Off|p2a: Drednaw\n|-damage|p2a: Drednaw|0 fnt\n|-enditem|p2a: Drednaw|White Herb|[from] move: Knock Off|[of] p1a: Falinks\n|faint|p2a: Drednaw\n|-damage|p1a: Falinks|129/246|[from] item: Life Orb\n|\n|upkeep\n|\n|t:|1782820178\n|switch|p2a: Koraidon|Koraidon, L64|235/235\n|-weather|SunnyDay|[from] ability: Orichalcum Pulse|[of] p2a: Koraidon\n|-activate|p2a: Koraidon|Orichalcum Pulse|[source]\n|turn|29\n|\n|t:|1782820215\n|switch|p2a: Zebstrika|Zebstrika, L87, M|42/272\n|move|p1a: Falinks|Close Combat|p2a: Zebstrika\n|-damage|p2a: Zebstrika|0 fnt\n|-unboost|p1a: Falinks|def|1\n|-unboost|p1a: Falinks|spd|1\n|faint|p2a: Zebstrika\n|-damage|p1a: Falinks|105/246|[from] item: Life Orb\n|\n|-weather|SunnyDay|[upkeep]\n|upkeep\n|\n|t:|1782820219\n|switch|p2a: Koraidon|Koraidon, L64|235/235\n|-activate|p2a: Koraidon|ability: Orichalcum Pulse\n|turn|30\n|\n|t:|1782820240\n|move|p1a: Falinks|Close Combat|p2a: Koraidon\n|-damage|p2a: Koraidon|0 fnt\n|-unboost|p1a: Falinks|def|1\n|-unboost|p1a: Falinks|spd|1\n|faint|p2a: Koraidon\n|-damage|p1a: Falinks|81/246|[from] item: Life Orb\n|\n|-weather|SunnyDay|[upkeep]\n|upkeep\n|j| Guilty01\n|\n|t:|1782820242\n|switch|p2a: Umbreon|Umbreon, L84, F, tera:Poison|290/297 par\n|turn|31\n|\n|t:|1782820253\n|move|p1a: Falinks|Iron Head|p2a: Umbreon\n|-damage|p2a: Umbreon|203/297 par\n|-damage|p1a: Falinks|57/246|[from] item: Life Orb\n|move|p2a: Umbreon|Foul Play|p1a: Falinks\n|-resisted|p1a: Falinks\n|-damage|p1a: Falinks|0 fnt\n|faint|p1a: Falinks\n|\n|win|SebasDB\n|raw|MichaelderBeste2's rating: 2397 &rarr; <strong>2375</strong><br />(-22 for losing)\n|raw|SebasDB's rating: 2356 &rarr; <strong>2378</strong><br />(+22 for winning)\n|l|\u2606MichaelderBeste2\n|player|p1|\n|l| Guilty01\n", "inputlog": ">version f8ac14003a5f27e1bdc8d8c59608a773c1cb96e5\n>start {\"formatid\":\"gen9randombattle\",\"seed\":\"sodium,e54b2b040b348fe837dfc83ade0f9842\",\"rated\":\"Rated battle\"}\n>player p1 {\"name\":\"MichaelderBeste2\",\"avatar\":\"#wcop2026germany\",\"rating\":2385,\"seed\":\"sodium,4d10d383ec23e5e11547171aea716355\"}\n>player p2 {\"name\":\"SebasDB\",\"avatar\":\"dawn\",\"rating\":2356,\"seed\":\"sodium,66cf8ac7853b0d94f87ea2e7af8640f3\"}\n>p1 switch 6\n>p2 switch 4\n>p1 move closecombat\n>p2 switch 5\n>p1 switch 2\n>p2 move coil\n>p1 move boomburst\n>p2 move gunkshot\n>p1 move beakblast\n>p2 move gunkshot\n>p1 switch 3\n>p1 move hypervoice\n>p2 switch 5\n>p1 move taunt\n>p2 move toxic\n>p1 switch 4\n>p2 switch 3\n>p1 switch 4\n>p2 move overheat\n>p1 switch 4\n>p2 move highhorsepower\n>p1 move synthesis\n>p2 move overheat\n>p1 move leafstorm\n>p2 move voltswitch\n>p2 switch 2\n>p1 move leafstorm\n>p2 move poltergeist\n>p1 switch 4\n>p1 move fireblast\n>p2 move drainpunch\n>p2 switch 2\n>chat \u2606SebasDB|Aaah yo! Cool vid with Joey recently! Keep up the good work\n>p1 move fireblast\n>p2 move highhorsepower\n>chat \u2606MichaelderBeste2|Ty\n>p1 move fireblast\n>p2 move highhorsepower\n>p1 switch 2\n>p1 move swordsdance\n>p2 move voltswitch\n>p2 switch 5\n>p1 move stoneedge\n>p2 move gunkshot\n>p2 switch 3\n>p1 move stoneedge\n>p2 move foulplay terastallize\n>p1 move stoneedge\n>p2 move wish\n>p1 move stoneedge\n>p2 move protect\n>p1 move stoneedge\n>p2 move wish\n>p1 move swordsdance\n>p2 move foulplay\n>p1 switch 6\n>p1 move thunderwave\n>p2 move foulplay\n>p1 switch 5\n>p1 move noretreat\n>p2 move foulplay\n>p1 move ironhead\n>p2 switch 5\n>p1 move ironhead\n>p2 switch 4\n>p1 move knockoff terastallize\n>p2 move liquidation\n>p2 switch 6\n>p1 move closecombat\n>p2 switch 4\n>p2 switch 4\n>p1 move closecombat\n>p2 move collisioncourse\n>p2 switch 5\n>p1 move ironhead\n>p2 move foulplay", "uploadtime": 1782819691, "views": 5, "formatid": "gen9randombattle", "rating": 2375, "private": 0, "password": null, "player_dets": [{"name": "MichaelderBeste2", "avatar": "#wcop2026germany", "rating": 2385, "seed": "sodium,4d10d383ec23e5e11547171aea716355"}, {"name": "SebasDB", "avatar": "dawn", "rating": 2356, "seed": "sodium,66cf8ac7853b0d94f87ea2e7af8640f3"}], "teams_full": [{"Banette": {"name": "Banette", "species": "Banette", "speciesId": "banette", "gender": "M", "shiny": false, "level": 93, "moves": ["gunkshot", "thunderwave", "poltergeist", "shadowsneak"], "ability": "Cursed Body", "evs": {"hp": 85, "atk": 85, "def": 85, "spa": 85, "spd": 85, "spe": 85}, "ivs": {"hp": 31, "atk": 31, "def": 31, "spa": 31, "spd": 31, "spe": 31}, "item": "Life Orb", "teraType": "Poison", "role": "Wallbreaker", "bvs": {"hp": 64, "atk": 115, "def": 65, "spa": 83, "spd": 63, "spe": 65}, "stats": {"hp": 270, "atk": 267, "def": 174, "spa": 207, "spd": 170, "spe": 174}, "types": ["Ghost"]}, "Toucannon": {"name": "Toucannon", "species": "Toucannon", "speciesId": "toucannon", "gender": "M", "shiny": false, "level": 88, "moves": ["beakblast", "roost", "uturn", "boomburst"], "ability": "Keen Eye", "evs": {"hp": 85, "atk": 85, "def": 85, "spa": 85, "spd": 85, "spe": 85}, "ivs": {"hp": 31, "atk": 31, "def": 31, "spa": 31, "spd": 31, "spe": 31}, "item": "Heavy-Duty Boots", "teraType": "Steel", "role": "Bulky Support", "bvs": {"hp": 80, "atk": 120, "def": 75, "spa": 75, "spd": 75, "spe": 60}, "stats": {"hp": 284, "atk": 261, "def": 182, "spa": 182, "spd": 182, "spe": 156}, "types": ["Normal", "Flying"]}, "Pyroar": {"name": "Pyroar", "species": "Pyroar", "speciesId": "pyroar", "gender": "M", "shiny": false, "level": 88, "moves": ["fireblast", "taunt", "hypervoice", "workup"], "ability": "Unnerve", "evs": {"hp": 85, "atk": 0, "def": 85, "spa": 85, "spd": 85, "spe": 85}, "ivs": {"hp": 31, "atk": 0, "def": 31, "spa": 31, "spd": 31, "spe": 31}, "item": "Heavy-Duty Boots", "teraType": "Fire", "role": "Fast Attacker", "bvs": {"hp": 86, "atk": 68, "def": 72, "spa": 109, "spd": 66, "spe": 106}, "stats": {"hp": 295, "atk": 124, "def": 177, "spa": 242, "spd": 166, "spe": 237}, "types": ["Fire", "Normal"]}, "Serperior": {"name": "Serperior", "species": "Serperior", "speciesId": "serperior", "gender": "F", "shiny": false, "level": 79, "moves": ["synthesis", "glare", "terablast", "leafstorm"], "ability": "Contrary", "evs": {"hp": 85, "atk": 85, "def": 85, "spa": 85, "spd": 85, "spe": 85}, "ivs": {"hp": 31, "atk": 31, "def": 31, "spa": 31, "spd": 31, "spe": 31}, "item": "Life Orb", "teraType": "Rock", "role": "Tera Blast user", "bvs": {"hp": 75, "atk": 75, "def": 95, "spa": 75, "spd": 95, "spe": 113}, "stats": {"hp": 248, "atk": 164, "def": 196, "spa": 164, "spd": 196, "spe": 224}, "types": ["Grass"]}, "Falinks": {"name": "Falinks", "species": "Falinks", "speciesId": "falinks", "gender": "N", "shiny": false, "level": 84, "moves": ["knockoff", "ironhead", "closecombat", "noretreat"], "ability": "Defiant", "evs": {"hp": 85, "atk": 85, "def": 85, "spa": 85, "spd": 85, "spe": 85}, "ivs": {"hp": 31, "atk": 31, "def": 31, "spa": 31, "spd": 31, "spe": 31}, "item": "Life Orb", "teraType": "Dark", "role": "Setup Sweeper", "bvs": {"hp": 65, "atk": 100, "def": 100, "spa": 70, "spd": 60, "spe": 75}, "stats": {"hp": 246, "atk": 216, "def": 216, "spa": 166, "spd": 149, "spe": 174}, "types": ["Fighting"]}, "Virizion": {"name": "Virizion", "species": "Virizion", "speciesId": "virizion", "gender": "N", "shiny": false, "level": 82, "moves": ["closecombat", "leafblade", "stoneedge", "swordsdance"], "ability": "Justified", "evs": {"hp": 85, "atk": 85, "def": 85, "spa": 85, "spd": 85, "spe": 85}, "ivs": {"hp": 31, "atk": 31, "def": 31, "spa": 31, "spd": 31, "spe": 31}, "item": "Life Orb", "teraType": "Rock", "role": "Setup Sweeper", "bvs": {"hp": 91, "atk": 90, "def": 72, "spa": 90, "spd": 129, "spe": 108}, "stats": {"hp": 283, "atk": 195, "def": 165, "spa": 195, "spd": 259, "spe": 224}, "types": ["Grass", "Fighting"]}}, {"Drednaw": {"name": "Drednaw", "species": "Drednaw", "speciesId": "drednaw", "gender": "M", "shiny": false, "level": 81, "moves": ["stoneedge", "crunch", "shellsmash", "liquidation"], "ability": "Strong Jaw", "evs": {"hp": 85, "atk": 85, "def": 85, "spa": 85, "spd": 85, "spe": 85}, "ivs": {"hp": 31, "atk": 31, "def": 31, "spa": 31, "spd": 31, "spe": 31}, "item": "White Herb", "teraType": "Dark", "role": "Setup Sweeper", "bvs": {"hp": 90, "atk": 115, "def": 90, "spa": 48, "spd": 68, "spe": 74}, "stats": {"hp": 278, "atk": 233, "def": 192, "spa": 124, "spd": 157, "spe": 167}, "types": ["Water", "Rock"]}, "Trevenant": {"name": "Trevenant", "species": "Trevenant", "speciesId": "trevenant", "gender": "M", "shiny": false, "level": 89, "moves": ["rest", "poltergeist", "woodhammer", "drainpunch"], "ability": "Natural Cure", "evs": {"hp": 85, "atk": 85, "def": 85, "spa": 85, "spd": 85, "spe": 85}, "ivs": {"hp": 31, "atk": 31, "def": 31, "spa": 31, "spd": 31, "spe": 31}, "item": "Life Orb", "teraType": "Fighting", "role": "Wallbreaker", "bvs": {"hp": 85, "atk": 110, "def": 76, "spa": 65, "spd": 82, "spe": 56}, "stats": {"hp": 296, "atk": 247, "def": 186, "spa": 166, "spd": 197, "spe": 150}, "types": ["Ghost", "Grass"]}, "Zebstrika": {"name": "Zebstrika", "species": "Zebstrika", "speciesId": "zebstrika", "gender": "M", "shiny": false, "level": 87, "moves": ["overheat", "voltswitch", "supercellslam", "highhorsepower"], "ability": "Sap Sipper", "evs": {"hp": 85, "atk": 85, "def": 85, "spa": 85, "spd": 85, "spe": 85}, "ivs": {"hp": 31, "atk": 31, "def": 31, "spa": 31, "spd": 31, "spe": 31}, "item": "Life Orb", "teraType": "Ground", "role": "Fast Attacker", "bvs": {"hp": 75, "atk": 100, "def": 63, "spa": 80, "spd": 63, "spe": 116}, "stats": {"hp": 272, "atk": 224, "def": 159, "spa": 189, "spd": 159, "spe": 252}, "types": ["Electric"]}, "Umbreon": {"name": "Umbreon", "species": "Umbreon", "speciesId": "umbreon", "gender": "F", "shiny": false, "level": 84, "moves": ["protect", "foulplay", "toxic", "wish"], "ability": "Synchronize", "evs": {"hp": 85, "atk": 0, "def": 85, "spa": 85, "spd": 85, "spe": 85}, "ivs": {"hp": 31, "atk": 0, "def": 31, "spa": 31, "spd": 31, "spe": 31}, "item": "Leftovers", "teraType": "Poison", "role": "Bulky Support", "bvs": {"hp": 95, "atk": 65, "def": 110, "spa": 60, "spd": 130, "spe": 65}, "stats": {"hp": 297, "atk": 114, "def": 233, "spa": 149, "spd": 267, "spe": 157}, "types": ["Dark"]}, "Arbok": {"name": "Arbok", "species": "Arbok", "speciesId": "arbok", "gender": "F", "shiny": false, "level": 87, "moves": ["gunkshot", "suckerpunch", "coil", "earthquake"], "ability": "Intimidate", "evs": {"hp": 85, "atk": 85, "def": 85, "spa": 85, "spd": 85, "spe": 85}, "ivs": {"hp": 31, "atk": 31, "def": 31, "spa": 31, "spd": 31, "spe": 31}, "item": "Leftovers", "teraType": "Dark", "role": "Bulky Attacker", "bvs": {"hp": 60, "atk": 95, "def": 69, "spa": 65, "spd": 79, "spe": 80}, "stats": {"hp": 246, "atk": 215, "def": 170, "spa": 163, "spd": 187, "spe": 189}, "types": ["Poison"]}, "Koraidon": {"name": "Koraidon", "species": "Koraidon", "speciesId": "koraidon", "gender": "N", "shiny": false, "level": 64, "moves": ["collisioncourse", "flareblitz", "scaleshot", "swordsdance"], "ability": "Orichalcum Pulse", "evs": {"hp": 85, "atk": 85, "def": 85, "spa": 85, "spd": 85, "spe": 85}, "ivs": {"hp": 31, "atk": 31, "def": 31, "spa": 31, "spd": 31, "spe": 31}, "item": "Loaded Dice", "teraType": "Fire", "role": "Setup Sweeper", "bvs": {"hp": 100, "atk": 135, "def": 115, "spa": 85, "spd": 100, "spe": 135}, "stats": {"hp": 235, "atk": 211, "def": 185, "spa": 147, "spd": 166, "spe": 211}, "types": ["Fighting", "Dragon"]}}]}