{"id": "gen9randombattle-2641487973", "format": "[Gen 9] Random Battle", "players": ["beans710", "Goldenwolf98"], "log": "|j|\u2606beans710\n|j|\u2606Goldenwolf98\n|t:|1782792956\n|gametype|singles\n|player|p1|beans710|169|1957\n|player|p2|Goldenwolf98|cyrus|1906\n|gen|9\n|tier|[Gen 9] Random Battle\n|rated|\n|rule|Species Clause: Limit one of each Pok\u00e9mon\n|rule|HP Percentage Mod: HP is shown in percentages\n|rule|Sleep Clause Mod: Limit one foe put to sleep\n|rule|Illusion Level Mod: Illusion disguises the Pok\u00e9mon's true level\n|\n|t:|1782792956\n|teamsize|p1|6\n|teamsize|p2|6\n|start\n|switch|p1a: Piloswine|Piloswine, L85, M|309/309\n|switch|p2a: Gholdengo|Gholdengo, L77|261/261\n|turn|1\n|inactive|Battle timer is ON: inactive players will automatically lose when time's up. (requested by Goldenwolf98)\n|\n|t:|1782792994\n|move|p2a: Gholdengo|Make It Rain|p1a: Piloswine\n|-supereffective|p1a: Piloswine\n|-damage|p1a: Piloswine|57/309\n|-unboost|p2a: Gholdengo|spa|1\n|move|p1a: Piloswine|Stealth Rock|p2a: Gholdengo\n|-sidestart|p2: Goldenwolf98|move: Stealth Rock\n|\n|upkeep\n|turn|2\n|inactive|Goldenwolf98 has 120 seconds left.\n|\n|t:|1782793044\n|switch|p1a: Gyarados|Gyarados, L79, M|280/280\n|-ability|p1a: Gyarados|Intimidate|boost\n|-unboost|p2a: Gholdengo|atk|1\n|move|p2a: Gholdengo|Make It Rain|p1a: Gyarados\n|-resisted|p1a: Gyarados\n|-damage|p1a: Gyarados|237/280\n|-unboost|p2a: Gholdengo|spa|1\n|\n|upkeep\n|turn|3\n|\n|t:|1782793054\n|move|p1a: Gyarados|Waterfall|p2a: Gholdengo\n|-damage|p2a: Gholdengo|171/261\n|move|p2a: Gholdengo|Thunder Wave|p1a: Gyarados\n|-status|p1a: Gyarados|par\n|\n|-heal|p2a: Gholdengo|187/261|[from] item: Leftovers\n|upkeep\n|turn|4\n|inactive|Goldenwolf98 has 120 seconds left.\n|\n|t:|1782793060\n|switch|p2a: Bronzong|Bronzong, L88|261/261\n|-damage|p2a: Bronzong|245/261|[from] Stealth Rock\n|cant|p1a: Gyarados|par\n|\n|-heal|p2a: Bronzong|261/261|[from] item: Leftovers\n|upkeep\n|turn|5\n|\n|t:|1782793070\n|move|p2a: Bronzong|Stealth Rock|p1a: Gyarados\n|-sidestart|p1: beans710|move: Stealth Rock\n|move|p1a: Gyarados|Dragon Dance|p1a: Gyarados\n|-boost|p1a: Gyarados|atk|1\n|-boost|p1a: Gyarados|spe|1\n|\n|upkeep\n|turn|6\n|\n|t:|1782793078\n|cant|p1a: Gyarados|par\n|move|p2a: Bronzong|Psychic Noise|p1a: Gyarados\n|-damage|p1a: Gyarados|170/280 par\n|-start|p1a: Gyarados|move: Heal Block\n|\n|upkeep\n|turn|7\n|\n|t:|1782793083\n|move|p1a: Gyarados|Waterfall|p2a: Bronzong\n|-damage|p2a: Bronzong|155/261\n|cant|p2a: Bronzong|flinch\n|\n|-heal|p2a: Bronzong|171/261|[from] item: Leftovers\n|-end|p1a: Gyarados|move: Heal Block\n|upkeep\n|turn|8\n|\n|t:|1782793087\n|switch|p2a: Latios|Latios, L78, M|253/253\n|-damage|p2a: Latios|222/253|[from] Stealth Rock\n|move|p1a: Gyarados|Waterfall|p2a: Latios\n|-resisted|p2a: Latios\n|-damage|p2a: Latios|143/253\n|\n|upkeep\n|turn|9\n|\n|t:|1782793107\n|move|p2a: Latios|Draco Meteor|p1a: Gyarados\n|-damage|p1a: Gyarados|0 fnt\n|-unboost|p2a: Latios|spa|2\n|faint|p1a: Gyarados\n|\n|upkeep\n|\n|t:|1782793111\n|switch|p1a: Gothitelle|Gothitelle, L90, M|272/272\n|-damage|p1a: Gothitelle|238/272|[from] Stealth Rock\n|turn|10\n|inactive|Goldenwolf98 has 120 seconds left.\n|\n|t:|1782793142\n|move|p1a: Gothitelle|Dark Pulse|p2a: Latios\n|-supereffective|p2a: Latios\n|-damage|p2a: Latios|27/253\n|cant|p2a: Latios|flinch\n|\n|upkeep\n|turn|11\n|\n|t:|1782793148\n|move|p1a: Gothitelle|Dark Pulse|p2a: Latios\n|-supereffective|p2a: Latios\n|-damage|p2a: Latios|0 fnt\n|faint|p2a: Latios\n|\n|upkeep\n|\n|t:|1782793152\n|switch|p2a: Scrafty|Scrafty, L83, F|244/244\n|-damage|p2a: Scrafty|229/244|[from] Stealth Rock\n|turn|12\n|\n|t:|1782793163\n|switch|p1a: Clefable|Clefable, L83, F|293/293\n|-damage|p1a: Clefable|257/293|[from] Stealth Rock\n|move|p2a: Scrafty|Bulk Up|p2a: Scrafty\n|-boost|p2a: Scrafty|atk|1\n|-boost|p2a: Scrafty|def|1\n|\n|-heal|p1a: Clefable|275/293|[from] item: Leftovers\n|-heal|p2a: Scrafty|244/244|[from] item: Leftovers\n|upkeep\n|turn|13\n|\n|t:|1782793180\n|switch|p2a: Gholdengo|Gholdengo, L77|187/261\n|-damage|p2a: Gholdengo|171/261|[from] Stealth Rock\n|move|p1a: Clefable|Moonblast|p2a: Gholdengo\n|-resisted|p2a: Gholdengo\n|-damage|p2a: Gholdengo|123/261\n|\n|-heal|p2a: Gholdengo|139/261|[from] item: Leftovers\n|-heal|p1a: Clefable|293/293|[from] item: Leftovers\n|upkeep\n|turn|14\n|\n|t:|1782793196\n|switch|p1a: Piloswine|Piloswine, L85, M|57/309\n|-damage|p1a: Piloswine|19/309|[from] Stealth Rock\n|move|p2a: Gholdengo|Make It Rain|p1a: Piloswine\n|-supereffective|p1a: Piloswine\n|-damage|p1a: Piloswine|0 fnt\n|-unboost|p2a: Gholdengo|spa|1\n|faint|p1a: Piloswine\n|\n|-heal|p2a: Gholdengo|155/261|[from] item: Leftovers\n|upkeep\n|\n|t:|1782793202\n|switch|p1a: Gothitelle|Gothitelle, L90, M|238/272\n|-damage|p1a: Gothitelle|204/272|[from] Stealth Rock\n|turn|15\n|\n|t:|1782793205\n|move|p1a: Gothitelle|Dark Pulse|p2a: Gholdengo\n|-supereffective|p2a: Gholdengo\n|-damage|p2a: Gholdengo|29/261\n|move|p2a: Gholdengo|Thunder Wave|p1a: Gothitelle\n|-status|p1a: Gothitelle|par\n|\n|-heal|p2a: Gholdengo|45/261|[from] item: Leftovers\n|upkeep\n|turn|16\n|\n|t:|1782793210\n|move|p2a: Gholdengo|Recover|p2a: Gholdengo\n|-heal|p2a: Gholdengo|176/261\n|move|p1a: Gothitelle|Dark Pulse|p2a: Gholdengo\n|-supereffective|p2a: Gholdengo\n|-damage|p2a: Gholdengo|50/261\n|\n|-heal|p2a: Gholdengo|66/261|[from] item: Leftovers\n|upkeep\n|turn|17\n|\n|t:|1782793215\n|move|p2a: Gholdengo|Recover|p2a: Gholdengo\n|-heal|p2a: Gholdengo|197/261\n|move|p1a: Gothitelle|Dark Pulse|p2a: Gholdengo\n|-supereffective|p2a: Gholdengo\n|-damage|p2a: Gholdengo|71/261\n|\n|-heal|p2a: Gholdengo|87/261|[from] item: Leftovers\n|upkeep\n|turn|18\n|\n|t:|1782793218\n|move|p2a: Gholdengo|Recover|p2a: Gholdengo\n|-heal|p2a: Gholdengo|218/261\n|move|p1a: Gothitelle|Dark Pulse|p2a: Gholdengo\n|-supereffective|p2a: Gholdengo\n|-damage|p2a: Gholdengo|88/261\n|\n|-heal|p2a: Gholdengo|104/261|[from] item: Leftovers\n|upkeep\n|turn|19\n|\n|t:|1782793222\n|switch|p2a: Scrafty|Scrafty, L83, F|244/244\n|-damage|p2a: Scrafty|229/244|[from] Stealth Rock\n|move|p1a: Gothitelle|Dark Pulse|p2a: Scrafty\n|-resisted|p2a: Scrafty\n|-damage|p2a: Scrafty|217/244\n|\n|-heal|p2a: Scrafty|232/244|[from] item: Leftovers\n|upkeep\n|turn|20\n|\n|t:|1782793226\n|switch|p1a: Clefable|Clefable, L83, F|293/293\n|-damage|p1a: Clefable|257/293|[from] Stealth Rock\n|move|p2a: Scrafty|Knock Off|p1a: Clefable\n|-resisted|p1a: Clefable\n|-damage|p1a: Clefable|197/293\n|-enditem|p1a: Clefable|Leftovers|[from] move: Knock Off|[of] p2a: Scrafty\n|\n|-heal|p2a: Scrafty|244/244|[from] item: Leftovers\n|upkeep\n|turn|21\n|\n|t:|1782793237\n|switch|p2a: Bronzong|Bronzong, L88|171/261\n|-damage|p2a: Bronzong|155/261|[from] Stealth Rock\n|move|p1a: Clefable|Fire Blast|p2a: Bronzong\n|-supereffective|p2a: Bronzong\n|-crit|p2a: Bronzong\n|-damage|p2a: Bronzong|0 fnt\n|faint|p2a: Bronzong\n|\n|upkeep\n|\n|t:|1782793239\n|switch|p2a: Gholdengo|Gholdengo, L77|104/261\n|-damage|p2a: Gholdengo|88/261|[from] Stealth Rock\n|turn|22\n|\n|t:|1782793246\n|switch|p1a: Gothitelle|Gothitelle, L90, M|204/272 par\n|-damage|p1a: Gothitelle|170/272 par|[from] Stealth Rock\n|move|p2a: Gholdengo|Make It Rain|p1a: Gothitelle\n|-damage|p1a: Gothitelle|70/272 par\n|-unboost|p2a: Gholdengo|spa|1\n|\n|-heal|p2a: Gholdengo|104/261|[from] item: Leftovers\n|upkeep\n|turn|23\n|\n|t:|1782793251\n|move|p2a: Gholdengo|Shadow Ball|p1a: Gothitelle\n|-supereffective|p1a: Gothitelle\n|-damage|p1a: Gothitelle|0 fnt\n|faint|p1a: Gothitelle\n|\n|-heal|p2a: Gholdengo|120/261|[from] item: Leftovers\n|upkeep\n|\n|t:|1782793256\n|switch|p1a: Delibird|Delibird, F|252/252\n|turn|24\n|\n|t:|1782793262\n|switch|p2a: Oricorio|Oricorio, L84, M|263/263\n|move|p1a: Delibird|Drill Run|p2a: Oricorio\n|-immune|p2a: Oricorio\n|\n|upkeep\n|turn|25\n|\n|t:|1782793273\n|-terastallize|p1a: Delibird|Flying\n|move|p1a: Delibird|Brave Bird|p2a: Oricorio\n|-damage|p2a: Oricorio|1/263\n|-damage|p1a: Delibird|166/252|[from] Recoil\n|move|p2a: Oricorio|Revelation Dance|p1a: Delibird\n|-damage|p1a: Delibird|46/252\n|\n|upkeep\n|turn|26\n|\n|t:|1782793292\n|move|p1a: Delibird|Brave Bird|p2a: Oricorio\n|-damage|p2a: Oricorio|0 fnt\n|faint|p2a: Oricorio\n|-damage|p1a: Delibird|45/252|[from] Recoil\n|\n|upkeep\n|\n|t:|1782793297\n|switch|p2a: Groudon|Groudon, L72|263/263\n|-damage|p2a: Groudon|247/263|[from] Stealth Rock\n|-weather|SunnyDay|[from] ability: Drought|[of] p2a: Groudon\n|turn|27\n|\n|t:|1782793317\n|move|p1a: Delibird|Ice Spinner|p2a: Groudon|[miss]\n|-miss|p1a: Delibird|p2a: Groudon\n|move|p2a: Groudon|Heat Crash|p1a: Delibird\n|-damage|p1a: Delibird|0 fnt\n|faint|p1a: Delibird\n|\n|-weather|SunnyDay|[upkeep]\n|-heal|p2a: Groudon|263/263|[from] item: Leftovers\n|upkeep\n|\n|t:|1782793328\n|switch|p1a: Iron Leaves|Iron Leaves, L80|275/275\n|-damage|p1a: Iron Leaves|241/275|[from] Stealth Rock\n|turn|28\n|\n|t:|1782793333\n|-terastallize|p2a: Groudon|Fire\n|move|p1a: Iron Leaves|Leaf Blade|p2a: Groudon\n|-resisted|p2a: Groudon\n|-damage|p2a: Groudon|210/263\n|-damage|p1a: Iron Leaves|214/275|[from] item: Life Orb\n|move|p2a: Groudon|Heat Crash|p1a: Iron Leaves\n|-supereffective|p1a: Iron Leaves\n|-damage|p1a: Iron Leaves|0 fnt\n|faint|p1a: Iron Leaves\n|-end|p1a: Iron Leaves|Quark Drive|[silent]\n|\n|-weather|SunnyDay|[upkeep]\n|-heal|p2a: Groudon|226/263|[from] item: Leftovers\n|upkeep\n|\n|t:|1782793336\n|switch|p1a: Clefable|Clefable, L83, F|197/293\n|-damage|p1a: Clefable|161/293|[from] Stealth Rock\n|turn|29\n|\n|t:|1782793338\n|move|p2a: Groudon|Heat Crash|p1a: Clefable\n|-crit|p1a: Clefable\n|-damage|p1a: Clefable|0 fnt\n|faint|p1a: Clefable\n|\n|win|Goldenwolf98\n", "inputlog": ">version f8ac14003a5f27e1bdc8d8c59608a773c1cb96e5\n>start {\"formatid\":\"gen9randombattle\",\"seed\":\"sodium,69f59214df027e59d7ded7b1b0ad1f93\",\"rated\":\"Rated battle\"}\n>player p1 {\"name\":\"beans710\",\"avatar\":\"169\",\"rating\":1957,\"seed\":\"sodium,49e215fad68978cd1178830c5f30a38e\"}\n>player p2 {\"name\":\"Goldenwolf98\",\"avatar\":\"cyrus\",\"rating\":1906,\"seed\":\"sodium,a04081424851a31229efb7f64fe99331\"}\n>p1 move stealthrock\n>p2 move makeitrain\n>p1 switch 5\n>p2 move makeitrain\n>p1 move waterfall\n>p2 move thunderwave\n>p1 move earthquake\n>p2 switch 3\n>p1 move dragondance\n>p2 move stealthrock\n>p1 move waterfall\n>p2 move psychicnoise\n>p1 move waterfall\n>p2 move psychicnoise\n>p1 move waterfall\n>p2 switch 6\n>p1 move waterfall\n>p2 move dracometeor\n>p1 switch 2\n>p1 move darkpulse\n>p2 move dracometeor\n>p1 move darkpulse\n>p2 move dracometeor\n>p2 switch 5\n>p1 switch 3\n>p2 move bulkup\n>p1 move moonblast\n>p2 switch 3\n>p1 switch 5\n>p2 move makeitrain\n>p1 switch 3\n>p1 move darkpulse\n>p2 move thunderwave\n>p1 move darkpulse\n>p2 move recover\n>p1 move darkpulse\n>p2 move recover\n>p1 move darkpulse\n>p2 move recover\n>p1 move darkpulse\n>p2 switch 3\n>p1 switch 5\n>p2 move knockoff\n>p1 move fireblast\n>p2 switch 6\n>p2 switch 3\n>p1 switch 5\n>p2 move makeitrain\n>p1 move trick\n>p2 move shadowball\n>p1 switch 6\n>p1 move drillrun\n>p2 switch 2\n>p1 move bravebird terastallize\n>p2 move revelationdance\n>p1 move bravebird\n>p2 move revelationdance\n>p2 switch 4\n>p1 move icespinner\n>p2 move heatcrash\n>p1 switch 4\n>p1 move leafblade\n>p2 move heatcrash terastallize\n>p1 switch 5\n>p1 move fireblast\n>p2 move heatcrash", "uploadtime": 1782792958, "views": 4, "formatid": "gen9randombattle", "rating": null, "private": 0, "password": null, "player_dets": [{"name": "beans710", "avatar": "169", "rating": 1957, "seed": "sodium,49e215fad68978cd1178830c5f30a38e"}, {"name": "Goldenwolf98", "avatar": "cyrus", "rating": 1906, "seed": "sodium,a04081424851a31229efb7f64fe99331"}], "teams_full": [{"Piloswine": {"name": "Piloswine", "species": "Piloswine", "speciesId": "piloswine", "gender": "M", "shiny": false, "level": 85, "moves": ["earthquake", "stealthrock", "iciclecrash", "roar"], "ability": "Thick Fat", "evs": {"hp": 85, "atk": 85, "def": 85, "spa": 85, "spd": 85, "spe": 85}, "ivs": {"hp": 31, "atk": 31, "def": 31, "spa": 31, "spd": 31, "spe": 31}, "item": "Eviolite", "teraType": "Dragon", "role": "Bulky Support", "bvs": {"hp": 100, "atk": 100, "def": 80, "spa": 60, "spd": 60, "spe": 50}, "stats": {"hp": 309, "atk": 219, "def": 185, "spa": 151, "spd": 151, "spe": 134}, "types": ["Ice", "Ground"]}, "Gothitelle": {"name": "Gothitelle", "species": "Gothitelle", "speciesId": "gothitelle", "gender": "M", "shiny": false, "level": 90, "moves": ["psychic", "darkpulse", "trick", "focusblast"], "ability": "Shadow Tag", "evs": {"hp": 85, "atk": 0, "def": 85, "spa": 85, "spd": 85, "spe": 85}, "ivs": {"hp": 31, "atk": 0, "def": 31, "spa": 31, "spd": 31, "spe": 31}, "item": "Choice Scarf", "teraType": "Ghost", "role": "Fast Attacker", "bvs": {"hp": 70, "atk": 55, "def": 95, "spa": 95, "spd": 110, "spe": 65}, "stats": {"hp": 272, "atk": 104, "def": 222, "spa": 222, "spd": 249, "spe": 168}, "types": ["Psychic"]}, "Clefable": {"name": "Clefable", "species": "Clefable", "speciesId": "clefable", "gender": "F", "shiny": false, "level": 83, "moves": ["moonblast", "calmmind", "moonlight", "fireblast"], "ability": "Unaware", "evs": {"hp": 85, "atk": 0, "def": 85, "spa": 85, "spd": 85, "spe": 85}, "ivs": {"hp": 31, "atk": 0, "def": 31, "spa": 31, "spd": 31, "spe": 31}, "item": "Leftovers", "teraType": "Steel", "role": "Bulky Setup", "bvs": {"hp": 95, "atk": 70, "def": 73, "spa": 95, "spd": 90, "spe": 60}, "stats": {"hp": 293, "atk": 121, "def": 169, "spa": 205, "spd": 197, "spe": 147}, "types": ["Fairy"]}, "Iron Leaves": {"name": "Iron Leaves", "species": "Iron Leaves", "speciesId": "ironleaves", "gender": "N", "shiny": false, "level": 80, "moves": ["closecombat", "swordsdance", "psyblade", "leafblade"], "ability": "Quark Drive", "evs": {"hp": 85, "atk": 85, "def": 85, "spa": 85, "spd": 85, "spe": 85}, "ivs": {"hp": 31, "atk": 31, "def": 31, "spa": 31, "spd": 31, "spe": 31}, "item": "Life Orb", "teraType": "Fighting", "role": "Wallbreaker", "bvs": {"hp": 90, "atk": 130, "def": 88, "spa": 70, "spd": 108, "spe": 104}, "stats": {"hp": 275, "atk": 254, "def": 187, "spa": 158, "spd": 219, "spe": 213}, "types": ["Grass", "Psychic"]}, "Gyarados": {"name": "Gyarados", "species": "Gyarados", "speciesId": "gyarados", "gender": "M", "shiny": false, "level": 79, "moves": ["terablast", "dragondance", "waterfall", "earthquake"], "ability": "Intimidate", "evs": {"hp": 85, "atk": 85, "def": 85, "spa": 85, "spd": 85, "spe": 85}, "ivs": {"hp": 31, "atk": 31, "def": 31, "spa": 31, "spd": 31, "spe": 31}, "item": "Heavy-Duty Boots", "teraType": "Flying", "role": "Tera Blast user", "bvs": {"hp": 95, "atk": 125, "def": 79, "spa": 60, "spd": 100, "spe": 81}, "stats": {"hp": 280, "atk": 243, "def": 170, "spa": 140, "spd": 204, "spe": 174}, "types": ["Water", "Flying"]}, "Delibird": {"name": "Delibird", "species": "Delibird", "speciesId": "delibird", "gender": "F", "shiny": false, "level": 100, "moves": ["icespinner", "bravebird", "spikes", "drillrun"], "ability": "Hustle", "evs": {"hp": 85, "atk": 85, "def": 85, "spa": 85, "spd": 85, "spe": 85}, "ivs": {"hp": 31, "atk": 31, "def": 31, "spa": 31, "spd": 31, "spe": 31}, "item": "Heavy-Duty Boots", "teraType": "Flying", "role": "Fast Attacker", "bvs": {"hp": 45, "atk": 55, "def": 45, "spa": 65, "spd": 45, "spe": 75}, "stats": {"hp": 252, "atk": 167, "def": 147, "spa": 187, "spd": 147, "spe": 207}, "types": ["Ice", "Flying"]}}, {"Gholdengo": {"name": "Gholdengo", "species": "Gholdengo", "speciesId": "gholdengo", "gender": "N", "shiny": false, "level": 77, "moves": ["shadowball", "thunderwave", "recover", "makeitrain"], "ability": "Good as Gold", "evs": {"hp": 85, "atk": 0, "def": 85, "spa": 85, "spd": 85, "spe": 85}, "ivs": {"hp": 31, "atk": 0, "def": 31, "spa": 31, "spd": 31, "spe": 31}, "item": "Leftovers", "teraType": "Dark", "role": "Bulky Support", "bvs": {"hp": 87, "atk": 60, "def": 95, "spa": 133, "spd": 91, "spe": 84}, "stats": {"hp": 261, "atk": 97, "def": 191, "spa": 249, "spd": 185, "spe": 174}, "types": ["Steel", "Ghost"]}, "Oricorio": {"name": "Oricorio", "species": "Oricorio", "speciesId": "oricorio", "gender": "M", "shiny": false, "level": 84, "moves": ["roost", "hurricane", "quiverdance", "revelationdance"], "ability": "Dancer", "evs": {"hp": 85, "atk": 0, "def": 85, "spa": 85, "spd": 85, "spe": 85}, "ivs": {"hp": 31, "atk": 0, "def": 31, "spa": 31, "spd": 31, "spe": 31}, "item": "Heavy-Duty Boots", "teraType": "Ground", "role": "Setup Sweeper", "bvs": {"hp": 75, "atk": 70, "def": 70, "spa": 98, "spd": 70, "spe": 93}, "stats": {"hp": 263, "atk": 122, "def": 166, "spa": 213, "spd": 166, "spe": 204}, "types": ["Fire", "Flying"]}, "Bronzong": {"name": "Bronzong", "species": "Bronzong", "speciesId": "bronzong", "gender": "N", "shiny": false, "level": 88, "moves": ["psychicnoise", "stealthrock", "ironhead", "earthquake"], "ability": "Levitate", "evs": {"hp": 85, "atk": 85, "def": 85, "spa": 85, "spd": 85, "spe": 85}, "ivs": {"hp": 31, "atk": 31, "def": 31, "spa": 31, "spd": 31, "spe": 31}, "item": "Leftovers", "teraType": "Water", "role": "Bulky Support", "bvs": {"hp": 67, "atk": 89, "def": 116, "spa": 79, "spd": 116, "spe": 33}, "stats": {"hp": 261, "atk": 207, "def": 254, "spa": 189, "spd": 254, "spe": 108}, "types": ["Steel", "Psychic"]}, "Groudon": {"name": "Groudon", "species": "Groudon", "speciesId": "groudon", "gender": "N", "shiny": false, "level": 72, "moves": ["heatcrash", "stoneedge", "precipiceblades", "roar"], "ability": "Drought", "evs": {"hp": 85, "atk": 85, "def": 85, "spa": 85, "spd": 85, "spe": 85}, "ivs": {"hp": 31, "atk": 31, "def": 31, "spa": 31, "spd": 31, "spe": 31}, "item": "Leftovers", "teraType": "Fire", "role": "Bulky Attacker", "bvs": {"hp": 100, "atk": 150, "def": 140, "spa": 100, "spd": 90, "spe": 90}, "stats": {"hp": 263, "atk": 258, "def": 244, "spa": 186, "spd": 172, "spe": 172}, "types": ["Ground"]}, "Scrafty": {"name": "Scrafty", "species": "Scrafty", "speciesId": "scrafty", "gender": "F", "shiny": false, "level": 83, "moves": ["knockoff", "drainpunch", "rest", "bulkup"], "ability": "Shed Skin", "evs": {"hp": 85, "atk": 85, "def": 85, "spa": 85, "spd": 85, "spe": 85}, "ivs": {"hp": 31, "atk": 31, "def": 31, "spa": 31, "spd": 31, "spe": 31}, "item": "Leftovers", "teraType": "Poison", "role": "Bulky Setup", "bvs": {"hp": 65, "atk": 90, "def": 115, "spa": 45, "spd": 115, "spe": 58}, "stats": {"hp": 244, "atk": 197, "def": 239, "spa": 122, "spd": 239, "spe": 144}, "types": ["Dark", "Fighting"]}, "Latios": {"name": "Latios", "species": "Latios", "speciesId": "latios", "gender": "M", "shiny": false, "level": 78, "moves": ["lusterpurge", "dracometeor", "flipturn", "aurasphere"], "ability": "Levitate", "evs": {"hp": 85, "atk": 85, "def": 85, "spa": 85, "spd": 85, "spe": 85}, "ivs": {"hp": 31, "atk": 31, "def": 31, "spa": 31, "spd": 31, "spe": 31}, "item": "Choice Specs", "teraType": "Steel", "role": "Fast Attacker", "bvs": {"hp": 80, "atk": 90, "def": 80, "spa": 130, "spd": 110, "spe": 110}, "stats": {"hp": 253, "atk": 185, "def": 170, "spa": 248, "spd": 217, "spe": 217}, "types": ["Dragon", "Psychic"]}}]}