{"id": "gen9randombattle-2641720785", "format": "[Gen 9] Random Battle", "players": ["un baile mas", "Mitza01"], "log": "|j|\u2606un baile mas\n|j|\u2606Mitza01\n|t:|1782833946\n|gametype|singles\n|player|p1|un baile mas|169|1946\n|player|p2|Mitza01|101|1939\n|gen|9\n|tier|[Gen 9] Random Battle\n|rated|\n|rule|Species Clause: Limit one of each Pok\u00e9mon\n|rule|HP Percentage Mod: HP is shown in percentages\n|rule|Sleep Clause Mod: Limit one foe put to sleep\n|rule|Illusion Level Mod: Illusion disguises the Pok\u00e9mon's true level\n|\n|t:|1782833946\n|teamsize|p1|6\n|teamsize|p2|6\n|start\n|switch|p1a: Greninja|Greninja, L80, M|246/246\n|switch|p2a: Crawdaunt|Crawdaunt, L84, M|243/243\n|turn|1\n|inactive|Battle timer is ON: inactive players will automatically lose when time's up. (requested by Mitza01)\n|\n|t:|1782833967\n|switch|p1a: Dedenne|Dedenne, L88, F|261/261\n|move|p2a: Crawdaunt|Knock Off|p1a: Dedenne\n|-resisted|p1a: Dedenne\n|-damage|p1a: Dedenne|93/261\n|-enditem|p1a: Dedenne|Sitrus Berry|[from] move: Knock Off|[of] p2a: Crawdaunt\n|\n|upkeep\n|turn|2\n|\n|t:|1782833982\n|switch|p2a: Oinkologne|Oinkologne, L92, M|352/352\n|move|p1a: Dedenne|Thunderbolt|p2a: Oinkologne\n|-damage|p2a: Oinkologne|259/352\n|-status|p2a: Oinkologne|par\n|\n|-heal|p2a: Oinkologne|281/352 par|[from] item: Leftovers\n|upkeep\n|turn|3\n|\n|t:|1782833989\n|move|p1a: Dedenne|U-turn|p2a: Oinkologne\n|-damage|p2a: Oinkologne|244/352 par\n|\n|t:|1782834003\n|switch|p1a: Virizion|Virizion, L82|283/283|[from] U-turn\n|move|p2a: Oinkologne|Body Slam|p1a: Virizion\n|-damage|p1a: Virizion|144/283\n|\n|-heal|p2a: Oinkologne|266/352 par|[from] item: Leftovers\n|upkeep\n|turn|4\n|\n|t:|1782834031\n|move|p1a: Virizion|Close Combat|p2a: Oinkologne\n|-supereffective|p2a: Oinkologne\n|-damage|p2a: Oinkologne|0 fnt\n|-unboost|p1a: Virizion|def|1\n|-unboost|p1a: Virizion|spd|1\n|faint|p2a: Oinkologne\n|-damage|p1a: Virizion|116/283|[from] item: Life Orb\n|\n|upkeep\n|inactive|Mitza01 has 120 seconds left.\n|\n|t:|1782834050\n|switch|p2a: Kyogre|Kyogre, L71|259/259\n|-weather|RainDance|[from] ability: Drizzle|[of] p2a: Kyogre\n|turn|5\n|inactive|Mitza01 has 120 seconds left.\n|\n|t:|1782834063\n|switch|p1a: Lapras|Lapras, L87, F|367/367\n|move|p2a: Kyogre|Water Spout|p1a: Lapras\n|-immune|p1a: Lapras|[from] ability: Water Absorb\n|\n|-weather|RainDance|[upkeep]\n|upkeep\n|turn|6\n|\n|t:|1782834073\n|switch|p2a: Wyrdeer|Wyrdeer, L87, F|321/321\n|-ability|p2a: Wyrdeer|Intimidate|boost\n|-unboost|p1a: Lapras|atk|1\n|move|p1a: Lapras|Freeze-Dry|p2a: Wyrdeer\n|-damage|p2a: Wyrdeer|213/321\n|-status|p2a: Wyrdeer|frz\n|\n|-weather|RainDance|[upkeep]\n|-heal|p2a: Wyrdeer|233/321 frz|[from] item: Leftovers\n|upkeep\n|turn|7\n|inactive|Mitza01 has 120 seconds left.\n|c|\u2606Mitza01|Exactly. Thunderbolt para and freezedry freeze\n|inactive|un baile mas has 120 seconds left.\n|\n|t:|1782834104\n|switch|p1a: Greninja|Greninja, L80, M|246/246\n|cant|p2a: Wyrdeer|frz\n|\n|-weather|RainDance|[upkeep]\n|-heal|p2a: Wyrdeer|253/321 frz|[from] item: Leftovers\n|upkeep\n|turn|8\n|inactive|un baile mas has 120 seconds left.\n|\n|t:|1782834121\n|switch|p2a: Kyogre|Kyogre, L71|259/259\n|move|p1a: Greninja|Dark Pulse|p2a: Kyogre\n|-damage|p2a: Kyogre|176/259\n|-damage|p1a: Greninja|222/246|[from] item: Life Orb\n|\n|-weather|RainDance|[upkeep]\n|upkeep\n|turn|9\n|inactive|un baile mas has 120 seconds left.\n|\n|t:|1782834146\n|switch|p1a: Tornadus|Tornadus-Therian, L79, M|254/254\n|move|p2a: Kyogre|Thunder|p1a: Tornadus\n|-supereffective|p1a: Tornadus\n|-damage|p1a: Tornadus|134/254\n|\n|-weather|none\n|upkeep\n|turn|10\n|\n|t:|1782834156\n|switch|p2a: Wyrdeer|Wyrdeer, L87, F|253/321 frz\n|-ability|p2a: Wyrdeer|Intimidate|boost\n|-unboost|p1a: Tornadus|atk|1\n|move|p1a: Tornadus|Knock Off|p2a: Wyrdeer\n|-supereffective|p2a: Wyrdeer\n|-damage|p2a: Wyrdeer|157/321 frz\n|-enditem|p2a: Wyrdeer|Leftovers|[from] move: Knock Off|[of] p1a: Tornadus\n|\n|upkeep\n|turn|11\n|\n|t:|1782834174\n|move|p1a: Tornadus|Bleakwind Storm|p2a: Wyrdeer\n|-damage|p2a: Wyrdeer|49/321 frz\n|-unboost|p2a: Wyrdeer|spe|1\n|-curestatus|p2a: Wyrdeer|frz|[msg]\n|move|p2a: Wyrdeer|Thunder Wave|p1a: Tornadus\n|-status|p1a: Tornadus|par\n|\n|upkeep\n|turn|12\n|\n|t:|1782834181\n|cant|p1a: Tornadus|par\n|move|p2a: Wyrdeer|Psychic Noise|p1a: Tornadus\n|-damage|p1a: Tornadus|68/254 par\n|-start|p1a: Tornadus|move: Heal Block\n|\n|upkeep\n|turn|13\n|\n|t:|1782834187\n|cant|p1a: Tornadus|par\n|move|p2a: Wyrdeer|Psychic Noise|p1a: Tornadus\n|-damage|p1a: Tornadus|7/254 par\n|\n|-end|p1a: Tornadus|move: Heal Block\n|upkeep\n|turn|14\n|\n|t:|1782834192\n|move|p1a: Tornadus|U-turn|p2a: Wyrdeer\n|-supereffective|p2a: Wyrdeer\n|-damage|p2a: Wyrdeer|0 fnt\n|faint|p2a: Wyrdeer\n|inactive|un baile mas has 120 seconds left.\n|\n|t:|1782834198\n|switch|p1a: Greninja|Greninja, L80, M|222/246|[from] U-turn\n|\n|upkeep\n|inactive|Mitza01 has 120 seconds left.\n|\n|t:|1782834230\n|switch|p2a: Kyogre|Kyogre, L71|176/259\n|-weather|RainDance|[from] ability: Drizzle|[of] p2a: Kyogre\n|turn|15\n|\n|t:|1782834238\n|move|p2a: Kyogre|Thunder|p1a: Greninja\n|-supereffective|p1a: Greninja\n|-damage|p1a: Greninja|20/246\n|-status|p1a: Greninja|par\n|move|p1a: Greninja|Gunk Shot|p2a: Kyogre\n|-damage|p2a: Kyogre|69/259\n|-status|p2a: Kyogre|psn\n|-damage|p1a: Greninja|0 fnt|[from] item: Life Orb\n|faint|p1a: Greninja\n|\n|-weather|RainDance|[upkeep]\n|-damage|p2a: Kyogre|37/259 psn|[from] psn\n|upkeep\n|inactive|un baile mas has 120 seconds left.\n|\n|t:|1782834263\n|switch|p1a: Tornadus|Tornadus-Therian, L79, M|91/254 par\n|turn|16\n|\n|t:|1782834267\n|switch|p2a: Moltres|Moltres, L81|278/278\n|switch|p1a: Dedenne|Dedenne, L88, F|93/261\n|\n|-weather|RainDance|[upkeep]\n|upkeep\n|turn|17\n|\n|t:|1782834277\n|switch|p2a: Regirock|Regirock, L83|268/268\n|move|p1a: Dedenne|Thunderbolt|p2a: Regirock\n|-crit|p2a: Regirock\n|-damage|p2a: Regirock|142/268\n|\n|-weather|RainDance|[upkeep]\n|upkeep\n|turn|18\n|\n|t:|1782834287\n|move|p1a: Dedenne|Thunderbolt|p2a: Regirock\n|-damage|p2a: Regirock|52/268\n|move|p2a: Regirock|Rest|p2a: Regirock\n|-status|p2a: Regirock|slp|[from] move: Rest\n|-heal|p2a: Regirock|268/268 slp|[silent]\n|-enditem|p2a: Regirock|Chesto Berry|[eat]\n|-curestatus|p2a: Regirock|slp|[msg]\n|\n|-weather|RainDance|[upkeep]\n|upkeep\n|turn|19\n|\n|t:|1782834293\n|move|p1a: Dedenne|Super Fang|p2a: Regirock\n|-damage|p2a: Regirock|134/268\n|move|p2a: Regirock|Stone Edge|p1a: Dedenne\n|-damage|p1a: Dedenne|0 fnt\n|faint|p1a: Dedenne\n|\n|-weather|none\n|upkeep\n|inactive|un baile mas has 120 seconds left.\n|\n|t:|1782834326\n|switch|p1a: Virizion|Virizion, L82|116/283\n|turn|20\n|\n|t:|1782834347\n|move|p1a: Virizion|Leaf Blade|p2a: Regirock\n|-supereffective|p2a: Regirock\n|-damage|p2a: Regirock|22/268\n|-damage|p1a: Virizion|88/283|[from] item: Life Orb\n|move|p2a: Regirock|Body Press|p1a: Virizion\n|-damage|p1a: Virizion|0 fnt\n|faint|p1a: Virizion\n|\n|upkeep\n|\n|t:|1782834355\n|switch|p1a: Lapras|Lapras, L87, F|367/367\n|turn|21\n|\n|t:|1782834363\n|move|p1a: Lapras|Freeze-Dry|p2a: Regirock\n|-damage|p2a: Regirock|0 fnt\n|faint|p2a: Regirock\n|\n|upkeep\n|\n|t:|1782834393\n|switch|p2a: Crawdaunt|Crawdaunt, L84, M|243/243\n|turn|22\n|\n|t:|1782834398\n|switch|p1a: Tornadus|Tornadus-Therian, L79, M|175/254 par\n|-terastallize|p2a: Crawdaunt|Fighting\n|move|p2a: Crawdaunt|Close Combat|p1a: Tornadus\n|-resisted|p1a: Tornadus\n|-damage|p1a: Tornadus|0 fnt\n|-unboost|p2a: Crawdaunt|def|1\n|-unboost|p2a: Crawdaunt|spd|1\n|faint|p1a: Tornadus\n|\n|upkeep\n|\n|t:|1782834401\n|switch|p1a: Misdreavus|Misdreavus, L90, M|254/254\n|turn|23\n|\n|t:|1782834407\n|switch|p2a: Moltres|Moltres, L81|278/278\n|move|p1a: Misdreavus|Calm Mind|p1a: Misdreavus\n|-boost|p1a: Misdreavus|spa|1\n|-boost|p1a: Misdreavus|spd|1\n|\n|upkeep\n|turn|24\n|\n|t:|1782834412\n|move|p1a: Misdreavus|Shadow Ball|p2a: Moltres\n|-damage|p2a: Moltres|143/278\n|move|p2a: Moltres|Brave Bird|p1a: Misdreavus\n|-damage|p1a: Misdreavus|151/254\n|-damage|p2a: Moltres|109/278|[from] Recoil\n|\n|upkeep\n|turn|25\n|\n|t:|1782834431\n|move|p1a: Misdreavus|Shadow Ball|p2a: Moltres\n|-damage|p2a: Moltres|0 fnt\n|faint|p2a: Moltres\n|\n|upkeep\n|\n|t:|1782834435\n|switch|p2a: Kyogre|Kyogre, L71|37/259 psn\n|-weather|RainDance|[from] ability: Drizzle|[of] p2a: Kyogre\n|turn|26\n|\n|t:|1782834441\n|move|p2a: Kyogre|Origin Pulse|p1a: Misdreavus\n|-damage|p1a: Misdreavus|73/254\n|move|p1a: Misdreavus|Draining Kiss|p2a: Kyogre\n|-damage|p2a: Kyogre|0 fnt\n|-heal|p1a: Misdreavus|101/254|[from] drain|[of] p2a: Kyogre\n|faint|p2a: Kyogre\n|\n|-weather|RainDance|[upkeep]\n|upkeep\n|\n|t:|1782834444\n|switch|p2a: Crawdaunt|Crawdaunt, L84, M, tera:Fighting|243/243\n|turn|27\n|\n|t:|1782834448\n|move|p1a: Misdreavus|Draining Kiss|p2a: Crawdaunt\n|-supereffective|p2a: Crawdaunt\n|-damage|p2a: Crawdaunt|97/243\n|-heal|p1a: Misdreavus|211/254|[from] drain|[of] p2a: Crawdaunt\n|move|p2a: Crawdaunt|Knock Off|p1a: Misdreavus\n|-supereffective|p1a: Misdreavus\n|-damage|p1a: Misdreavus|0 fnt\n|-enditem|p1a: Misdreavus|Eviolite|[from] move: Knock Off|[of] p2a: Crawdaunt\n|faint|p1a: Misdreavus\n|\n|-weather|RainDance|[upkeep]\n|upkeep\n|\n|t:|1782834451\n|switch|p1a: Lapras|Lapras, L87, F|367/367\n|turn|28\n|\n|t:|1782834455\n|move|p1a: Lapras|Sparkling Aria|p2a: Crawdaunt\n|-damage|p2a: Crawdaunt|0 fnt\n|faint|p2a: Crawdaunt\n|\n|win|un baile mas\n", "inputlog": ">version f8ac14003a5f27e1bdc8d8c59608a773c1cb96e5\n>start {\"formatid\":\"gen9randombattle\",\"seed\":\"sodium,2cb98261f878d0db5605a5675ca4905f\",\"rated\":\"Rated battle\"}\n>player p1 {\"name\":\"un baile mas\",\"avatar\":\"169\",\"rating\":1946,\"seed\":\"sodium,02bc8bf8658bdd3e7b5d17de138f50fb\"}\n>player p2 {\"name\":\"Mitza01\",\"avatar\":\"101\",\"rating\":1939,\"seed\":\"sodium,e81782485db31faa71cabe1edae03802\"}\n>p1 switch 2\n>p2 move knockoff\n>p1 move thunderbolt\n>p2 switch 2\n>p1 move uturn\n>p2 move bodyslam\n>p1 switch 3\n>p1 move closecombat\n>p2 move bodyslam\n>p2 switch 4\n>p1 switch 5\n>p2 move waterspout\n>p1 move freezedry\n>p2 switch 6\n>chat \u2606Mitza01|Exactly. Thunderbolt para and freezedry freeze \n>p1 switch 2\n>p2 move thunderwave\n>p1 move darkpulse\n>p2 switch 6\n>p1 switch 4\n>p2 move thunder\n>p1 move knockoff\n>p2 switch 6\n>p1 move bleakwindstorm\n>p2 move thunderwave\n>p1 move uturn\n>p2 move psychicnoise\n>p1 move uturn\n>p2 move psychicnoise\n>p1 move uturn\n>p2 move megahorn\n>p1 switch 4\n>p2 switch 6\n>p1 move gunkshot\n>p2 move thunder\n>p1 switch 4\n>p1 switch 3\n>p2 switch 5\n>p1 move thunderbolt\n>p2 switch 3\n>p1 move thunderbolt\n>p2 move rest\n>p1 move superfang\n>p2 move stoneedge\n>p1 switch 5\n>p1 move leafblade\n>p2 move bodypress\n>p1 switch 2\n>p1 move freezedry\n>p2 move bodypress\n>p2 switch 2\n>p1 switch 3\n>p2 move closecombat terastallize\n>p1 switch 6\n>p1 move calmmind\n>p2 switch 3\n>p1 move shadowball\n>p2 move bravebird\n>p1 move shadowball\n>p2 move bravebird\n>p2 switch 5\n>p1 move drainingkiss\n>p2 move originpulse\n>p2 switch 3\n>p1 move drainingkiss\n>p2 move knockoff\n>p1 switch 3\n>p1 move sparklingaria\n>p2 move knockoff", "uploadtime": 1782833949, "views": 6, "formatid": "gen9randombattle", "rating": null, "private": 0, "password": null, "player_dets": [{"name": "un baile mas", "avatar": "169", "rating": 1946, "seed": "sodium,02bc8bf8658bdd3e7b5d17de138f50fb"}, {"name": "Mitza01", "avatar": "101", "rating": 1939, "seed": "sodium,e81782485db31faa71cabe1edae03802"}], "teams_full": [{"Greninja": {"name": "Greninja", "species": "Greninja-Bond", "speciesId": "greninjabond", "gender": "M", "shiny": false, "level": 80, "moves": ["icebeam", "hydropump", "darkpulse", "gunkshot"], "ability": "Battle Bond", "evs": {"hp": 85, "atk": 85, "def": 85, "spa": 85, "spd": 85, "spe": 85}, "ivs": {"hp": 31, "atk": 31, "def": 31, "spa": 31, "spd": 31, "spe": 31}, "item": "Life Orb", "teraType": "Poison", "role": "Fast Attacker", "bvs": {"hp": 72, "atk": 95, "def": 67, "spa": 103, "spd": 71, "spe": 122}, "stats": {"hp": 246, "atk": 198, "def": 153, "spa": 211, "spd": 160, "spe": 241}, "types": ["Water", "Dark"]}, "Dedenne": {"name": "Dedenne", "species": "Dedenne", "speciesId": "dedenne", "gender": "F", "shiny": false, "level": 88, "moves": ["uturn", "superfang", "dazzlinggleam", "thunderbolt"], "ability": "Cheek Pouch", "evs": {"hp": 85, "atk": 85, "def": 85, "spa": 85, "spd": 85, "spe": 85}, "ivs": {"hp": 31, "atk": 31, "def": 31, "spa": 31, "spd": 31, "spe": 31}, "item": "Sitrus Berry", "teraType": "Flying", "role": "Fast Support", "bvs": {"hp": 67, "atk": 58, "def": 57, "spa": 81, "spd": 67, "spe": 101}, "stats": {"hp": 261, "atk": 152, "def": 151, "spa": 193, "spd": 168, "spe": 228}, "types": ["Electric", "Fairy"]}, "Virizion": {"name": "Virizion", "species": "Virizion", "speciesId": "virizion", "gender": "N", "shiny": false, "level": 82, "moves": ["closecombat", "leafblade", "stoneedge", "swordsdance"], "ability": "Justified", "evs": {"hp": 85, "atk": 85, "def": 85, "spa": 85, "spd": 85, "spe": 85}, "ivs": {"hp": 31, "atk": 31, "def": 31, "spa": 31, "spd": 31, "spe": 31}, "item": "Life Orb", "teraType": "Rock", "role": "Setup Sweeper", "bvs": {"hp": 91, "atk": 90, "def": 72, "spa": 90, "spd": 129, "spe": 108}, "stats": {"hp": 283, "atk": 195, "def": 165, "spa": 195, "spd": 259, "spe": 224}, "types": ["Grass", "Fighting"]}, "Tornadus": {"name": "Tornadus", "species": "Tornadus-Therian", "speciesId": "tornadustherian", "gender": "M", "shiny": false, "level": 79, "moves": ["uturn", "heatwave", "knockoff", "bleakwindstorm"], "ability": "Regenerator", "evs": {"hp": 85, "atk": 85, "def": 85, "spa": 85, "spd": 85, "spe": 85}, "ivs": {"hp": 31, "atk": 31, "def": 31, "spa": 31, "spd": 31, "spe": 31}, "item": "Assault Vest", "teraType": "Dark", "role": "AV Pivot", "bvs": {"hp": 79, "atk": 100, "def": 80, "spa": 110, "spd": 90, "spe": 121}, "stats": {"hp": 254, "atk": 204, "def": 172, "spa": 219, "spd": 188, "spe": 237}, "types": ["Flying"]}, "Lapras": {"name": "Lapras", "species": "Lapras", "speciesId": "lapras", "gender": "F", "shiny": false, "level": 87, "moves": ["freezedry", "sparklingaria", "icebeam", "hydropump"], "ability": "Water Absorb", "evs": {"hp": 81, "atk": 0, "def": 85, "spa": 85, "spd": 85, "spe": 85}, "ivs": {"hp": 31, "atk": 0, "def": 31, "spa": 31, "spd": 31, "spe": 31}, "item": "Choice Specs", "teraType": "Water", "role": "Wallbreaker", "bvs": {"hp": 130, "atk": 85, "def": 80, "spa": 85, "spd": 95, "spe": 60}, "stats": {"hp": 367, "atk": 152, "def": 189, "spa": 198, "spd": 215, "spe": 154}, "types": ["Water", "Ice"]}, "Misdreavus": {"name": "Misdreavus", "species": "Misdreavus", "speciesId": "misdreavus", "gender": "M", "shiny": false, "level": 90, "moves": ["shadowball", "willowisp", "calmmind", "drainingkiss"], "ability": "Levitate", "evs": {"hp": 85, "atk": 0, "def": 85, "spa": 85, "spd": 85, "spe": 85}, "ivs": {"hp": 31, "atk": 0, "def": 31, "spa": 31, "spd": 31, "spe": 31}, "item": "Eviolite", "teraType": "Fairy", "role": "Bulky Setup", "bvs": {"hp": 60, "atk": 60, "def": 60, "spa": 85, "spd": 85, "spe": 85}, "stats": {"hp": 254, "atk": 113, "def": 159, "spa": 204, "spd": 204, "spe": 204}, "types": ["Ghost"]}}, {"Crawdaunt": {"name": "Crawdaunt", "species": "Crawdaunt", "speciesId": "crawdaunt", "gender": "M", "shiny": false, "level": 84, "moves": ["closecombat", "aquajet", "knockoff", "crabhammer"], "ability": "Adaptability", "evs": {"hp": 85, "atk": 85, "def": 85, "spa": 85, "spd": 85, "spe": 85}, "ivs": {"hp": 31, "atk": 31, "def": 31, "spa": 31, "spd": 31, "spe": 31}, "item": "Choice Band", "teraType": "Fighting", "role": "Fast Attacker", "bvs": {"hp": 63, "atk": 120, "def": 85, "spa": 90, "spd": 55, "spe": 55}, "stats": {"hp": 243, "atk": 250, "def": 191, "spa": 199, "spd": 141, "spe": 141}, "types": ["Water", "Dark"]}, "Oinkologne": {"name": "Oinkologne", "species": "Oinkologne", "speciesId": "oinkologne", "gender": "M", "shiny": false, "level": 92, "moves": ["highhorsepower", "curse", "lashout", "bodyslam"], "ability": "Thick Fat", "evs": {"hp": 85, "atk": 85, "def": 85, "spa": 85, "spd": 85, "spe": 85}, "ivs": {"hp": 31, "atk": 31, "def": 31, "spa": 31, "spd": 31, "spe": 31}, "item": "Leftovers", "teraType": "Ground", "role": "Bulky Setup", "bvs": {"hp": 110, "atk": 100, "def": 75, "spa": 59, "spd": 80, "spe": 65}, "stats": {"hp": 352, "atk": 236, "def": 190, "spa": 161, "spd": 200, "spe": 172}, "types": ["Normal"]}, "Regirock": {"name": "Regirock", "species": "Regirock", "speciesId": "regirock", "gender": "N", "shiny": false, "level": 83, "moves": ["bodypress", "rest", "stoneedge", "irondefense"], "ability": "Clear Body", "evs": {"hp": 85, "atk": 85, "def": 85, "spa": 85, "spd": 85, "spe": 85}, "ivs": {"hp": 31, "atk": 31, "def": 31, "spa": 31, "spd": 31, "spe": 31}, "item": "Chesto Berry", "teraType": "Fighting", "role": "Bulky Setup", "bvs": {"hp": 80, "atk": 100, "def": 200, "spa": 50, "spd": 100, "spe": 50}, "stats": {"hp": 268, "atk": 214, "def": 380, "spa": 131, "spd": 214, "spe": 131}, "types": ["Rock"]}, "Kyogre": {"name": "Kyogre", "species": "Kyogre", "speciesId": "kyogre", "gender": "N", "shiny": false, "level": 71, "moves": ["icebeam", "originpulse", "waterspout", "thunder"], "ability": "Drizzle", "evs": {"hp": 85, "atk": 0, "def": 85, "spa": 85, "spd": 85, "spe": 85}, "ivs": {"hp": 31, "atk": 0, "def": 31, "spa": 31, "spd": 31, "spe": 31}, "item": "Choice Scarf", "teraType": "Water", "role": "Fast Attacker", "bvs": {"hp": 100, "atk": 100, "def": 90, "spa": 150, "spd": 140, "spe": 90}, "stats": {"hp": 259, "atk": 147, "def": 169, "spa": 254, "spd": 240, "spe": 169}, "types": ["Water"]}, "Moltres": {"name": "Moltres", "species": "Moltres", "speciesId": "moltres", "gender": "N", "shiny": false, "level": 81, "moves": ["fireblast", "bravebird", "willowisp", "roost"], "ability": "Flame Body", "evs": {"hp": 85, "atk": 85, "def": 85, "spa": 85, "spd": 85, "spe": 85}, "ivs": {"hp": 31, "atk": 31, "def": 31, "spa": 31, "spd": 31, "spe": 31}, "item": "Heavy-Duty Boots", "teraType": "Dragon", "role": "Bulky Attacker", "bvs": {"hp": 90, "atk": 100, "def": 90, "spa": 125, "spd": 85, "spe": 90}, "stats": {"hp": 278, "atk": 209, "def": 192, "spa": 249, "spd": 184, "spe": 192}, "types": ["Fire", "Flying"]}, "Wyrdeer": {"name": "Wyrdeer", "species": "Wyrdeer", "speciesId": "wyrdeer", "gender": "F", "shiny": false, "level": 87, "moves": ["earthquake", "psychicnoise", "megahorn", "thunderwave"], "ability": "Intimidate", "evs": {"hp": 85, "atk": 85, "def": 85, "spa": 85, "spd": 85, "spe": 85}, "ivs": {"hp": 31, "atk": 31, "def": 31, "spa": 31, "spd": 31, "spe": 31}, "item": "Leftovers", "teraType": "Ground", "role": "Bulky Attacker", "bvs": {"hp": 103, "atk": 105, "def": 72, "spa": 105, "spd": 75, "spe": 65}, "stats": {"hp": 321, "atk": 232, "def": 175, "spa": 232, "spd": 180, "spe": 163}, "types": ["Normal", "Psychic"]}}]}