{"id": "gen9randombattle-2641464213", "format": "[Gen 9] Random Battle", "players": ["sarodiya", "TriniPlayer"], "log": "|j|\u2606sarodiya\n|j|\u2606TriniPlayer\n|t:|1782788814\n|gametype|singles\n|player|p1|sarodiya|265|1978\n|player|p2|TriniPlayer|acetrainersnow|1992\n|gen|9\n|tier|[Gen 9] Random Battle\n|rated|\n|rule|Species Clause: Limit one of each Pok\u00e9mon\n|rule|HP Percentage Mod: HP is shown in percentages\n|rule|Sleep Clause Mod: Limit one foe put to sleep\n|rule|Illusion Level Mod: Illusion disguises the Pok\u00e9mon's true level\n|\n|t:|1782788814\n|teamsize|p1|6\n|teamsize|p2|6\n|start\n|switch|p1a: Skuntank|Skuntank, L84, F|310/310\n|switch|p2a: Malamar|Malamar, L82, M|275/275\n|turn|1\n|inactive|Battle timer is ON: inactive players will automatically lose when time's up. (requested by TriniPlayer)\n|inactive|sarodiya also wants the timer to be on.\n|\n|t:|1782788821\n|move|p1a: Skuntank|Knock Off|p2a: Malamar\n|-damage|p2a: Malamar|169/275\n|-enditem|p2a: Malamar|Leftovers|[from] move: Knock Off|[of] p1a: Skuntank\n|move|p2a: Malamar|Superpower|p1a: Skuntank\n|-damage|p1a: Skuntank|214/310\n|-boost|p2a: Malamar|atk|1\n|-boost|p2a: Malamar|def|1\n|\n|upkeep\n|turn|2\n|\n|t:|1782788824\n|move|p1a: Skuntank|Gunk Shot|p2a: Malamar\n|-damage|p2a: Malamar|88/275\n|move|p2a: Malamar|Superpower|p1a: Skuntank\n|-damage|p1a: Skuntank|70/310\n|-boost|p2a: Malamar|atk|1\n|-boost|p2a: Malamar|def|1\n|\n|upkeep\n|turn|3\n|\n|t:|1782788829\n|move|p1a: Skuntank|Toxic Spikes|p2a: Malamar\n|-sidestart|p2: TriniPlayer|move: Toxic Spikes\n|move|p2a: Malamar|Rest|p2a: Malamar\n|-status|p2a: Malamar|slp|[from] move: Rest\n|-heal|p2a: Malamar|275/275 slp|[silent]\n|\n|upkeep\n|turn|4\n|\n|t:|1782788835\n|move|p1a: Skuntank|Toxic Spikes|p2a: Malamar\n|-sidestart|p2: TriniPlayer|move: Toxic Spikes\n|cant|p2a: Malamar|slp\n|move|p2a: Malamar|Sleep Talk|p2a: Malamar\n|move|p2a: Malamar|Knock Off|p1a: Skuntank|[from] move: Sleep Talk\n|-resisted|p1a: Skuntank\n|-damage|p1a: Skuntank|0 fnt\n|-damage|p2a: Malamar|207/275 slp|[from] ability: Aftermath|[of] p1a: Skuntank\n|-enditem|p1a: Skuntank|Focus Sash|[from] move: Knock Off|[of] p2a: Malamar\n|faint|p1a: Skuntank\n|\n|upkeep\n|\n|t:|1782788847\n|switch|p1a: Chandelure|Chandelure, L83, M|235/235\n|turn|5\n|\n|t:|1782788852\n|move|p1a: Chandelure|Shadow Ball|p2a: Malamar\n|-damage|p2a: Malamar|65/275 slp\n|cant|p2a: Malamar|slp\n|move|p2a: Malamar|Sleep Talk|p2a: Malamar\n|move|p2a: Malamar|Superpower|p1a: Chandelure|[from] move: Sleep Talk\n|-immune|p1a: Chandelure\n|\n|upkeep\n|turn|6\n|\n|t:|1782788865\n|move|p1a: Chandelure|Shadow Ball|p2a: Malamar\n|-damage|p2a: Malamar|0 fnt\n|faint|p2a: Malamar\n|\n|upkeep\n|\n|t:|1782788875\n|switch|p2a: Glimmora|Glimmora, L75, F|248/248\n|-sideend|p2: TriniPlayer|move: Toxic Spikes|[of] p2a: Glimmora\n|turn|7\n|\n|t:|1782788882\n|move|p1a: Chandelure|Shadow Ball|p2a: Glimmora\n|-damage|p2a: Glimmora|119/248\n|move|p2a: Glimmora|Stealth Rock|p1a: Chandelure\n|-sidestart|p1: sarodiya|move: Stealth Rock\n|\n|upkeep\n|turn|8\n|\n|t:|1782788889\n|move|p1a: Chandelure|Shadow Ball|p2a: Glimmora\n|-damage|p2a: Glimmora|0 fnt\n|faint|p2a: Glimmora\n|\n|upkeep\n|\n|t:|1782788893\n|switch|p2a: Tornadus|Tornadus-Therian, L79, M|254/254\n|turn|9\n|\n|t:|1782788907\n|switch|p1a: Meowstic|Meowstic, L89, M|277/277\n|-damage|p1a: Meowstic|243/277|[from] Stealth Rock\n|move|p2a: Tornadus|Nasty Plot|p2a: Tornadus\n|-boost|p2a: Tornadus|spa|2\n|\n|upkeep\n|turn|10\n|\n|t:|1782788910\n|move|p1a: Meowstic|Thunder Wave|p2a: Tornadus\n|-status|p2a: Tornadus|par\n|move|p2a: Tornadus|Bleakwind Storm|p1a: Meowstic\n|-damage|p1a: Meowstic|35/277\n|\n|upkeep\n|turn|11\n|\n|t:|1782788913\n|move|p1a: Meowstic|Light Screen|p1a: Meowstic\n|-sidestart|p1: sarodiya|move: Light Screen\n|cant|p2a: Tornadus|par\n|\n|upkeep\n|turn|12\n|\n|t:|1782788917\n|move|p1a: Meowstic|Reflect|p1a: Meowstic\n|-sidestart|p1: sarodiya|Reflect\n|cant|p2a: Tornadus|par\n|\n|upkeep\n|turn|13\n|\n|t:|1782788922\n|move|p1a: Meowstic|Psychic Noise|p2a: Tornadus\n|-damage|p2a: Tornadus|172/254 par\n|-start|p2a: Tornadus|move: Heal Block\n|move|p2a: Tornadus|Bleakwind Storm|p1a: Meowstic|[miss]\n|-miss|p2a: Tornadus|p1a: Meowstic\n|\n|upkeep\n|turn|14\n|\n|t:|1782788925\n|move|p1a: Meowstic|Psychic Noise|p2a: Tornadus\n|-damage|p2a: Tornadus|91/254 par\n|cant|p2a: Tornadus|par\n|\n|-end|p2a: Tornadus|move: Heal Block\n|upkeep\n|turn|15\n|\n|t:|1782788929\n|move|p1a: Meowstic|Psychic Noise|p2a: Tornadus\n|-damage|p2a: Tornadus|9/254 par\n|-start|p2a: Tornadus|move: Heal Block\n|move|p2a: Tornadus|Heat Wave|p1a: Meowstic\n|-damage|p1a: Meowstic|0 fnt\n|faint|p1a: Meowstic\n|\n|upkeep\n|\n|t:|1782788931\n|switch|p1a: Morpeko|Morpeko, L88, F|245/245\n|turn|16\n|\n|t:|1782788943\n|switch|p2a: Beartic|Beartic, L91, M|321/321\n|move|p1a: Morpeko|Rapid Spin|p2a: Beartic\n|-damage|p2a: Beartic|281/321\n|-boost|p1a: Morpeko|spe|1\n|-sideend|p1: sarodiya|Stealth Rock|[from] move: Rapid Spin|[of] p1a: Morpeko\n|\n|-formechange|p1a: Morpeko|Morpeko-Hangry||[from] ability: Hunger Switch\n|upkeep\n|turn|17\n|\n|t:|1782788953\n|move|p1a: Morpeko|Parting Shot|p2a: Beartic\n|-unboost|p2a: Beartic|atk|1\n|-unboost|p2a: Beartic|spa|1\n|\n|t:|1782788955\n|switch|p1a: Manaphy|Manaphy, L78|284/284|[from] Parting Shot\n|move|p2a: Beartic|Icicle Crash|p1a: Manaphy|[miss]\n|-miss|p2a: Beartic|p1a: Manaphy\n|\n|upkeep\n|turn|18\n|-message|TriniPlayer forfeited.\n|\n|win|sarodiya\n", "inputlog": ">version f8ac14003a5f27e1bdc8d8c59608a773c1cb96e5\n>start {\"formatid\":\"gen9randombattle\",\"seed\":\"sodium,eabaf20afb34c2bf14463003480e83cb\",\"rated\":\"Rated battle\"}\n>player p1 {\"name\":\"sarodiya\",\"avatar\":\"265\",\"rating\":1978,\"seed\":\"sodium,d149671329fe6edcf42f47d7b19a636a\"}\n>player p2 {\"name\":\"TriniPlayer\",\"avatar\":\"acetrainersnow\",\"rating\":1992,\"seed\":\"sodium,8ea7dcf8c5f54c5a7ac0db59c0d28c78\"}\n>p1 move knockoff\n>p2 move superpower\n>p1 move gunkshot\n>p2 move superpower\n>p1 move toxicspikes\n>p2 move rest\n>p1 move toxicspikes\n>p2 move sleeptalk\n>p1 switch 4\n>p1 move shadowball\n>p2 move sleeptalk\n>p1 move shadowball\n>p2 move knockoff\n>p2 switch 5\n>p1 move shadowball\n>p2 move stealthrock\n>p1 move shadowball\n>p2 move earthpower\n>p2 switch 4\n>p1 switch 5\n>p2 move nastyplot\n>p1 move thunderwave\n>p2 move bleakwindstorm\n>p1 move lightscreen\n>p2 move heatwave\n>p1 move reflect\n>p2 move nastyplot\n>p1 move psychicnoise\n>p2 move bleakwindstorm\n>p1 move psychicnoise\n>p2 move bleakwindstorm\n>p1 move psychicnoise\n>p2 move heatwave\n>p1 switch 3\n>p1 move rapidspin\n>p2 switch 3\n>p1 move partingshot\n>p2 move iciclecrash\n>p1 switch 2\n>forcelose p2", "uploadtime": 1782788818, "views": 3, "formatid": "gen9randombattle", "rating": null, "private": 0, "password": null, "player_dets": [{"name": "sarodiya", "avatar": "265", "rating": 1978, "seed": "sodium,d149671329fe6edcf42f47d7b19a636a"}, {"name": "TriniPlayer", "avatar": "acetrainersnow", "rating": 1992, "seed": "sodium,8ea7dcf8c5f54c5a7ac0db59c0d28c78"}], "teams_full": [{"Skuntank": {"name": "Skuntank", "species": "Skuntank", "speciesId": "skuntank", "gender": "F", "shiny": false, "level": 84, "moves": ["gunkshot", "suckerpunch", "toxicspikes", "knockoff"], "ability": "Aftermath", "evs": {"hp": 85, "atk": 85, "def": 85, "spa": 85, "spd": 85, "spe": 85}, "ivs": {"hp": 31, "atk": 31, "def": 31, "spa": 31, "spd": 31, "spe": 31}, "item": "Focus Sash", "teraType": "Poison", "role": "Fast Support", "bvs": {"hp": 103, "atk": 93, "def": 67, "spa": 71, "spd": 61, "spe": 84}, "stats": {"hp": 310, "atk": 204, "def": 161, "spa": 167, "spd": 151, "spe": 189}, "types": ["Poison", "Dark"]}, "Manaphy": {"name": "Manaphy", "species": "Manaphy", "speciesId": "manaphy", "gender": "N", "shiny": false, "level": 78, "moves": ["surf", "tailglow", "energyball", "icebeam"], "ability": "Hydration", "evs": {"hp": 85, "atk": 0, "def": 85, "spa": 85, "spd": 85, "spe": 85}, "ivs": {"hp": 31, "atk": 0, "def": 31, "spa": 31, "spd": 31, "spe": 31}, "item": "Leftovers", "teraType": "Grass", "role": "Bulky Setup", "bvs": {"hp": 100, "atk": 100, "def": 100, "spa": 100, "spd": 100, "spe": 100}, "stats": {"hp": 284, "atk": 161, "def": 201, "spa": 201, "spd": 201, "spe": 201}, "types": ["Water"]}, "Morpeko": {"name": "Morpeko", "species": "Morpeko", "speciesId": "morpeko", "gender": "F", "shiny": false, "level": 88, "moves": ["partingshot", "rapidspin", "aurawheel", "protect"], "ability": "Hunger Switch", "evs": {"hp": 85, "atk": 85, "def": 85, "spa": 85, "spd": 85, "spe": 85}, "ivs": {"hp": 31, "atk": 31, "def": 31, "spa": 31, "spd": 31, "spe": 31}, "item": "Heavy-Duty Boots", "teraType": "Electric", "role": "Fast Support", "bvs": {"hp": 58, "atk": 95, "def": 58, "spa": 70, "spd": 58, "spe": 97}, "stats": {"hp": 245, "atk": 217, "def": 152, "spa": 173, "spd": 152, "spe": 221}, "types": ["Electric", "Dark"]}, "Chandelure": {"name": "Chandelure", "species": "Chandelure", "speciesId": "chandelure", "gender": "M", "shiny": false, "level": 83, "moves": ["shadowball", "calmmind", "substitute", "fireblast"], "ability": "Flash Fire", "evs": {"hp": 85, "atk": 0, "def": 85, "spa": 85, "spd": 85, "spe": 85}, "ivs": {"hp": 31, "atk": 0, "def": 31, "spa": 31, "spd": 31, "spe": 31}, "item": "Leftovers", "teraType": "Fire", "role": "Fast Bulky Setup", "bvs": {"hp": 60, "atk": 55, "def": 90, "spa": 145, "spd": 90, "spe": 80}, "stats": {"hp": 235, "atk": 96, "def": 197, "spa": 288, "spd": 197, "spe": 180}, "types": ["Ghost", "Fire"]}, "Meowstic": {"name": "Meowstic", "species": "Meowstic", "speciesId": "meowstic", "gender": "M", "shiny": false, "level": 89, "moves": ["reflect", "psychicnoise", "thunderwave", "lightscreen"], "ability": "Prankster", "evs": {"hp": 85, "atk": 0, "def": 85, "spa": 85, "spd": 85, "spe": 85}, "ivs": {"hp": 31, "atk": 0, "def": 31, "spa": 31, "spd": 31, "spe": 31}, "item": "Light Clay", "teraType": "Fairy", "role": "Bulky Support", "bvs": {"hp": 74, "atk": 48, "def": 76, "spa": 83, "spd": 81, "spe": 104}, "stats": {"hp": 277, "atk": 90, "def": 186, "spa": 199, "spd": 195, "spe": 236}, "types": ["Psychic"]}, "Banette": {"name": "Banette", "species": "Banette", "speciesId": "banette", "gender": "F", "shiny": false, "level": 93, "moves": ["thunderwave", "gunkshot", "poltergeist", "shadowsneak"], "ability": "Insomnia", "evs": {"hp": 85, "atk": 85, "def": 85, "spa": 85, "spd": 85, "spe": 85}, "ivs": {"hp": 31, "atk": 31, "def": 31, "spa": 31, "spd": 31, "spe": 31}, "item": "Life Orb", "teraType": "Ghost", "role": "Wallbreaker", "bvs": {"hp": 64, "atk": 115, "def": 65, "spa": 83, "spd": 63, "spe": 65}, "stats": {"hp": 270, "atk": 267, "def": 174, "spa": 207, "spd": 170, "spe": 174}, "types": ["Ghost"]}}, {"Malamar": {"name": "Malamar", "species": "Malamar", "speciesId": "malamar", "gender": "M", "shiny": false, "level": 82, "moves": ["knockoff", "sleeptalk", "rest", "superpower"], "ability": "Contrary", "evs": {"hp": 85, "atk": 85, "def": 85, "spa": 85, "spd": 85, "spe": 85}, "ivs": {"hp": 31, "atk": 31, "def": 31, "spa": 31, "spd": 31, "spe": 31}, "item": "Leftovers", "teraType": "Poison", "role": "Bulky Setup", "bvs": {"hp": 86, "atk": 92, "def": 88, "spa": 68, "spd": 75, "spe": 73}, "stats": {"hp": 275, "atk": 198, "def": 191, "spa": 159, "spd": 170, "spe": 167}, "types": ["Dark", "Psychic"]}, "Hatterene": {"name": "Hatterene", "species": "Hatterene", "speciesId": "hatterene", "gender": "F", "shiny": false, "level": 85, "moves": ["psyshock", "mysticalfire", "drainingkiss", "calmmind"], "ability": "Magic Bounce", "evs": {"hp": 85, "atk": 0, "def": 85, "spa": 85, "spd": 85, "spe": 85}, "ivs": {"hp": 31, "atk": 0, "def": 31, "spa": 31, "spd": 31, "spe": 31}, "item": "Leftovers", "teraType": "Fairy", "role": "Bulky Setup", "bvs": {"hp": 57, "atk": 90, "def": 95, "spa": 136, "spd": 103, "spe": 29}, "stats": {"hp": 236, "atk": 158, "def": 210, "spa": 280, "spd": 224, "spe": 98}, "types": ["Psychic", "Fairy"]}, "Beartic": {"name": "Beartic", "species": "Beartic", "speciesId": "beartic", "gender": "M", "shiny": false, "level": 91, "moves": ["iciclecrash", "closecombat", "aquajet", "swordsdance"], "ability": "Swift Swim", "evs": {"hp": 85, "atk": 85, "def": 85, "spa": 85, "spd": 85, "spe": 85}, "ivs": {"hp": 31, "atk": 31, "def": 31, "spa": 31, "spd": 31, "spe": 31}, "item": "Heavy-Duty Boots", "teraType": "Fighting", "role": "Wallbreaker", "bvs": {"hp": 95, "atk": 130, "def": 80, "spa": 70, "spd": 80, "spe": 50}, "stats": {"hp": 321, "atk": 288, "def": 197, "spa": 179, "spd": 197, "spe": 143}, "types": ["Ice"]}, "Tornadus": {"name": "Tornadus", "species": "Tornadus-Therian", "speciesId": "tornadustherian", "gender": "M", "shiny": false, "level": 79, "moves": ["nastyplot", "grassknot", "heatwave", "bleakwindstorm"], "ability": "Regenerator", "evs": {"hp": 85, "atk": 0, "def": 85, "spa": 85, "spd": 85, "spe": 85}, "ivs": {"hp": 31, "atk": 0, "def": 31, "spa": 31, "spd": 31, "spe": 31}, "item": "Heavy-Duty Boots", "teraType": "Flying", "role": "Fast Attacker", "bvs": {"hp": 79, "atk": 100, "def": 80, "spa": 110, "spd": 90, "spe": 121}, "stats": {"hp": 254, "atk": 163, "def": 172, "spa": 219, "spd": 188, "spe": 237}, "types": ["Flying"]}, "Glimmora": {"name": "Glimmora", "species": "Glimmora", "speciesId": "glimmora", "gender": "F", "shiny": false, "level": 75, "moves": ["mortalspin", "earthpower", "sludgewave", "stealthrock"], "ability": "Toxic Debris", "evs": {"hp": 85, "atk": 85, "def": 85, "spa": 85, "spd": 85, "spe": 85}, "ivs": {"hp": 31, "atk": 31, "def": 31, "spa": 31, "spd": 31, "spe": 31}, "item": "Heavy-Duty Boots", "teraType": "Ground", "role": "Fast Support", "bvs": {"hp": 83, "atk": 55, "def": 90, "spa": 130, "spd": 81, "spe": 86}, "stats": {"hp": 248, "atk": 126, "def": 179, "spa": 239, "spd": 165, "spe": 173}, "types": ["Rock", "Poison"]}, "Scizor": {"name": "Scizor", "species": "Scizor", "speciesId": "scizor", "gender": "F", "shiny": false, "level": 79, "moves": ["bulletpunch", "closecombat", "uturn", "knockoff"], "ability": "Technician", "evs": {"hp": 85, "atk": 85, "def": 85, "spa": 85, "spd": 85, "spe": 85}, "ivs": {"hp": 31, "atk": 31, "def": 31, "spa": 31, "spd": 31, "spe": 31}, "item": "Choice Band", "teraType": "Steel", "role": "Bulky Support", "bvs": {"hp": 70, "atk": 130, "def": 100, "spa": 55, "spd": 80, "spe": 65}, "stats": {"hp": 240, "atk": 251, "def": 204, "spa": 132, "spd": 172, "spe": 148}, "types": ["Bug", "Steel"]}}]}