{"id": "gen9randombattle-2641215739", "format": "[Gen 9] Random Battle", "players": ["Bbbnjjkii", "uanm18"], "log": "|j|\u2606Bbbnjjkii\n|j|\u2606uanm18\n|t:|1782754803\n|gametype|singles\n|player|p1|Bbbnjjkii|2|1000\n|player|p2|uanm18|101|1000\n|gen|9\n|tier|[Gen 9] Random Battle\n|rated|\n|rule|Species Clause: Limit one of each Pok\u00e9mon\n|rule|HP Percentage Mod: HP is shown in percentages\n|rule|Sleep Clause Mod: Limit one foe put to sleep\n|rule|Illusion Level Mod: Illusion disguises the Pok\u00e9mon's true level\n|\n|t:|1782754803\n|teamsize|p1|6\n|teamsize|p2|6\n|start\n|switch|p1a: Mudsdale|Mudsdale, L83, F|302/302\n|switch|p2a: Smeargle|Smeargle, L95, M|258/258\n|turn|1\n|inactive|Battle timer is ON: inactive players will automatically lose when time's up. (requested by uanm18)\n|\n|t:|1782754820\n|switch|p1a: Farigiraf|Farigiraf, L90, F|362/362\n|move|p2a: Smeargle|Spore|p1a: Farigiraf\n|-ability|p1a: Farigiraf|Sap Sipper|boost\n|-boost|p1a: Farigiraf|atk|1\n|\n|upkeep\n|turn|2\n|\n|t:|1782754829\n|move|p2a: Smeargle|Sticky Web|p1a: Farigiraf\n|-sidestart|p1: Bbbnjjkii|move: Sticky Web\n|move|p1a: Farigiraf|Body Slam|p2a: Smeargle\n|-damage|p2a: Smeargle|5/258\n|-status|p2a: Smeargle|par\n|\n|upkeep\n|turn|3\n|\n|t:|1782754837\n|move|p1a: Farigiraf|Psychic Noise|p2a: Smeargle\n|-damage|p2a: Smeargle|0 fnt\n|faint|p2a: Smeargle\n|\n|upkeep\n|\n|t:|1782754862\n|switch|p2a: Tinkaton|Tinkaton, L82, F|274/274\n|-ability|p2a: Tinkaton|Mold Breaker\n|turn|4\n|\n|t:|1782754868\n|move|p2a: Tinkaton|Swords Dance|p2a: Tinkaton\n|-boost|p2a: Tinkaton|atk|2\n|move|p1a: Farigiraf|Body Slam|p2a: Tinkaton\n|-resisted|p2a: Tinkaton\n|-damage|p2a: Tinkaton|189/274\n|\n|-heal|p2a: Tinkaton|206/274|[from] item: Leftovers\n|upkeep\n|turn|5\n|\n|t:|1782754880\n|move|p2a: Tinkaton|Play Rough|p1a: Farigiraf\n|-damage|p1a: Farigiraf|196/362\n|move|p1a: Farigiraf|Body Slam|p2a: Tinkaton\n|-resisted|p2a: Tinkaton\n|-damage|p2a: Tinkaton|116/274\n|-status|p2a: Tinkaton|par\n|\n|-heal|p1a: Farigiraf|218/362|[from] item: Leftovers\n|-heal|p2a: Tinkaton|133/274 par|[from] item: Leftovers\n|upkeep\n|turn|6\n|\n|t:|1782754892\n|move|p1a: Farigiraf|Protect|p1a: Farigiraf\n|-singleturn|p1a: Farigiraf|Protect\n|move|p2a: Tinkaton|Gigaton Hammer|p1a: Farigiraf\n|-activate|p1a: Farigiraf|move: Protect\n|\n|-heal|p1a: Farigiraf|240/362|[from] item: Leftovers\n|-heal|p2a: Tinkaton|150/274 par|[from] item: Leftovers\n|upkeep\n|turn|7\n|\n|t:|1782754901\n|move|p1a: Farigiraf|Wish|p1a: Farigiraf\n|move|p2a: Tinkaton|Swords Dance|p2a: Tinkaton\n|-boost|p2a: Tinkaton|atk|2\n|\n|-heal|p1a: Farigiraf|262/362|[from] item: Leftovers\n|-heal|p2a: Tinkaton|167/274 par|[from] item: Leftovers\n|upkeep\n|turn|8\n|\n|t:|1782754910\n|move|p1a: Farigiraf|Body Slam|p2a: Tinkaton\n|-resisted|p2a: Tinkaton\n|-damage|p2a: Tinkaton|78/274 par\n|move|p2a: Tinkaton|Swords Dance|p2a: Tinkaton\n|-boost|p2a: Tinkaton|atk|2\n|\n|-heal|p1a: Farigiraf|362/362|[from] move: Wish|[wisher] Farigiraf\n|-heal|p2a: Tinkaton|95/274 par|[from] item: Leftovers\n|upkeep\n|turn|9\n|\n|t:|1782754921\n|move|p1a: Farigiraf|Body Slam|p2a: Tinkaton\n|-resisted|p2a: Tinkaton\n|-damage|p2a: Tinkaton|17/274 par\n|move|p2a: Tinkaton|Gigaton Hammer|p1a: Farigiraf\n|-damage|p1a: Farigiraf|0 fnt\n|faint|p1a: Farigiraf\n|\n|-heal|p2a: Tinkaton|34/274 par|[from] item: Leftovers\n|upkeep\n|\n|t:|1782754935\n|switch|p1a: Altaria|Altaria, L89, F|278/278\n|turn|10\n|\n|t:|1782754942\n|move|p1a: Altaria|Defog|p2a: Tinkaton\n|-unboost|p2a: Tinkaton|evasion|1\n|-sideend|p1: Bbbnjjkii|Sticky Web|[from] move: Defog|[of] p1a: Altaria\n|move|p2a: Tinkaton|Play Rough|p1a: Altaria\n|-supereffective|p1a: Altaria\n|-damage|p1a: Altaria|0 fnt\n|faint|p1a: Altaria\n|\n|-heal|p2a: Tinkaton|51/274 par|[from] item: Leftovers\n|upkeep\n|\n|t:|1782754953\n|switch|p1a: Mudsdale|Mudsdale, L83, F|302/302\n|turn|11\n|\n|t:|1782754959\n|move|p1a: Mudsdale|Earthquake|p2a: Tinkaton\n|-supereffective|p2a: Tinkaton\n|-damage|p2a: Tinkaton|0 fnt\n|faint|p2a: Tinkaton\n|\n|upkeep\n|\n|t:|1782754973\n|switch|p2a: Lanturn|Lanturn, L89, F|367/367\n|turn|12\n|\n|t:|1782754979\n|-terastallize|p2a: Lanturn|Flying\n|move|p2a: Lanturn|Scald|p1a: Mudsdale\n|-supereffective|p1a: Mudsdale\n|-damage|p1a: Mudsdale|134/302\n|-ability|p1a: Mudsdale|Stamina|boost\n|-boost|p1a: Mudsdale|def|1\n|move|p1a: Mudsdale|Earthquake|p2a: Lanturn\n|-immune|p2a: Lanturn\n|\n|-heal|p1a: Mudsdale|152/302|[from] item: Leftovers\n|upkeep\n|turn|13\n|\n|t:|1782754992\n|switch|p1a: Regigigas|Regigigas, L84|322/322\n|-start|p1a: Regigigas|ability: Slow Start\n|move|p2a: Lanturn|Scald|p1a: Regigigas\n|-damage|p1a: Regigigas|249/322\n|-status|p1a: Regigigas|brn\n|\n|-heal|p1a: Regigigas|269/322 brn|[from] item: Leftovers\n|-damage|p1a: Regigigas|249/322 brn|[from] brn\n|upkeep\n|turn|14\n|\n|t:|1782755009\n|move|p2a: Lanturn|Thunderbolt|p1a: Regigigas\n|-damage|p1a: Regigigas|177/322 brn\n|move|p1a: Regigigas|Knock Off|p2a: Lanturn\n|-damage|p2a: Lanturn|336/367\n|-enditem|p2a: Lanturn|Leftovers|[from] move: Knock Off|[of] p1a: Regigigas\n|\n|-heal|p1a: Regigigas|197/322 brn|[from] item: Leftovers\n|-damage|p1a: Regigigas|177/322 brn|[from] brn\n|upkeep\n|turn|15\n|\n|t:|1782755023\n|move|p1a: Regigigas|Protect|p1a: Regigigas\n|-singleturn|p1a: Regigigas|Protect\n|move|p2a: Lanturn|Scald|p1a: Regigigas\n|-activate|p1a: Regigigas|move: Protect\n|\n|-heal|p1a: Regigigas|197/322 brn|[from] item: Leftovers\n|-damage|p1a: Regigigas|177/322 brn|[from] brn\n|upkeep\n|turn|16\n|\n|t:|1782755033\n|move|p2a: Lanturn|Thunderbolt|p1a: Regigigas\n|-damage|p1a: Regigigas|98/322 brn\n|move|p1a: Regigigas|Body Slam|p2a: Lanturn\n|-damage|p2a: Lanturn|297/367\n|-status|p2a: Lanturn|par\n|\n|-heal|p1a: Regigigas|118/322 brn|[from] item: Leftovers\n|-damage|p1a: Regigigas|98/322 brn|[from] brn\n|upkeep\n|turn|17\n|\n|t:|1782755049\n|move|p1a: Regigigas|Protect|p1a: Regigigas\n|-singleturn|p1a: Regigigas|Protect\n|move|p2a: Lanturn|Thunderbolt|p1a: Regigigas\n|-activate|p1a: Regigigas|move: Protect\n|\n|-heal|p1a: Regigigas|118/322 brn|[from] item: Leftovers\n|-damage|p1a: Regigigas|98/322 brn|[from] brn\n|upkeep\n|turn|18\n|\n|t:|1782755059\n|move|p1a: Regigigas|Body Slam|p2a: Lanturn\n|-damage|p2a: Lanturn|255/367 par\n|move|p2a: Lanturn|Thunderbolt|p1a: Regigigas\n|-damage|p1a: Regigigas|28/322 brn\n|\n|-heal|p1a: Regigigas|48/322 brn|[from] item: Leftovers\n|-damage|p1a: Regigigas|28/322 brn|[from] brn\n|-end|p1a: Regigigas|Slow Start\n|upkeep\n|turn|19\n|\n|t:|1782755069\n|move|p1a: Regigigas|Body Slam|p2a: Lanturn\n|-damage|p2a: Lanturn|165/367 par\n|move|p2a: Lanturn|Thunderbolt|p1a: Regigigas\n|-damage|p1a: Regigigas|0 fnt\n|faint|p1a: Regigigas\n|-end|p1a: Regigigas|Slow Start|[silent]\n|\n|upkeep\n|\n|t:|1782755077\n|switch|p1a: Mudsdale|Mudsdale, L83, F|152/302\n|turn|20\n|\n|t:|1782755081\n|move|p1a: Mudsdale|Stone Edge|p2a: Lanturn\n|-supereffective|p2a: Lanturn\n|-damage|p2a: Lanturn|0 fnt\n|faint|p2a: Lanturn\n|\n|-heal|p1a: Mudsdale|170/302|[from] item: Leftovers\n|upkeep\n|\n|t:|1782755098\n|switch|p2a: Empoleon|Empoleon, L84, M|278/278\n|turn|21\n|\n|t:|1782755102\n|move|p2a: Empoleon|Surf|p1a: Mudsdale\n|-supereffective|p1a: Mudsdale\n|-damage|p1a: Mudsdale|0 fnt\n|faint|p1a: Mudsdale\n|\n|upkeep\n|\n|t:|1782755113\n|switch|p1a: Zacian|Zacian-Crowned, L64|225/225\n|-ability|p1a: Zacian|Intrepid Sword|boost\n|-boost|p1a: Zacian|atk|1\n|turn|22\n|\n|t:|1782755121\n|move|p1a: Zacian|Swords Dance|p1a: Zacian\n|-boost|p1a: Zacian|atk|2\n|move|p2a: Empoleon|Surf|p1a: Zacian\n|-damage|p1a: Zacian|117/225\n|\n|upkeep\n|turn|23\n|\n|t:|1782755128\n|move|p1a: Zacian|Close Combat|p2a: Empoleon\n|-supereffective|p2a: Empoleon\n|-damage|p2a: Empoleon|0 fnt\n|-unboost|p1a: Zacian|def|1\n|-unboost|p1a: Zacian|spd|1\n|faint|p2a: Empoleon\n|\n|upkeep\n|\n|t:|1782755135\n|switch|p2a: Florges|Florges, L85, F|271/271\n|turn|24\n|\n|t:|1782755144\n|move|p1a: Zacian|Behemoth Blade|p2a: Florges\n|-supereffective|p2a: Florges\n|-damage|p2a: Florges|0 fnt\n|faint|p2a: Florges\n|\n|upkeep\n|\n|t:|1782755150\n|switch|p2a: Snorlax|Snorlax, L82, M|397/397\n|turn|25\n|\n|t:|1782755156\n|-terastallize|p1a: Zacian|Fighting\n|move|p1a: Zacian|Close Combat|p2a: Snorlax\n|-supereffective|p2a: Snorlax\n|-damage|p2a: Snorlax|0 fnt\n|-unboost|p1a: Zacian|def|1\n|-unboost|p1a: Zacian|spd|1\n|faint|p2a: Snorlax\n|\n|win|Bbbnjjkii\n|raw|Bbbnjjkii's rating: 1000 &rarr; <strong>1040</strong><br />(+40 for winning)\n|raw|uanm18's rating: 1000 &rarr; <strong>1000</strong><br />(+0 for losing)\n|l|\u2606uanm18\n|player|p2|\n", "inputlog": ">version f8ac14003a5f27e1bdc8d8c59608a773c1cb96e5\n>start {\"formatid\":\"gen9randombattle\",\"seed\":\"sodium,f233ca2102ce52ade84331d199435b3a\",\"rated\":\"Rated battle\"}\n>player p1 {\"name\":\"Bbbnjjkii\",\"avatar\":\"2\",\"rating\":1000,\"seed\":\"sodium,4692abe566777c173a909531a26515f0\"}\n>player p2 {\"name\":\"uanm18\",\"avatar\":\"101\",\"rating\":1000,\"seed\":\"sodium,a65d4b9bac62c742f1c05fd7c87a8eef\"}\n>p1 switch 4\n>p2 move spore\n>p1 move bodyslam\n>p2 move stickyweb\n>p1 move psychicnoise\n>p2 move stealthrock\n>p2 switch 4\n>p1 move bodyslam\n>p2 move swordsdance\n>p1 move bodyslam\n>p2 move playrough\n>p1 move protect\n>p2 move gigatonhammer\n>p1 move wish\n>p2 move swordsdance\n>p1 move bodyslam\n>p2 move swordsdance\n>p1 move bodyslam\n>p2 move gigatonhammer\n>p1 switch 2\n>p1 move defog\n>p2 move playrough\n>p1 switch 4\n>p1 move earthquake\n>p2 move playrough\n>p2 switch 3\n>p1 move earthquake\n>p2 move scald terastallize\n>p1 switch 5\n>p2 move scald\n>p1 move knockoff\n>p2 move thunderbolt\n>p1 move protect\n>p2 move scald\n>p1 move bodyslam\n>p2 move thunderbolt\n>p1 move protect\n>p2 move thunderbolt\n>p1 move bodyslam\n>p2 move thunderbolt\n>p1 move bodyslam\n>p2 move thunderbolt\n>p1 switch 5\n>p1 move stoneedge\n>p2 move scald\n>p2 switch 2\n>p1 move earthquake\n>p2 move surf\n>p1 switch 3\n>p1 move swordsdance\n>p2 move surf\n>p1 move closecombat\n>p2 move surf\n>p2 switch 6\n>p1 move behemothblade\n>p2 move moonblast\n>p2 switch 5\n>p1 move closecombat terastallize\n>p2 move crunch", "uploadtime": 1782755169, "views": 4, "formatid": "gen9randombattle", "rating": 1000, "private": 0, "password": null, "player_dets": [{"name": "Bbbnjjkii", "avatar": "2", "rating": 1000, "seed": "sodium,4692abe566777c173a909531a26515f0"}, {"name": "uanm18", "avatar": "101", "rating": 1000, "seed": "sodium,a65d4b9bac62c742f1c05fd7c87a8eef"}], "teams_full": [{"Mudsdale": {"name": "Mudsdale", "species": "Mudsdale", "speciesId": "mudsdale", "gender": "F", "shiny": false, "level": 83, "moves": ["stoneedge", "heavyslam", "roar", "earthquake"], "ability": "Stamina", "evs": {"hp": 85, "atk": 85, "def": 85, "spa": 85, "spd": 85, "spe": 85}, "ivs": {"hp": 31, "atk": 31, "def": 31, "spa": 31, "spd": 31, "spe": 31}, "item": "Leftovers", "teraType": "Steel", "role": "Bulky Attacker", "bvs": {"hp": 100, "atk": 125, "def": 100, "spa": 55, "spd": 85, "spe": 35}, "stats": {"hp": 302, "atk": 255, "def": 214, "spa": 139, "spd": 189, "spe": 106}, "types": ["Ground"]}, "Altaria": {"name": "Altaria", "species": "Altaria", "speciesId": "altaria", "gender": "F", "shiny": false, "level": 89, "moves": ["defog", "bravebird", "haze", "roost"], "ability": "Natural Cure", "evs": {"hp": 85, "atk": 85, "def": 85, "spa": 85, "spd": 85, "spe": 85}, "ivs": {"hp": 31, "atk": 31, "def": 31, "spa": 31, "spd": 31, "spe": 31}, "item": "Heavy-Duty Boots", "teraType": "Steel", "role": "Bulky Support", "bvs": {"hp": 75, "atk": 70, "def": 90, "spa": 70, "spd": 105, "spe": 80}, "stats": {"hp": 278, "atk": 175, "def": 211, "spa": 175, "spd": 238, "spe": 193}, "types": ["Dragon", "Flying"]}, "Zacian": {"name": "Zacian", "species": "Zacian", "speciesId": "zaciancrowned", "gender": "N", "shiny": false, "level": 64, "moves": ["playrough", "behemothblade", "closecombat", "swordsdance"], "ability": "Intrepid Sword", "evs": {"hp": 85, "atk": 85, "def": 85, "spa": 85, "spd": 85, "spe": 85}, "ivs": {"hp": 31, "atk": 31, "def": 31, "spa": 31, "spd": 31, "spe": 31}, "item": "Rusted Sword", "teraType": "Fighting", "role": "Setup Sweeper", "bvs": {"hp": 92, "atk": 150, "def": 115, "spa": 80, "spd": 115, "spe": 148}, "stats": {"hp": 225, "atk": 230, "def": 185, "spa": 140, "spd": 185, "spe": 227}, "types": ["Fairy", "Steel"]}, "Farigiraf": {"name": "Farigiraf", "species": "Farigiraf", "speciesId": "farigiraf", "gender": "F", "shiny": false, "level": 90, "moves": ["psychicnoise", "protect", "bodyslam", "wish"], "ability": "Sap Sipper", "evs": {"hp": 85, "atk": 85, "def": 85, "spa": 85, "spd": 85, "spe": 85}, "ivs": {"hp": 31, "atk": 31, "def": 31, "spa": 31, "spd": 31, "spe": 31}, "item": "Leftovers", "teraType": "Ground", "role": "Bulky Support", "bvs": {"hp": 120, "atk": 90, "def": 70, "spa": 110, "spd": 70, "spe": 60}, "stats": {"hp": 362, "atk": 213, "def": 177, "spa": 249, "spd": 177, "spe": 159}, "types": ["Normal", "Psychic"]}, "Regigigas": {"name": "Regigigas", "species": "Regigigas", "speciesId": "regigigas", "gender": "N", "shiny": false, "level": 84, "moves": ["knockoff", "protect", "substitute", "bodyslam"], "ability": "Slow Start", "evs": {"hp": 85, "atk": 85, "def": 85, "spa": 85, "spd": 85, "spe": 85}, "ivs": {"hp": 31, "atk": 31, "def": 31, "spa": 31, "spd": 31, "spe": 31}, "item": "Leftovers", "teraType": "Poison", "role": "Bulky Attacker", "bvs": {"hp": 110, "atk": 160, "def": 110, "spa": 80, "spd": 110, "spe": 100}, "stats": {"hp": 322, "atk": 317, "def": 233, "spa": 183, "spd": 233, "spe": 216}, "types": ["Normal"]}, "Slowbro": {"name": "Slowbro", "species": "Slowbro-Galar", "speciesId": "slowbrogalar", "gender": "F", "shiny": false, "level": 87, "moves": ["thunderwave", "psychic", "slackoff", "shellsidearm"], "ability": "Regenerator", "evs": {"hp": 85, "atk": 85, "def": 85, "spa": 85, "spd": 85, "spe": 85}, "ivs": {"hp": 31, "atk": 31, "def": 31, "spa": 31, "spd": 31, "spe": 31}, "item": "Leftovers", "teraType": "Dark", "role": "Bulky Attacker", "bvs": {"hp": 95, "atk": 100, "def": 95, "spa": 100, "spd": 70, "spe": 30}, "stats": {"hp": 307, "atk": 224, "def": 215, "spa": 224, "spd": 172, "spe": 102}, "types": ["Poison", "Psychic"]}}, {"Smeargle": {"name": "Smeargle", "species": "Smeargle", "speciesId": "smeargle", "gender": "M", "shiny": false, "level": 95, "moves": ["spore", "stickyweb", "ceaselessedge", "stealthrock"], "ability": "Own Tempo", "evs": {"hp": 85, "atk": 85, "def": 85, "spa": 85, "spd": 85, "spe": 85}, "ivs": {"hp": 31, "atk": 31, "def": 31, "spa": 31, "spd": 31, "spe": 31}, "item": "Focus Sash", "teraType": "Ghost", "role": "Fast Support", "bvs": {"hp": 55, "atk": 20, "def": 35, "spa": 20, "spd": 45, "spe": 75}, "stats": {"hp": 258, "atk": 92, "def": 120, "spa": 92, "spd": 139, "spe": 196}, "types": ["Normal"]}, "Empoleon": {"name": "Empoleon", "species": "Empoleon", "speciesId": "empoleon", "gender": "M", "shiny": false, "level": 84, "moves": ["icebeam", "surf", "flipturn", "roost"], "ability": "Competitive", "evs": {"hp": 85, "atk": 85, "def": 85, "spa": 85, "spd": 85, "spe": 85}, "ivs": {"hp": 31, "atk": 31, "def": 31, "spa": 31, "spd": 31, "spe": 31}, "item": "Leftovers", "teraType": "Grass", "role": "Bulky Support", "bvs": {"hp": 84, "atk": 86, "def": 88, "spa": 111, "spd": 101, "spe": 60}, "stats": {"hp": 278, "atk": 193, "def": 196, "spa": 235, "spd": 218, "spe": 149}, "types": ["Water", "Steel"]}, "Lanturn": {"name": "Lanturn", "species": "Lanturn", "speciesId": "lanturn", "gender": "F", "shiny": false, "level": 89, "moves": ["thunderwave", "scald", "icebeam", "thunderbolt"], "ability": "Volt Absorb", "evs": {"hp": 85, "atk": 0, "def": 85, "spa": 85, "spd": 85, "spe": 85}, "ivs": {"hp": 31, "atk": 0, "def": 31, "spa": 31, "spd": 31, "spe": 31}, "item": "Leftovers", "teraType": "Flying", "role": "Bulky Attacker", "bvs": {"hp": 125, "atk": 58, "def": 58, "spa": 76, "spd": 76, "spe": 67}, "stats": {"hp": 367, "atk": 108, "def": 154, "spa": 186, "spd": 186, "spe": 170}, "types": ["Water", "Electric"]}, "Tinkaton": {"name": "Tinkaton", "species": "Tinkaton", "speciesId": "tinkaton", "gender": "F", "shiny": false, "level": 82, "moves": ["protect", "playrough", "swordsdance", "gigatonhammer"], "ability": "Mold Breaker", "evs": {"hp": 85, "atk": 85, "def": 85, "spa": 85, "spd": 85, "spe": 85}, "ivs": {"hp": 31, "atk": 31, "def": 31, "spa": 31, "spd": 31, "spe": 31}, "item": "Leftovers", "teraType": "Steel", "role": "Bulky Setup", "bvs": {"hp": 85, "atk": 75, "def": 77, "spa": 70, "spd": 105, "spe": 94}, "stats": {"hp": 274, "atk": 170, "def": 173, "spa": 162, "spd": 219, "spe": 201}, "types": ["Fairy", "Steel"]}, "Snorlax": {"name": "Snorlax", "species": "Snorlax", "speciesId": "snorlax", "gender": "M", "shiny": false, "level": 82, "moves": ["rest", "curse", "crunch", "bodyslam"], "ability": "Thick Fat", "evs": {"hp": 85, "atk": 85, "def": 85, "spa": 85, "spd": 85, "spe": 85}, "ivs": {"hp": 31, "atk": 31, "def": 31, "spa": 31, "spd": 31, "spe": 31}, "item": "Chesto Berry", "teraType": "Poison", "role": "Bulky Setup", "bvs": {"hp": 160, "atk": 110, "def": 65, "spa": 65, "spd": 110, "spe": 30}, "stats": {"hp": 397, "atk": 228, "def": 154, "spa": 154, "spd": 228, "spe": 96}, "types": ["Normal"]}, "Florges": {"name": "Florges", "species": "Florges", "speciesId": "florges", "gender": "F", "shiny": false, "level": 85, "moves": ["moonblast", "wish", "protect", "calmmind"], "ability": "Flower Veil", "evs": {"hp": 85, "atk": 0, "def": 85, "spa": 85, "spd": 85, "spe": 85}, "ivs": {"hp": 31, "atk": 0, "def": 31, "spa": 31, "spd": 31, "spe": 31}, "item": "Leftovers", "teraType": "Steel", "role": "Bulky Setup", "bvs": {"hp": 78, "atk": 65, "def": 68, "spa": 112, "spd": 154, "spe": 75}, "stats": {"hp": 271, "atk": 115, "def": 164, "spa": 239, "spd": 311, "spe": 176}, "types": ["Fairy"]}}]}