{"id": "gen9randombattle-2641570919", "format": "[Gen 9] Random Battle", "players": ["superluckhero", "Etjx"], "log": "|j|\u2606superluckhero\n|j|\u2606Etjx@!\n|t:|1782810380\n|gametype|singles\n|player|p1|superluckhero|volkner|2152\n|player|p2|Etjx|paxton|2140\n|gen|9\n|tier|[Gen 9] Random Battle\n|rated|\n|rule|Species Clause: Limit one of each Pok\u00e9mon\n|rule|HP Percentage Mod: HP is shown in percentages\n|rule|Sleep Clause Mod: Limit one foe put to sleep\n|rule|Illusion Level Mod: Illusion disguises the Pok\u00e9mon's true level\n|\n|t:|1782810380\n|teamsize|p1|6\n|teamsize|p2|6\n|start\n|switch|p1a: Regieleki|Regieleki, L79|256/256\n|switch|p2a: Wyrdeer|Wyrdeer, L87, M|321/321\n|-ability|p2a: Wyrdeer|Intimidate|boost\n|-unboost|p1a: Regieleki|atk|1\n|turn|1\n|inactive|Battle timer is ON: inactive players will automatically lose when time's up. (requested by Etjx)\n|inactive|superluckhero has 120 seconds left.\n|\n|t:|1782810418\n|move|p1a: Regieleki|Volt Switch|p2a: Wyrdeer\n|-damage|p2a: Wyrdeer|212/321\n|\n|t:|1782810424\n|switch|p1a: Flamigo|Flamigo, L82, F|269/269|[from] Volt Switch\n|move|p2a: Wyrdeer|Thunder Wave|p1a: Flamigo\n|-status|p1a: Flamigo|par\n|\n|-heal|p2a: Wyrdeer|232/321|[from] item: Leftovers\n|upkeep\n|turn|2\n|\n|t:|1782810436\n|move|p2a: Wyrdeer|Psychic Noise|p1a: Flamigo\n|-supereffective|p1a: Flamigo\n|-damage|p1a: Flamigo|45/269 par\n|-start|p1a: Flamigo|move: Heal Block\n|move|p1a: Flamigo|Throat Chop|p2a: Wyrdeer\n|-supereffective|p2a: Wyrdeer\n|-damage|p2a: Wyrdeer|40/321\n|-start|p2a: Wyrdeer|Throat Chop|[silent]\n|-damage|p1a: Flamigo|19/269 par|[from] item: Life Orb\n|\n|-heal|p2a: Wyrdeer|60/321|[from] item: Leftovers\n|upkeep\n|turn|3\n|\n|t:|1782810445\n|move|p2a: Wyrdeer|Megahorn|p1a: Flamigo\n|-resisted|p1a: Flamigo\n|-damage|p1a: Flamigo|0 fnt\n|faint|p1a: Flamigo\n|\n|-heal|p2a: Wyrdeer|80/321|[from] item: Leftovers\n|-end|p2a: Wyrdeer|Throat Chop|[silent]\n|upkeep\n|\n|t:|1782810449\n|switch|p1a: Regieleki|Regieleki, L79|256/256\n|turn|4\n|\n|t:|1782810459\n|move|p1a: Regieleki|Thunderbolt|p2a: Wyrdeer\n|-damage|p2a: Wyrdeer|0 fnt\n|faint|p2a: Wyrdeer\n|\n|upkeep\n|\n|t:|1782810467\n|switch|p2a: Vigoroth|Vigoroth, L85, F|275/275\n|turn|5\n|\n|t:|1782810476\n|move|p1a: Regieleki|Volt Switch|p2a: Vigoroth\n|-damage|p2a: Vigoroth|173/275\n|\n|t:|1782810479\n|switch|p1a: Illumise|Illumise, L91, F|266/266|[from] Volt Switch\n|move|p2a: Vigoroth|Earthquake|p1a: Illumise\n|-resisted|p1a: Illumise\n|-damage|p1a: Illumise|230/266\n|\n|upkeep\n|turn|6\n|\n|t:|1782810485\n|switch|p2a: Espeon|Espeon, L84, F|246/246\n|move|p1a: Illumise|Encore|p2a: Espeon\n|move|p2a: Espeon|Encore||[from] ability: Magic Bounce|[still]\n|-fail|p2a: Espeon\n|\n|upkeep\n|turn|7\n|\n|t:|1782810490\n|move|p2a: Espeon|Psyshock|p1a: Illumise\n|-damage|p1a: Illumise|77/266\n|move|p1a: Illumise|Bug Buzz|p2a: Espeon\n|-supereffective|p2a: Espeon\n|-damage|p2a: Espeon|76/246\n|\n|upkeep\n|turn|8\n|\n|t:|1782810495\n|switch|p1a: Bisharp|Bisharp, L79, F|232/232\n|move|p2a: Espeon|Psyshock|p1a: Bisharp\n|-immune|p1a: Bisharp\n|\n|upkeep\n|turn|9\n|\n|t:|1782810499\n|switch|p2a: Emboar|Emboar, L84, M|322/322\n|move|p1a: Bisharp|Stealth Rock|p2a: Emboar\n|-sidestart|p2: Etjx|move: Stealth Rock\n|\n|upkeep\n|turn|10\n|\n|t:|1782810502\n|switch|p1a: Gastrodon|Gastrodon-East, L86, F|331/331\n|move|p2a: Emboar|Flare Blitz|p1a: Gastrodon\n|-resisted|p1a: Gastrodon\n|-damage|p1a: Gastrodon|220/331\n|-status|p1a: Gastrodon|brn\n|-damage|p2a: Emboar|285/322|[from] Recoil\n|\n|-heal|p2a: Emboar|305/322|[from] item: Leftovers\n|-heal|p1a: Gastrodon|240/331 brn|[from] item: Leftovers\n|-damage|p1a: Gastrodon|220/331 brn|[from] brn\n|upkeep\n|turn|11\n|\n|t:|1782810505\n|move|p2a: Emboar|Bulk Up|p2a: Emboar\n|-boost|p2a: Emboar|atk|1\n|-boost|p2a: Emboar|def|1\n|move|p1a: Gastrodon|Spikes|p2a: Emboar\n|-sidestart|p2: Etjx|Spikes\n|\n|-heal|p2a: Emboar|322/322|[from] item: Leftovers\n|-heal|p1a: Gastrodon|240/331 brn|[from] item: Leftovers\n|-damage|p1a: Gastrodon|220/331 brn|[from] brn\n|upkeep\n|turn|12\n|\n|t:|1782810508\n|move|p2a: Emboar|Trailblaze|p1a: Gastrodon\n|-supereffective|p1a: Gastrodon\n|-damage|p1a: Gastrodon|0 fnt\n|-boost|p2a: Emboar|spe|1\n|faint|p1a: Gastrodon\n|\n|upkeep\n|\n|t:|1782810517\n|switch|p1a: Illumise|Illumise, L91, F|77/266\n|turn|13\n|\n|t:|1782810520\n|switch|p2a: Espeon|Espeon, L84, F|76/246\n|-damage|p2a: Espeon|46/246|[from] Stealth Rock\n|-damage|p2a: Espeon|16/246|[from] Spikes\n|move|p1a: Illumise|Encore|p2a: Espeon\n|move|p2a: Espeon|Encore||[from] ability: Magic Bounce|[still]\n|-fail|p2a: Espeon\n|\n|upkeep\n|turn|14\n|\n|t:|1782810530\n|switch|p1a: Bisharp|Bisharp, L79, F|232/232\n|move|p2a: Espeon|Trick|p1a: Bisharp\n|-activate|p2a: Espeon|move: Trick|[of] p1a: Bisharp\n|-item|p1a: Bisharp|Choice Specs|[from] move: Trick\n|-item|p2a: Espeon|Eviolite|[from] move: Trick\n|\n|upkeep\n|turn|15\n|\n|t:|1782810536\n|move|p1a: Bisharp|Sucker Punch|p2a: Espeon\n|-supereffective|p2a: Espeon\n|-damage|p2a: Espeon|0 fnt\n|faint|p2a: Espeon\n|\n|upkeep\n|\n|t:|1782810543\n|switch|p2a: Walking Wake|Walking Wake, L79|286/286\n|-damage|p2a: Walking Wake|251/286|[from] Stealth Rock\n|-damage|p2a: Walking Wake|216/286|[from] Spikes\n|turn|16\n|\n|t:|1782810556\n|switch|p1a: Regieleki|Regieleki, L79|256/256\n|move|p2a: Walking Wake|Flamethrower|p1a: Regieleki\n|-damage|p1a: Regieleki|126/256\n|-damage|p2a: Walking Wake|188/286|[from] item: Life Orb\n|\n|upkeep\n|turn|17\n|\n|t:|1782810564\n|move|p1a: Regieleki|Thunderbolt|p2a: Walking Wake\n|-crit|p2a: Walking Wake\n|-damage|p2a: Walking Wake|0 fnt\n|faint|p2a: Walking Wake\n|-end|p2a: Walking Wake|Protosynthesis|[silent]\n|\n|upkeep\n|\n|t:|1782810570\n|switch|p2a: Emboar|Emboar, L84, M|322/322\n|-damage|p2a: Emboar|282/322|[from] Stealth Rock\n|-damage|p2a: Emboar|242/322|[from] Spikes\n|turn|18\n|\n|t:|1782810583\n|move|p1a: Regieleki|Thunderbolt|p2a: Emboar\n|-damage|p2a: Emboar|65/322\n|move|p2a: Emboar|Drain Punch|p1a: Regieleki\n|-damage|p1a: Regieleki|0 fnt\n|-heal|p2a: Emboar|128/322|[from] drain|[of] p1a: Regieleki\n|faint|p1a: Regieleki\n|\n|-heal|p2a: Emboar|148/322|[from] item: Leftovers\n|upkeep\n|\n|t:|1782810590\n|switch|p1a: Illumise|Illumise, L91, F|77/266\n|turn|19\n|\n|t:|1782810594\n|move|p1a: Illumise|Encore|p2a: Emboar\n|-start|p2a: Emboar|Encore\n|move|p2a: Emboar|Drain Punch|p1a: Illumise\n|-resisted|p1a: Illumise\n|-damage|p1a: Illumise|25/266\n|-heal|p2a: Emboar|174/322|[from] drain|[of] p1a: Illumise\n|\n|-heal|p2a: Emboar|194/322|[from] item: Leftovers\n|upkeep\n|turn|20\n|\n|t:|1782810600\n|switch|p2a: Minior|Minior, L79|224/224\n|-damage|p2a: Minior|168/224|[from] Stealth Rock\n|-formechange|p2a: Minior|Minior-Meteor||[from] ability: Shields Down\n|move|p1a: Illumise|Roost|p1a: Illumise\n|-heal|p1a: Illumise|158/266\n|-singleturn|p1a: Illumise|move: Roost\n|\n|upkeep\n|turn|21\n|\n|t:|1782810618\n|move|p1a: Illumise|Roost|p1a: Illumise\n|-heal|p1a: Illumise|266/266\n|-singleturn|p1a: Illumise|move: Roost\n|move|p2a: Minior|Power Gem|p1a: Illumise\n|-supereffective|p1a: Illumise\n|-damage|p1a: Illumise|174/266\n|\n|upkeep\n|turn|22\n|\n|t:|1782810625\n|move|p1a: Illumise|Bug Buzz|p2a: Minior\n|-resisted|p2a: Minior\n|-damage|p2a: Minior|128/224\n|-unboost|p2a: Minior|spd|1\n|-enditem|p2a: Minior|White Herb\n|-clearnegativeboost|p2a: Minior|[silent]\n|move|p2a: Minior|Power Gem|p1a: Illumise\n|-supereffective|p1a: Illumise\n|-damage|p1a: Illumise|78/266\n|\n|upkeep\n|turn|23\n|\n|t:|1782810632\n|move|p1a: Illumise|Roost|p1a: Illumise\n|-heal|p1a: Illumise|211/266\n|-singleturn|p1a: Illumise|move: Roost\n|move|p2a: Minior|Power Gem|p1a: Illumise\n|-supereffective|p1a: Illumise\n|-damage|p1a: Illumise|115/266\n|\n|upkeep\n|turn|24\n|\n|t:|1782810649\n|move|p1a: Illumise|Roost|p1a: Illumise\n|-heal|p1a: Illumise|248/266\n|-singleturn|p1a: Illumise|move: Roost\n|move|p2a: Minior|Power Gem|p1a: Illumise\n|-supereffective|p1a: Illumise\n|-damage|p1a: Illumise|150/266\n|\n|upkeep\n|turn|25\n|\n|t:|1782810654\n|move|p1a: Illumise|Bug Buzz|p2a: Minior\n|-resisted|p2a: Minior\n|-damage|p2a: Minior|86/224\n|move|p2a: Minior|Power Gem|p1a: Illumise\n|-supereffective|p1a: Illumise\n|-damage|p1a: Illumise|40/266\n|\n|-formechange|p2a: Minior|Minior||[from] ability: Shields Down\n|upkeep\n|turn|26\n|\n|t:|1782810671\n|move|p1a: Illumise|Thunder Wave|p2a: Minior\n|-status|p2a: Minior|par\n|cant|p2a: Minior|par\n|\n|upkeep\n|turn|27\n|\n|t:|1782810681\n|switch|p1a: Bisharp|Bisharp, L79, F|232/232\n|move|p2a: Minior|Acrobatics|p1a: Bisharp\n|-resisted|p1a: Bisharp\n|-damage|p1a: Bisharp|181/232\n|\n|upkeep\n|turn|28\n|\n|t:|1782810687\n|move|p1a: Bisharp|Iron Head|p2a: Minior\n|-supereffective|p2a: Minior\n|-damage|p2a: Minior|0 fnt\n|faint|p2a: Minior\n|\n|upkeep\n|\n|t:|1782810688\n|switch|p2a: Emboar|Emboar, L84, M|194/322\n|-damage|p2a: Emboar|154/322|[from] Stealth Rock\n|-damage|p2a: Emboar|114/322|[from] Spikes\n|turn|29\n|\n|t:|1782810696\n|move|p2a: Emboar|Drain Punch|p1a: Bisharp\n|-supereffective|p1a: Bisharp\n|-damage|p1a: Bisharp|0 fnt\n|-heal|p2a: Emboar|205/322|[from] drain|[of] p1a: Bisharp\n|faint|p1a: Bisharp\n|\n|-heal|p2a: Emboar|225/322|[from] item: Leftovers\n|upkeep\n|\n|t:|1782810719\n|switch|p1a: Illumise|Illumise, L91, F|40/266\n|turn|30\n|\n|t:|1782810723\n|move|p1a: Illumise|Thunder Wave|p2a: Emboar|[miss]\n|-miss|p1a: Illumise|p2a: Emboar\n|move|p2a: Emboar|Flare Blitz|p1a: Illumise\n|-supereffective|p1a: Illumise\n|-damage|p1a: Illumise|0 fnt\n|faint|p1a: Illumise\n|-damage|p2a: Emboar|212/322|[from] Recoil\n|\n|-heal|p2a: Emboar|232/322|[from] item: Leftovers\n|upkeep\n|\n|t:|1782810727\n|switch|p1a: Bellossom|Bellossom, L84, M|263/263\n|turn|31\n|\n|t:|1782810752\n|-terastallize|p1a: Bellossom|Poison\n|move|p2a: Emboar|Bulk Up|p2a: Emboar\n|-boost|p2a: Emboar|atk|1\n|-boost|p2a: Emboar|def|1\n|move|p1a: Bellossom|Strength Sap|p2a: Emboar\n|-unboost|p2a: Emboar|atk|1\n|\n|-heal|p2a: Emboar|252/322|[from] item: Leftovers\n|upkeep\n|turn|32\n|\n|t:|1782810774\n|move|p2a: Emboar|Bulk Up|p2a: Emboar\n|-boost|p2a: Emboar|atk|1\n|-boost|p2a: Emboar|def|1\n|move|p1a: Bellossom|Quiver Dance|p1a: Bellossom\n|-boost|p1a: Bellossom|spa|1\n|-boost|p1a: Bellossom|spd|1\n|-boost|p1a: Bellossom|spe|1\n|\n|-heal|p2a: Emboar|272/322|[from] item: Leftovers\n|upkeep\n|turn|33\n|\n|t:|1782810779\n|move|p1a: Bellossom|Sludge Bomb|p2a: Emboar\n|-damage|p2a: Emboar|94/322\n|move|p2a: Emboar|Trailblaze|p1a: Bellossom\n|-resisted|p1a: Bellossom\n|-crit|p1a: Bellossom\n|-damage|p1a: Bellossom|219/263\n|-boost|p2a: Emboar|spe|1\n|\n|-heal|p2a: Emboar|114/322|[from] item: Leftovers\n|-heal|p1a: Bellossom|235/263|[from] item: Leftovers\n|upkeep\n|turn|34\n|\n|t:|1782810789\n|move|p2a: Emboar|Flare Blitz|p1a: Bellossom\n|-damage|p1a: Bellossom|0 fnt\n|faint|p1a: Bellossom\n|-damage|p2a: Emboar|36/322|[from] Recoil\n|\n|win|Etjx\n", "inputlog": ">version f8ac14003a5f27e1bdc8d8c59608a773c1cb96e5\n>start {\"formatid\":\"gen9randombattle\",\"seed\":\"sodium,d08b2969bb4d7ea56f5798a7e8346aa9\",\"rated\":\"Rated battle\"}\n>player p1 {\"name\":\"superluckhero\",\"avatar\":\"volkner\",\"rating\":2152,\"seed\":\"sodium,6515efb088adba7089d7ef2dba51cc2e\"}\n>player p2 {\"name\":\"Etjx\",\"avatar\":\"paxton\",\"rating\":2140,\"seed\":\"sodium,81b95d3bcbe38ff6247718b8c0a9ef44\"}\n>p1 move voltswitch\n>p2 move thunderwave\n>p1 switch 6\n>p1 move throatchop\n>p2 move psychicnoise\n>p1 move throatchop\n>p2 move megahorn\n>p1 switch 6\n>p1 move thunderbolt\n>p2 move earthquake\n>p2 switch 3\n>p1 move voltswitch\n>p2 move earthquake\n>p1 switch 4\n>p1 move encore\n>p2 switch 6\n>p1 move bugbuzz\n>p2 move psyshock\n>p1 switch 5\n>p2 move psyshock\n>p1 move stealthrock\n>p2 switch 5\n>p1 switch 3\n>p2 move flareblitz\n>p1 move spikes\n>p2 move bulkup\n>p1 move surf\n>p2 move trailblaze\n>p1 switch 5\n>p1 move encore\n>p2 switch 5\n>p1 switch 3\n>p2 move trick\n>p1 move suckerpunch\n>p2 move alluringvoice\n>p2 switch 2\n>p1 switch 4\n>p2 move flamethrower\n>p1 move thunderbolt\n>p2 move hydrosteam\n>p2 switch 5\n>p1 move thunderbolt\n>p2 move drainpunch\n>p1 switch 3\n>p1 move encore\n>p2 move flareblitz\n>p1 move roost\n>p2 switch 4\n>p1 move roost\n>p2 move powergem\n>p1 move bugbuzz\n>p2 move powergem\n>p1 move roost\n>p2 move powergem\n>p1 move roost\n>p2 move powergem\n>p1 move bugbuzz\n>p2 move powergem\n>p1 move thunderwave\n>p2 move acrobatics\n>p1 switch 4\n>p2 move acrobatics\n>p1 move ironhead\n>p2 move earthquake\n>p2 switch 4\n>p1 move ironhead\n>p2 move drainpunch\n>p1 switch 4\n>p1 move thunderwave\n>p2 move flareblitz\n>p1 switch 2\n>p1 move strengthsap terastallize\n>p2 move bulkup\n>p1 move quiverdance\n>p2 move bulkup\n>p1 move sludgebomb\n>p2 move trailblaze\n>p1 move quiverdance\n>p2 move flareblitz", "uploadtime": 1782810382, "views": 3, "formatid": "gen9randombattle", "rating": null, "private": 0, "password": null, "player_dets": [{"name": "superluckhero", "avatar": "volkner", "rating": 2152, "seed": "sodium,6515efb088adba7089d7ef2dba51cc2e"}, {"name": "Etjx", "avatar": "paxton", "rating": 2140, "seed": "sodium,81b95d3bcbe38ff6247718b8c0a9ef44"}], "teams_full": [{"Regieleki": {"name": "Regieleki", "species": "Regieleki", "speciesId": "regieleki", "gender": "N", "shiny": false, "level": 79, "moves": ["terablast", "rapidspin", "voltswitch", "thunderbolt"], "ability": "Transistor", "evs": {"hp": 85, "atk": 85, "def": 85, "spa": 85, "spd": 85, "spe": 85}, "ivs": {"hp": 31, "atk": 31, "def": 31, "spa": 31, "spd": 31, "spe": 31}, "item": "Magnet", "teraType": "Ice", "role": "Tera Blast user", "bvs": {"hp": 80, "atk": 100, "def": 50, "spa": 100, "spd": 50, "spe": 200}, "stats": {"hp": 256, "atk": 204, "def": 125, "spa": 204, "spd": 125, "spe": 362}, "types": ["Electric"]}, "Bellossom": {"name": "Bellossom", "species": "Bellossom", "speciesId": "bellossom", "gender": "M", "shiny": false, "level": 84, "moves": ["gigadrain", "strengthsap", "sludgebomb", "quiverdance"], "ability": "Chlorophyll", "evs": {"hp": 85, "atk": 0, "def": 85, "spa": 85, "spd": 85, "spe": 85}, "ivs": {"hp": 31, "atk": 0, "def": 31, "spa": 31, "spd": 31, "spe": 31}, "item": "Leftovers", "teraType": "Poison", "role": "Bulky Setup", "bvs": {"hp": 75, "atk": 80, "def": 95, "spa": 90, "spd": 100, "spe": 50}, "stats": {"hp": 263, "atk": 139, "def": 208, "spa": 199, "spd": 216, "spe": 132}, "types": ["Grass"]}, "Gastrodon": {"name": "Gastrodon", "species": "Gastrodon-East", "speciesId": "gastrodon", "gender": "F", "shiny": false, "level": 86, "moves": ["earthquake", "surf", "recover", "spikes"], "ability": "Storm Drain", "evs": {"hp": 85, "atk": 85, "def": 85, "spa": 85, "spd": 85, "spe": 85}, "ivs": {"hp": 31, "atk": 31, "def": 31, "spa": 31, "spd": 31, "spe": 31}, "item": "Leftovers", "teraType": "Steel", "role": "Bulky Attacker", "bvs": {"hp": 111, "atk": 83, "def": 68, "spa": 92, "spd": 82, "spe": 39}, "stats": {"hp": 331, "atk": 192, "def": 166, "spa": 207, "spd": 190, "spe": 116}, "types": ["Water", "Ground"]}, "Illumise": {"name": "Illumise", "species": "Illumise", "speciesId": "illumise", "gender": "F", "shiny": false, "level": 91, "moves": ["bugbuzz", "thunderwave", "encore", "roost"], "ability": "Prankster", "evs": {"hp": 85, "atk": 0, "def": 85, "spa": 85, "spd": 85, "spe": 85}, "ivs": {"hp": 31, "atk": 0, "def": 31, "spa": 31, "spd": 31, "spe": 31}, "item": "Heavy-Duty Boots", "teraType": "Steel", "role": "Bulky Support", "bvs": {"hp": 65, "atk": 47, "def": 75, "spa": 73, "spd": 85, "spe": 85}, "stats": {"hp": 266, "atk": 90, "def": 188, "spa": 185, "spd": 207, "spe": 207}, "types": ["Bug"]}, "Bisharp": {"name": "Bisharp", "species": "Bisharp", "speciesId": "bisharp", "gender": "F", "shiny": false, "level": 79, "moves": ["ironhead", "throatchop", "stealthrock", "suckerpunch"], "ability": "Defiant", "evs": {"hp": 85, "atk": 85, "def": 85, "spa": 85, "spd": 85, "spe": 85}, "ivs": {"hp": 31, "atk": 31, "def": 31, "spa": 31, "spd": 31, "spe": 31}, "item": "Eviolite", "teraType": "Flying", "role": "Bulky Attacker", "bvs": {"hp": 65, "atk": 125, "def": 100, "spa": 60, "spd": 70, "spe": 70}, "stats": {"hp": 232, "atk": 243, "def": 204, "spa": 140, "spd": 156, "spe": 156}, "types": ["Dark", "Steel"]}, "Flamigo": {"name": "Flamigo", "species": "Flamigo", "speciesId": "flamigo", "gender": "F", "shiny": false, "level": 82, "moves": ["closecombat", "swordsdance", "bravebird", "throatchop"], "ability": "Scrappy", "evs": {"hp": 85, "atk": 85, "def": 85, "spa": 85, "spd": 85, "spe": 85}, "ivs": {"hp": 31, "atk": 31, "def": 31, "spa": 31, "spd": 31, "spe": 31}, "item": "Life Orb", "teraType": "Fighting", "role": "Setup Sweeper", "bvs": {"hp": 82, "atk": 115, "def": 74, "spa": 75, "spd": 64, "spe": 90}, "stats": {"hp": 269, "atk": 236, "def": 169, "spa": 170, "spd": 152, "spe": 195}, "types": ["Flying", "Fighting"]}}, {"Wyrdeer": {"name": "Wyrdeer", "species": "Wyrdeer", "speciesId": "wyrdeer", "gender": "M", "shiny": false, "level": 87, "moves": ["earthquake", "megahorn", "psychicnoise", "thunderwave"], "ability": "Intimidate", "evs": {"hp": 85, "atk": 85, "def": 85, "spa": 85, "spd": 85, "spe": 85}, "ivs": {"hp": 31, "atk": 31, "def": 31, "spa": 31, "spd": 31, "spe": 31}, "item": "Leftovers", "teraType": "Ground", "role": "Bulky Attacker", "bvs": {"hp": 103, "atk": 105, "def": 72, "spa": 105, "spd": 75, "spe": 65}, "stats": {"hp": 321, "atk": 232, "def": 175, "spa": 232, "spd": 180, "spe": 163}, "types": ["Normal", "Psychic"]}, "Walking Wake": {"name": "Walking Wake", "species": "Walking Wake", "speciesId": "walkingwake", "gender": "N", "shiny": false, "level": 79, "moves": ["hydrosteam", "flamethrower", "sunnyday", "dracometeor"], "ability": "Protosynthesis", "evs": {"hp": 85, "atk": 0, "def": 85, "spa": 85, "spd": 85, "spe": 85}, "ivs": {"hp": 31, "atk": 0, "def": 31, "spa": 31, "spd": 31, "spe": 31}, "item": "Life Orb", "teraType": "Fire", "role": "Fast Attacker", "bvs": {"hp": 99, "atk": 83, "def": 91, "spa": 125, "spd": 83, "spe": 109}, "stats": {"hp": 286, "atk": 136, "def": 189, "spa": 243, "spd": 177, "spe": 218}, "types": ["Water", "Dragon"]}, "Vigoroth": {"name": "Vigoroth", "species": "Vigoroth", "speciesId": "vigoroth", "gender": "F", "shiny": false, "level": 85, "moves": ["bulkup", "slackoff", "bodyslam", "earthquake"], "ability": "Vital Spirit", "evs": {"hp": 85, "atk": 85, "def": 85, "spa": 85, "spd": 85, "spe": 85}, "ivs": {"hp": 31, "atk": 31, "def": 31, "spa": 31, "spd": 31, "spe": 31}, "item": "Eviolite", "teraType": "Ground", "role": "Bulky Attacker", "bvs": {"hp": 80, "atk": 80, "def": 80, "spa": 55, "spd": 55, "spe": 90}, "stats": {"hp": 275, "atk": 185, "def": 185, "spa": 142, "spd": 142, "spe": 202}, "types": ["Normal"]}, "Minior": {"name": "Minior", "species": "Minior", "speciesId": "minior", "gender": "N", "shiny": false, "level": 79, "moves": ["shellsmash", "acrobatics", "earthquake", "powergem"], "ability": "Shields Down", "evs": {"hp": 85, "atk": 85, "def": 85, "spa": 85, "spd": 85, "spe": 85}, "ivs": {"hp": 31, "atk": 31, "def": 31, "spa": 31, "spd": 31, "spe": 31}, "item": "White Herb", "teraType": "Steel", "role": "Setup Sweeper", "bvs": {"hp": 60, "atk": 100, "def": 60, "spa": 100, "spd": 60, "spe": 120}, "stats": {"hp": 224, "atk": 204, "def": 140, "spa": 204, "spd": 140, "spe": 235}, "types": ["Rock", "Flying"]}, "Emboar": {"name": "Emboar", "species": "Emboar", "speciesId": "emboar", "gender": "M", "shiny": false, "level": 84, "moves": ["drainpunch", "flareblitz", "bulkup", "trailblaze"], "ability": "Reckless", "evs": {"hp": 85, "atk": 85, "def": 85, "spa": 85, "spd": 85, "spe": 85}, "ivs": {"hp": 31, "atk": 31, "def": 31, "spa": 31, "spd": 31, "spe": 31}, "item": "Leftovers", "teraType": "Fighting", "role": "Bulky Setup", "bvs": {"hp": 110, "atk": 123, "def": 65, "spa": 100, "spd": 65, "spe": 65}, "stats": {"hp": 322, "atk": 255, "def": 157, "spa": 216, "spd": 157, "spe": 157}, "types": ["Fire", "Fighting"]}, "Espeon": {"name": "Espeon", "species": "Espeon", "speciesId": "espeon", "gender": "F", "shiny": false, "level": 84, "moves": ["alluringvoice", "shadowball", "trick", "psyshock"], "ability": "Magic Bounce", "evs": {"hp": 85, "atk": 0, "def": 85, "spa": 85, "spd": 85, "spe": 85}, "ivs": {"hp": 31, "atk": 0, "def": 31, "spa": 31, "spd": 31, "spe": 31}, "item": "Choice Specs", "teraType": "Fairy", "role": "Fast Attacker", "bvs": {"hp": 65, "atk": 65, "def": 60, "spa": 130, "spd": 95, "spe": 110}, "stats": {"hp": 246, "atk": 114, "def": 149, "spa": 267, "spd": 208, "spe": 233}, "types": ["Psychic"]}}]}