{"id": "gen9randombattle-2641414593", "format": "[Gen 9] Random Battle", "players": ["thestinkycheeseman", "minitops"], "log": "|j|\u2606thestinkycheeseman\n|j|\u2606minitops\n|t:|1782781233\n|gametype|singles\n|player|p1|thestinkycheeseman|skierf|2157\n|player|p2|minitops|2|2109\n|gen|9\n|tier|[Gen 9] Random Battle\n|rated|\n|rule|Species Clause: Limit one of each Pok\u00e9mon\n|rule|HP Percentage Mod: HP is shown in percentages\n|rule|Sleep Clause Mod: Limit one foe put to sleep\n|rule|Illusion Level Mod: Illusion disguises the Pok\u00e9mon's true level\n|\n|t:|1782781233\n|teamsize|p1|6\n|teamsize|p2|6\n|start\n|switch|p1a: Weezing|Weezing, L88, F|258/258\n|switch|p2a: Ribombee|Ribombee, L83, F|235/235\n|turn|1\n|\n|t:|1782781254\n|switch|p2a: Basculegion|Basculegion, L80, M|323/323\n|move|p1a: Weezing|Toxic Spikes|p2a: Basculegion\n|-sidestart|p2: minitops|move: Toxic Spikes\n|\n|upkeep\n|turn|2\n|j| WarmMonkey\n|\n|t:|1782781286\n|move|p2a: Basculegion|Shadow Ball|p1a: Weezing\n|-damage|p1a: Weezing|148/258\n|move|p1a: Weezing|Pain Split|p2a: Basculegion\n|-sethp|p2a: Basculegion|235/323|[from] move: Pain Split|[silent]\n|-sethp|p1a: Weezing|235/258|[from] move: Pain Split\n|\n|-heal|p1a: Weezing|251/258|[from] item: Leftovers\n|upkeep\n|turn|3\n|c| WarmMonkey|so this is how the pros fight\n|c|\u2606thestinkycheeseman|good plays only\n|c|\u2606thestinkycheeseman|no bad\n|inactive|Battle timer is ON: inactive players will automatically lose when time's up. (requested by minitops)\n|\n|t:|1782781350\n|move|p2a: Basculegion|Shadow Ball|p1a: Weezing\n|-damage|p1a: Weezing|141/258\n|move|p1a: Weezing|Sludge Bomb|p2a: Basculegion\n|-resisted|p2a: Basculegion\n|-damage|p2a: Basculegion|199/323\n|\n|-heal|p1a: Weezing|157/258|[from] item: Leftovers\n|upkeep\n|turn|4\n|\n|t:|1782781371\n|move|p2a: Basculegion|Shadow Ball|p1a: Weezing\n|-damage|p1a: Weezing|49/258\n|move|p1a: Weezing|Pain Split|p2a: Basculegion\n|-sethp|p2a: Basculegion|124/323|[from] move: Pain Split|[silent]\n|-sethp|p1a: Weezing|124/258|[from] move: Pain Split\n|\n|-heal|p1a: Weezing|140/258|[from] item: Leftovers\n|upkeep\n|turn|5\n|inactive|thestinkycheeseman has 120 seconds left.\n|\n|t:|1782781404\n|switch|p1a: Kingdra|Kingdra, L84, M|263/263\n|move|p2a: Basculegion|Shadow Ball|p1a: Kingdra\n|-damage|p1a: Kingdra|183/263\n|\n|upkeep\n|turn|6\n|\n|t:|1782781421\n|move|p1a: Kingdra|Dragon Dance|p1a: Kingdra\n|-boost|p1a: Kingdra|atk|1\n|-boost|p1a: Kingdra|spe|1\n|move|p2a: Basculegion|Shadow Ball|p1a: Kingdra\n|-damage|p1a: Kingdra|91/263\n|\n|upkeep\n|turn|7\n|inactive|thestinkycheeseman has 120 seconds left.\n|\n|t:|1782781440\n|move|p1a: Kingdra|Wave Crash|p2a: Basculegion\n|-resisted|p2a: Basculegion\n|-damage|p2a: Basculegion|6/323\n|-damage|p1a: Kingdra|52/263|[from] Recoil\n|move|p2a: Basculegion|Shadow Ball|p1a: Kingdra\n|-damage|p1a: Kingdra|0 fnt\n|faint|p1a: Kingdra\n|\n|upkeep\n|inactive|thestinkycheeseman has 120 seconds left.\n|\n|t:|1782781453\n|switch|p1a: Houndstone|Houndstone, L86, M|264/264\n|turn|8\n|\n|t:|1782781462\n|move|p2a: Basculegion|Aqua Jet|p1a: Houndstone\n|-damage|p1a: Houndstone|239/264\n|move|p1a: Houndstone|Shadow Sneak|p2a: Basculegion\n|-supereffective|p2a: Basculegion\n|-damage|p2a: Basculegion|0 fnt\n|faint|p2a: Basculegion\n|\n|upkeep\n|\n|t:|1782781469\n|switch|p2a: Houndoom|Houndoom, L87, F|272/272\n|turn|9\n|\n|t:|1782781478\n|switch|p1a: Infernape|Infernape, L82, F|259/259\n|move|p2a: Houndoom|Dark Pulse|p1a: Infernape\n|-resisted|p1a: Infernape\n|-damage|p1a: Infernape|205/259\n|\n|upkeep\n|turn|10\n|inactive|minitops has 120 seconds left.\n|inactive|minitops has 90 seconds left.\n|\n|t:|1782781550\n|switch|p2a: Ampharos|Ampharos, L88, F|302/302\n|-status|p2a: Ampharos|psn\n|move|p1a: Infernape|Close Combat|p2a: Ampharos\n|-damage|p2a: Ampharos|149/302 psn\n|-unboost|p1a: Infernape|def|1\n|-unboost|p1a: Infernape|spd|1\n|-damage|p1a: Infernape|180/259|[from] item: Life Orb\n|\n|-damage|p2a: Ampharos|112/302 psn|[from] psn\n|upkeep\n|turn|11\n|inactive|thestinkycheeseman has 120 seconds left.\n|\n|t:|1782781585\n|switch|p1a: Houndstone|Houndstone, L86, M|239/264\n|move|p2a: Ampharos|Thunderbolt|p1a: Houndstone\n|-damage|p1a: Houndstone|91/264\n|-status|p1a: Houndstone|par\n|-damage|p2a: Ampharos|82/302 psn|[from] item: Life Orb\n|\n|-damage|p2a: Ampharos|45/302 psn|[from] psn\n|upkeep\n|turn|12\n|inactive|thestinkycheeseman has 120 seconds left.\n|c| WarmMonkey|yikers that shit hit\n|\n|t:|1782781603\n|move|p1a: Houndstone|Shadow Sneak|p2a: Ampharos\n|-damage|p2a: Ampharos|0 fnt\n|faint|p2a: Ampharos\n|\n|upkeep\n|\n|t:|1782781613\n|switch|p2a: Houndoom|Houndoom, L87, F|272/272\n|turn|13\n|inactive|minitops has 90 seconds left.\n|\n|t:|1782781619\n|cant|p1a: Houndstone|par\n|move|p2a: Houndoom|Dark Pulse|p1a: Houndstone\n|-supereffective|p1a: Houndstone\n|-damage|p1a: Houndstone|0 fnt\n|faint|p1a: Houndstone\n|\n|upkeep\n|inactive|thestinkycheeseman has 120 seconds left.\n|\n|t:|1782781630\n|switch|p1a: Infernape|Infernape, L82, F|180/259\n|turn|14\n|\n|t:|1782781642\n|-terastallize|p2a: Houndoom|Fire\n|move|p1a: Infernape|Close Combat|p2a: Houndoom\n|-damage|p2a: Houndoom|22/272\n|-unboost|p1a: Infernape|def|1\n|-unboost|p1a: Infernape|spd|1\n|-damage|p1a: Infernape|155/259|[from] item: Life Orb\n|move|p2a: Houndoom|Sludge Bomb|p1a: Infernape\n|-damage|p1a: Infernape|15/259\n|\n|upkeep\n|turn|15\n|\n|t:|1782781654\n|move|p1a: Infernape|Mach Punch|p2a: Houndoom\n|-damage|p2a: Houndoom|0 fnt\n|faint|p2a: Houndoom\n|-damage|p1a: Infernape|0 fnt|[from] item: Life Orb\n|faint|p1a: Infernape\n|\n|upkeep\n|inactive|minitops has 90 seconds left.\n|\n|t:|1782781667\n|switch|p1a: Weezing|Weezing, L88, F|140/258\n|switch|p2a: Crabominable|Crabominable, L90, M|321/321\n|-status|p2a: Crabominable|psn\n|turn|16\n|\n|t:|1782781675\n|move|p1a: Weezing|Pain Split|p2a: Crabominable\n|-sethp|p2a: Crabominable|230/321 psn|[from] move: Pain Split|[silent]\n|-sethp|p1a: Weezing|230/258|[from] move: Pain Split\n|move|p2a: Crabominable|Ice Hammer|p1a: Weezing\n|-damage|p1a: Weezing|11/258\n|-unboost|p2a: Crabominable|spe|1\n|\n|-heal|p1a: Weezing|27/258|[from] item: Leftovers\n|-damage|p2a: Crabominable|190/321 psn|[from] psn\n|upkeep\n|turn|17\n|inactive|thestinkycheeseman has 120 seconds left.\n|\n|t:|1782781705\n|move|p1a: Weezing|Fire Blast|p2a: Crabominable\n|-supereffective|p2a: Crabominable\n|-damage|p2a: Crabominable|26/321 psn\n|move|p2a: Crabominable|Ice Hammer|p1a: Weezing\n|-damage|p1a: Weezing|0 fnt\n|-unboost|p2a: Crabominable|spe|1\n|faint|p1a: Weezing\n|\n|-damage|p2a: Crabominable|0 fnt|[from] psn\n|faint|p2a: Crabominable\n|upkeep\n|inactive|thestinkycheeseman has 120 seconds left.\n|inactive|minitops has 90 seconds left.\n|\n|t:|1782781748\n|switch|p1a: Spidops|Spidops, L96, M|271/271\n|switch|p2a: Ribombee|Ribombee, L83, F|235/235\n|turn|18\n|\n|t:|1782781756\n|move|p2a: Ribombee|Quiver Dance|p2a: Ribombee\n|-boost|p2a: Ribombee|spa|1\n|-boost|p2a: Ribombee|spd|1\n|-boost|p2a: Ribombee|spe|1\n|move|p1a: Spidops|Knock Off|p2a: Ribombee\n|-resisted|p2a: Ribombee\n|-damage|p2a: Ribombee|184/235\n|-enditem|p2a: Ribombee|Heavy-Duty Boots|[from] move: Knock Off|[of] p1a: Spidops\n|\n|upkeep\n|turn|19\n|\n|t:|1782781762\n|move|p2a: Ribombee|Moonblast|p1a: Spidops\n|-damage|p1a: Spidops|135/271\n|-unboost|p1a: Spidops|spa|1\n|move|p1a: Spidops|Circle Throw|p2a: Ribombee|[miss]\n|-miss|p1a: Spidops|p2a: Ribombee\n|\n|upkeep\n|turn|20\n|\n|t:|1782781768\n|move|p2a: Ribombee|Moonblast|p1a: Spidops\n|-damage|p1a: Spidops|0 fnt\n|faint|p1a: Spidops\n|\n|upkeep\n|\n|t:|1782781775\n|switch|p1a: Glastrier|Glastrier, L86|312/312\n|turn|21\n|inactive|minitops has 90 seconds left.\n|\n|t:|1782781787\n|move|p2a: Ribombee|Moonblast|p1a: Glastrier\n|-damage|p1a: Glastrier|186/312\n|move|p1a: Glastrier|Icicle Crash|p2a: Ribombee\n|-damage|p2a: Ribombee|19/235\n|\n|upkeep\n|turn|22\n|c|\u2606thestinkycheeseman|sigh\n|\n|t:|1782781798\n|move|p2a: Ribombee|Moonblast|p1a: Glastrier\n|-damage|p1a: Glastrier|74/312\n|move|p1a: Glastrier|High Horsepower|p2a: Ribombee\n|-resisted|p2a: Ribombee\n|-damage|p2a: Ribombee|0 fnt\n|faint|p2a: Ribombee\n|-ability|p1a: Glastrier|Chilling Neigh|boost\n|-boost|p1a: Glastrier|atk|1\n|\n|upkeep\n|\n|t:|1782781803\n|switch|p2a: Ditto|Ditto, L87|225/225\n|-status|p2a: Ditto|psn\n|-transform|p2a: Ditto|p1a: Glastrier|[from] ability: Imposter\n|turn|23\n|c|\u2606thestinkycheeseman|the ol 90% accuracy strikes again\n|\n|t:|1782781822\n|move|p2a: Ditto|Close Combat|p1a: Glastrier\n|-supereffective|p1a: Glastrier\n|-damage|p1a: Glastrier|0 fnt\n|-unboost|p2a: Ditto|def|1\n|-unboost|p2a: Ditto|spd|1\n|faint|p1a: Glastrier\n|\n|win|minitops\n", "inputlog": ">version f8ac14003a5f27e1bdc8d8c59608a773c1cb96e5\n>start {\"formatid\":\"gen9randombattle\",\"seed\":\"sodium,857f49b4607c01ec24720ea1fe15eab3\",\"rated\":\"Rated battle\"}\n>player p1 {\"name\":\"thestinkycheeseman\",\"avatar\":\"skierf\",\"rating\":2157,\"seed\":\"sodium,d2a1154be916c9800c67be488bd45b52\"}\n>player p2 {\"name\":\"minitops\",\"avatar\":\"2\",\"rating\":2109,\"seed\":\"sodium,c5077e757d6cf11790b2b26d46f0fb44\"}\n>p1 move toxicspikes\n>p2 switch 5\n>p1 move painsplit\n>p2 move shadowball\n>chat  WarmMonkey|so this is how the pros fight\n>chat \u2606thestinkycheeseman|good plays only\n>chat \u2606thestinkycheeseman|no bad\n>p1 move sludgebomb\n>p2 move shadowball\n>p1 move painsplit\n>p2 move shadowball\n>p1 switch 6\n>p2 move shadowball\n>p1 move dragondance\n>p2 move shadowball\n>p1 move wavecrash\n>p2 move shadowball\n>p1 switch 4\n>p1 move shadowsneak\n>p2 move aquajet\n>p2 switch 4\n>p1 switch 5\n>p2 move darkpulse\n>p1 move closecombat\n>p2 switch 6\n>p1 switch 5\n>p2 move thunderbolt\n>chat  WarmMonkey|yikers that shit hit\n>p1 move shadowsneak\n>p2 move thunderbolt\n>p2 switch 6\n>p1 move shadowsneak\n>p2 move darkpulse\n>p1 switch 5\n>p1 move closecombat\n>p2 move sludgebomb terastallize\n>p1 move machpunch\n>p2 move suckerpunch\n>p1 switch 6\n>p2 switch 2\n>p1 move painsplit\n>p2 move icehammer\n>p1 move fireblast\n>p2 move icehammer\n>p1 switch 2\n>p2 switch 5\n>p1 move knockoff\n>p2 move quiverdance\n>p1 move circlethrow\n>p2 move moonblast\n>p1 move circlethrow\n>p2 move moonblast\n>p1 switch 3\n>p1 move iciclecrash\n>p2 move moonblast\n>chat \u2606thestinkycheeseman|sigh\n>p1 move highhorsepower\n>p2 move moonblast\n>p2 switch 3\n>chat \u2606thestinkycheeseman|the ol 90% accuracy strikes again\n>p1 move closecombat\n>p2 move closecombat", "uploadtime": 1782781235, "views": 6, "formatid": "gen9randombattle", "rating": null, "private": 0, "password": null, "player_dets": [{"name": "thestinkycheeseman", "avatar": "skierf", "rating": 2157, "seed": "sodium,d2a1154be916c9800c67be488bd45b52"}, {"name": "minitops", "avatar": "2", "rating": 2109, "seed": "sodium,c5077e757d6cf11790b2b26d46f0fb44"}], "teams_full": [{"Weezing": {"name": "Weezing", "species": "Weezing", "speciesId": "weezing", "gender": "F", "shiny": false, "level": 88, "moves": ["fireblast", "painsplit", "sludgebomb", "toxicspikes"], "ability": "Levitate", "evs": {"hp": 85, "atk": 0, "def": 85, "spa": 85, "spd": 85, "spe": 85}, "ivs": {"hp": 31, "atk": 0, "def": 31, "spa": 31, "spd": 31, "spe": 31}, "item": "Leftovers", "teraType": "Steel", "role": "Bulky Attacker", "bvs": {"hp": 65, "atk": 90, "def": 120, "spa": 85, "spd": 70, "spe": 60}, "stats": {"hp": 258, "atk": 163, "def": 261, "spa": 200, "spd": 173, "spe": 156}, "types": ["Poison"]}, "Spidops": {"name": "Spidops", "species": "Spidops", "speciesId": "spidops", "gender": "M", "shiny": false, "level": 96, "moves": ["uturn", "knockoff", "stickyweb", "circlethrow"], "ability": "Stakeout", "evs": {"hp": 85, "atk": 85, "def": 85, "spa": 85, "spd": 85, "spe": 85}, "ivs": {"hp": 31, "atk": 31, "def": 31, "spa": 31, "spd": 31, "spe": 31}, "item": "Heavy-Duty Boots", "teraType": "Ghost", "role": "Bulky Support", "bvs": {"hp": 60, "atk": 79, "def": 92, "spa": 52, "spd": 86, "spe": 35}, "stats": {"hp": 271, "atk": 206, "def": 231, "spa": 154, "spd": 220, "spe": 122}, "types": ["Bug"]}, "Glastrier": {"name": "Glastrier", "species": "Glastrier", "speciesId": "glastrier", "gender": "N", "shiny": false, "level": 86, "moves": ["swordsdance", "highhorsepower", "closecombat", "iciclecrash"], "ability": "Chilling Neigh", "evs": {"hp": 85, "atk": 85, "def": 85, "spa": 85, "spd": 85, "spe": 85}, "ivs": {"hp": 31, "atk": 31, "def": 31, "spa": 31, "spd": 31, "spe": 31}, "item": "Heavy-Duty Boots", "teraType": "Ground", "role": "Bulky Attacker", "bvs": {"hp": 100, "atk": 145, "def": 130, "spa": 65, "spd": 110, "spe": 30}, "stats": {"hp": 312, "atk": 299, "def": 273, "spa": 161, "spd": 238, "spe": 101}, "types": ["Ice"]}, "Houndstone": {"name": "Houndstone", "species": "Houndstone", "speciesId": "houndstone", "gender": "M", "shiny": false, "level": 86, "moves": ["shadowsneak", "trick", "poltergeist", "bodypress"], "ability": "Fluffy", "evs": {"hp": 85, "atk": 85, "def": 85, "spa": 85, "spd": 85, "spe": 85}, "ivs": {"hp": 31, "atk": 31, "def": 31, "spa": 31, "spd": 31, "spe": 31}, "item": "Choice Band", "teraType": "Fighting", "role": "Bulky Attacker", "bvs": {"hp": 72, "atk": 101, "def": 100, "spa": 50, "spd": 97, "spe": 68}, "stats": {"hp": 264, "atk": 223, "def": 221, "spa": 135, "spd": 216, "spe": 166}, "types": ["Ghost"]}, "Infernape": {"name": "Infernape", "species": "Infernape", "speciesId": "infernape", "gender": "F", "shiny": false, "level": 82, "moves": ["machpunch", "closecombat", "knockoff", "overheat"], "ability": "Iron Fist", "evs": {"hp": 85, "atk": 85, "def": 85, "spa": 85, "spd": 85, "spe": 85}, "ivs": {"hp": 31, "atk": 31, "def": 31, "spa": 31, "spd": 31, "spe": 31}, "item": "Life Orb", "teraType": "Dark", "role": "Fast Attacker", "bvs": {"hp": 76, "atk": 104, "def": 71, "spa": 104, "spd": 71, "spe": 108}, "stats": {"hp": 259, "atk": 218, "def": 164, "spa": 218, "spd": 164, "spe": 224}, "types": ["Fire", "Fighting"]}, "Kingdra": {"name": "Kingdra", "species": "Kingdra", "speciesId": "kingdra", "gender": "M", "shiny": false, "level": 84, "moves": ["outrage", "dragondance", "ironhead", "wavecrash"], "ability": "Sniper", "evs": {"hp": 85, "atk": 85, "def": 85, "spa": 85, "spd": 85, "spe": 85}, "ivs": {"hp": 31, "atk": 31, "def": 31, "spa": 31, "spd": 31, "spe": 31}, "item": "Lum Berry", "teraType": "Steel", "role": "Fast Bulky Setup", "bvs": {"hp": 75, "atk": 95, "def": 95, "spa": 95, "spd": 95, "spe": 85}, "stats": {"hp": 263, "atk": 208, "def": 208, "spa": 208, "spd": 208, "spe": 191}, "types": ["Water", "Dragon"]}}, {"Ribombee": {"name": "Ribombee", "species": "Ribombee", "speciesId": "ribombee", "gender": "F", "shiny": false, "level": 83, "moves": ["bugbuzz", "quiverdance", "moonblast", "terablast"], "ability": "Shield Dust", "evs": {"hp": 85, "atk": 0, "def": 85, "spa": 85, "spd": 85, "spe": 85}, "ivs": {"hp": 31, "atk": 0, "def": 31, "spa": 31, "spd": 31, "spe": 31}, "item": "Heavy-Duty Boots", "teraType": "Ground", "role": "Tera Blast user", "bvs": {"hp": 60, "atk": 55, "def": 60, "spa": 95, "spd": 70, "spe": 124}, "stats": {"hp": 235, "atk": 96, "def": 147, "spa": 205, "spd": 164, "spe": 254}, "types": ["Bug", "Fairy"]}, "Crabominable": {"name": "Crabominable", "species": "Crabominable", "speciesId": "crabominable", "gender": "M", "shiny": false, "level": 90, "moves": ["knockoff", "earthquake", "icehammer", "drainpunch"], "ability": "Iron Fist", "evs": {"hp": 85, "atk": 85, "def": 85, "spa": 85, "spd": 85, "spe": 85}, "ivs": {"hp": 31, "atk": 31, "def": 31, "spa": 31, "spd": 31, "spe": 31}, "item": "Choice Band", "teraType": "Fighting", "role": "Wallbreaker", "bvs": {"hp": 97, "atk": 132, "def": 77, "spa": 62, "spd": 67, "spe": 43}, "stats": {"hp": 321, "atk": 289, "def": 190, "spa": 163, "spd": 172, "spe": 129}, "types": ["Fighting", "Ice"]}, "Ditto": {"name": "Ditto", "species": "Ditto", "speciesId": "ditto", "gender": "N", "shiny": false, "level": 87, "moves": ["transform"], "ability": "Imposter", "evs": {"hp": 85, "atk": 85, "def": 85, "spa": 85, "spd": 85, "spe": 85}, "ivs": {"hp": 31, "atk": 31, "def": 31, "spa": 31, "spd": 31, "spe": 31}, "item": "Choice Scarf", "teraType": "Steel", "role": "Fast Support", "bvs": {"hp": 48, "atk": 48, "def": 48, "spa": 48, "spd": 48, "spe": 48}, "stats": {"hp": 225, "atk": 133, "def": 133, "spa": 133, "spd": 133, "spe": 133}, "types": ["Normal"]}, "Houndoom": {"name": "Houndoom", "species": "Houndoom", "speciesId": "houndoom", "gender": "F", "shiny": false, "level": 87, "moves": ["sludgebomb", "fireblast", "suckerpunch", "darkpulse"], "ability": "Flash Fire", "evs": {"hp": 85, "atk": 85, "def": 85, "spa": 85, "spd": 85, "spe": 85}, "ivs": {"hp": 31, "atk": 31, "def": 31, "spa": 31, "spd": 31, "spe": 31}, "item": "Heavy-Duty Boots", "teraType": "Fire", "role": "Fast Attacker", "bvs": {"hp": 75, "atk": 90, "def": 50, "spa": 110, "spd": 80, "spe": 95}, "stats": {"hp": 272, "atk": 206, "def": 137, "spa": 241, "spd": 189, "spe": 215}, "types": ["Dark", "Fire"]}, "Basculegion": {"name": "Basculegion", "species": "Basculegion", "speciesId": "basculegion", "gender": "M", "shiny": false, "level": 80, "moves": ["aquajet", "wavecrash", "flipturn", "shadowball"], "ability": "Adaptability", "evs": {"hp": 85, "atk": 85, "def": 85, "spa": 85, "spd": 85, "spe": 85}, "ivs": {"hp": 31, "atk": 31, "def": 31, "spa": 31, "spd": 31, "spe": 31}, "item": "Assault Vest", "teraType": "Water", "role": "AV Pivot", "bvs": {"hp": 120, "atk": 112, "def": 65, "spa": 80, "spd": 75, "spe": 78}, "stats": {"hp": 323, "atk": 225, "def": 150, "spa": 174, "spd": 166, "spe": 171}, "types": ["Water", "Ghost"]}, "Ampharos": {"name": "Ampharos", "species": "Ampharos", "speciesId": "ampharos", "gender": "F", "shiny": false, "level": 88, "moves": ["focusblast", "thunderbolt", "agility", "dazzlinggleam"], "ability": "Static", "evs": {"hp": 85, "atk": 0, "def": 85, "spa": 85, "spd": 85, "spe": 85}, "ivs": {"hp": 31, "atk": 0, "def": 31, "spa": 31, "spd": 31, "spe": 31}, "item": "Life Orb", "teraType": "Electric", "role": "Wallbreaker", "bvs": {"hp": 90, "atk": 75, "def": 85, "spa": 115, "spd": 90, "spe": 55}, "stats": {"hp": 302, "atk": 137, "def": 200, "spa": 253, "spd": 209, "spe": 147}, "types": ["Electric"]}}]}