{"id": "gen9randombattle-2641358293", "format": "[Gen 9] Random Battle", "players": ["luisitoelmascapito", "sfadsfasfdasfd"], "log": "|j|\u2606luisitoelmascapito\n|j|\u2606sfadsfasfdasfd\n|t:|1782772541\n|gametype|singles\n|player|p1|luisitoelmascapito|1|1000\n|player|p2|sfadsfasfdasfd|169|1000\n|gen|9\n|tier|[Gen 9] Random Battle\n|rated|\n|rule|Species Clause: Limit one of each Pok\u00e9mon\n|rule|HP Percentage Mod: HP is shown in percentages\n|rule|Sleep Clause Mod: Limit one foe put to sleep\n|rule|Illusion Level Mod: Illusion disguises the Pok\u00e9mon's true level\n|\n|t:|1782772541\n|teamsize|p1|6\n|teamsize|p2|6\n|start\n|switch|p1a: Rhyperior|Rhyperior, L82, F|323/323\n|switch|p2a: Muk|Muk, L86, M|321/321\n|turn|1\n|\n|t:|1782772562\n|switch|p2a: Hitmontop|Hitmontop, L88, M|231/231\n|-ability|p2a: Hitmontop|Intimidate|boost\n|-unboost|p1a: Rhyperior|atk|1\n|move|p1a: Rhyperior|Earthquake|p2a: Hitmontop\n|-damage|p2a: Hitmontop|146/231\n|\n|upkeep\n|turn|2\n|\n|t:|1782772609\n|switch|p1a: Reuniclus|Reuniclus, L88, M|337/337\n|move|p2a: Hitmontop|Close Combat|p1a: Reuniclus\n|-resisted|p1a: Reuniclus\n|-damage|p1a: Reuniclus|263/337\n|-unboost|p2a: Hitmontop|def|1\n|-unboost|p2a: Hitmontop|spd|1\n|\n|upkeep\n|turn|3\n|\n|t:|1782772635\n|switch|p2a: Registeel|Registeel, L81|262/262\n|move|p1a: Reuniclus|Focus Blast|p2a: Registeel\n|-supereffective|p2a: Registeel\n|-damage|p2a: Registeel|54/262\n|\n|-heal|p2a: Registeel|70/262|[from] item: Leftovers\n|upkeep\n|turn|4\n|\n|t:|1782772677\n|move|p2a: Registeel|Stealth Rock|p1a: Reuniclus\n|-sidestart|p1: luisitoelmascapito|move: Stealth Rock\n|move|p1a: Reuniclus|Focus Blast|p2a: Registeel\n|-supereffective|p2a: Registeel\n|-damage|p2a: Registeel|0 fnt\n|faint|p2a: Registeel\n|\n|upkeep\n|\n|t:|1782772701\n|switch|p2a: Swampert|Swampert, L83, M|302/302\n|turn|5\n|inactive|Battle timer is ON: inactive players will automatically lose when time's up. (requested by sfadsfasfdasfd)\n|\n|t:|1782772763\n|move|p2a: Swampert|Knock Off|p1a: Reuniclus\n|-supereffective|p1a: Reuniclus\n|-damage|p1a: Reuniclus|93/337\n|-enditem|p1a: Reuniclus|Life Orb|[from] move: Knock Off|[of] p2a: Swampert\n|move|p1a: Reuniclus|Psychic|p2a: Swampert\n|-damage|p2a: Swampert|181/302\n|-unboost|p2a: Swampert|spd|1\n|\n|-heal|p2a: Swampert|199/302|[from] item: Leftovers\n|upkeep\n|turn|6\n|inactive|luisitoelmascapito has 120 seconds left.\n|\n|t:|1782772804\n|switch|p1a: Yanmega|Yanmega, L82, F|275/275\n|-damage|p1a: Yanmega|138/275|[from] Stealth Rock\n|move|p2a: Swampert|Earthquake|p1a: Yanmega\n|-immune|p1a: Yanmega\n|\n|-heal|p2a: Swampert|217/302|[from] item: Leftovers\n|upkeep\n|turn|7\n|inactive|luisitoelmascapito has 90 seconds left.\n|\n|t:|1782772861\n|switch|p2a: Muk|Muk, L86, M|321/321\n|move|p1a: Yanmega|Giga Drain|p2a: Muk\n|-resisted|p2a: Muk\n|-damage|p2a: Muk|267/321\n|-heal|p1a: Yanmega|165/275|[from] drain|[of] p2a: Muk\n|\n|upkeep\n|turn|8\n|inactive|luisitoelmascapito has 60 seconds left.\n|inactive|luisitoelmascapito has 30 seconds left.\n|\n|t:|1782772910\n|switch|p1a: Grafaiai|Grafaiai, L86, M|249/249\n|-damage|p1a: Grafaiai|218/249|[from] Stealth Rock\n|move|p2a: Muk|Ice Punch|p1a: Grafaiai\n|-damage|p1a: Grafaiai|146/249\n|\n|upkeep\n|turn|9\n|inactive|luisitoelmascapito has 30 seconds left.\n|inactive|luisitoelmascapito has 20 seconds left.\n|inactive|luisitoelmascapito has 15 seconds left.\n|inactive|luisitoelmascapito has 10 seconds left.\n|inactive|luisitoelmascapito has 5 seconds left.\n|-message|luisitoelmascapito lost due to inactivity.\n|\n|win|sfadsfasfdasfd\n|raw|luisitoelmascapito's rating: 1000 &rarr; <strong>1000</strong><br />(+0 for losing)\n|raw|sfadsfasfdasfd's rating: 1000 &rarr; <strong>1040</strong><br />(+40 for winning)\n", "inputlog": ">version f8ac14003a5f27e1bdc8d8c59608a773c1cb96e5\n>start {\"formatid\":\"gen9randombattle\",\"seed\":\"sodium,c38c317a23a09ba1d33e21820a80f660\",\"rated\":\"Rated battle\"}\n>player p1 {\"name\":\"luisitoelmascapito\",\"avatar\":\"1\",\"rating\":1000,\"seed\":\"sodium,eae4d0a9a453906d7d6c23ede66ef73e\"}\n>player p2 {\"name\":\"sfadsfasfdasfd\",\"avatar\":\"169\",\"rating\":1000,\"seed\":\"sodium,fe4f00475eceef6ab58a36fd25929778\"}\n>p1 move earthquake\n>p2 switch 3\n>p1 switch 3\n>p2 move closecombat\n>p1 move focusblast\n>p2 switch 5\n>p1 move focusblast\n>p2 move stealthrock\n>p2 switch 2\n>p1 move psychic\n>p2 move knockoff\n>p1 switch 4\n>p2 move earthquake\n>p1 move gigadrain\n>p2 switch 3\n>p1 switch 5\n>p2 move icepunch\n>forcelose p1", "uploadtime": 1782772952, "views": 2, "formatid": "gen9randombattle", "rating": 1000, "private": 0, "password": null, "player_dets": [{"name": "luisitoelmascapito", "avatar": "1", "rating": 1000, "seed": "sodium,eae4d0a9a453906d7d6c23ede66ef73e"}, {"name": "sfadsfasfdasfd", "avatar": "169", "rating": 1000, "seed": "sodium,fe4f00475eceef6ab58a36fd25929778"}], "teams_full": [{"Rhyperior": {"name": "Rhyperior", "species": "Rhyperior", "speciesId": "rhyperior", "gender": "F", "shiny": false, "level": 82, "moves": ["stoneedge", "dragontail", "megahorn", "earthquake"], "ability": "Solid Rock", "evs": {"hp": 85, "atk": 85, "def": 85, "spa": 85, "spd": 85, "spe": 85}, "ivs": {"hp": 31, "atk": 31, "def": 31, "spa": 31, "spd": 31, "spe": 31}, "item": "Assault Vest", "teraType": "Grass", "role": "Bulky Attacker", "bvs": {"hp": 115, "atk": 140, "def": 130, "spa": 55, "spd": 55, "spe": 40}, "stats": {"hp": 323, "atk": 277, "def": 260, "spa": 137, "spd": 137, "spe": 113}, "types": ["Ground", "Rock"]}, "Garchomp": {"name": "Garchomp", "species": "Garchomp", "speciesId": "garchomp", "gender": "M", "shiny": false, "level": 74, "moves": ["outrage", "earthquake", "dragontail", "stealthrock"], "ability": "Rough Skin", "evs": {"hp": 85, "atk": 85, "def": 85, "spa": 85, "spd": 85, "spe": 85}, "ivs": {"hp": 31, "atk": 31, "def": 31, "spa": 31, "spd": 31, "spe": 31}, "item": "Rocky Helmet", "teraType": "Steel", "role": "Fast Support", "bvs": {"hp": 108, "atk": 130, "def": 95, "spa": 80, "spd": 85, "spe": 102}, "stats": {"hp": 282, "atk": 235, "def": 184, "spa": 161, "spd": 169, "spe": 194}, "types": ["Dragon", "Ground"]}, "Reuniclus": {"name": "Reuniclus", "species": "Reuniclus", "speciesId": "reuniclus", "gender": "M", "shiny": false, "level": 88, "moves": ["focusblast", "recover", "calmmind", "psychic"], "ability": "Magic Guard", "evs": {"hp": 85, "atk": 0, "def": 85, "spa": 85, "spd": 85, "spe": 85}, "ivs": {"hp": 31, "atk": 0, "def": 31, "spa": 31, "spd": 31, "spe": 31}, "item": "Life Orb", "teraType": "Steel", "role": "Bulky Setup", "bvs": {"hp": 110, "atk": 65, "def": 75, "spa": 125, "spd": 85, "spe": 30}, "stats": {"hp": 337, "atk": 119, "def": 182, "spa": 270, "spd": 200, "spe": 103}, "types": ["Psychic"]}, "Yanmega": {"name": "Yanmega", "species": "Yanmega", "speciesId": "yanmega", "gender": "F", "shiny": false, "level": 82, "moves": ["uturn", "bugbuzz", "gigadrain", "airslash"], "ability": "Tinted Lens", "evs": {"hp": 85, "atk": 85, "def": 85, "spa": 85, "spd": 85, "spe": 85}, "ivs": {"hp": 31, "atk": 31, "def": 31, "spa": 31, "spd": 31, "spe": 31}, "item": "Choice Specs", "teraType": "Bug", "role": "Wallbreaker", "bvs": {"hp": 86, "atk": 76, "def": 86, "spa": 116, "spd": 56, "spe": 95}, "stats": {"hp": 275, "atk": 172, "def": 188, "spa": 237, "spd": 139, "spe": 203}, "types": ["Bug", "Flying"]}, "Grafaiai": {"name": "Grafaiai", "species": "Grafaiai", "speciesId": "grafaiai", "gender": "M", "shiny": false, "level": 86, "moves": ["superfang", "uturn", "gunkshot", "knockoff"], "ability": "Poison Touch", "evs": {"hp": 85, "atk": 85, "def": 85, "spa": 85, "spd": 85, "spe": 85}, "ivs": {"hp": 31, "atk": 31, "def": 31, "spa": 31, "spd": 31, "spe": 31}, "item": "Assault Vest", "teraType": "Dark", "role": "AV Pivot", "bvs": {"hp": 63, "atk": 95, "def": 65, "spa": 80, "spd": 72, "spe": 110}, "stats": {"hp": 249, "atk": 213, "def": 161, "spa": 187, "spd": 173, "spe": 238}, "types": ["Poison", "Normal"]}, "Snorlax": {"name": "Snorlax", "species": "Snorlax", "speciesId": "snorlax", "gender": "M", "shiny": false, "level": 82, "moves": ["bodyslam", "curse", "earthquake", "crunch"], "ability": "Thick Fat", "evs": {"hp": 85, "atk": 85, "def": 85, "spa": 85, "spd": 85, "spe": 85}, "ivs": {"hp": 31, "atk": 31, "def": 31, "spa": 31, "spd": 31, "spe": 31}, "item": "Leftovers", "teraType": "Poison", "role": "Bulky Setup", "bvs": {"hp": 160, "atk": 110, "def": 65, "spa": 65, "spd": 110, "spe": 30}, "stats": {"hp": 397, "atk": 228, "def": 154, "spa": 154, "spd": 228, "spe": 96}, "types": ["Normal"]}}, {"Muk": {"name": "Muk", "species": "Muk", "speciesId": "muk", "gender": "M", "shiny": false, "level": 86, "moves": ["poisonjab", "icepunch", "knockoff", "shadowsneak"], "ability": "Poison Touch", "evs": {"hp": 85, "atk": 85, "def": 85, "spa": 85, "spd": 85, "spe": 85}, "ivs": {"hp": 31, "atk": 31, "def": 31, "spa": 31, "spd": 31, "spe": 31}, "item": "Assault Vest", "teraType": "Dark", "role": "AV Pivot", "bvs": {"hp": 105, "atk": 105, "def": 75, "spa": 65, "spd": 100, "spe": 50}, "stats": {"hp": 321, "atk": 230, "def": 178, "spa": 161, "spd": 221, "spe": 135}, "types": ["Poison"]}, "Swampert": {"name": "Swampert", "species": "Swampert", "speciesId": "swampert", "gender": "M", "shiny": false, "level": 83, "moves": ["knockoff", "earthquake", "icebeam", "roar"], "ability": "Damp", "evs": {"hp": 85, "atk": 85, "def": 85, "spa": 85, "spd": 85, "spe": 85}, "ivs": {"hp": 31, "atk": 31, "def": 31, "spa": 31, "spd": 31, "spe": 31}, "item": "Leftovers", "teraType": "Poison", "role": "Bulky Support", "bvs": {"hp": 100, "atk": 110, "def": 90, "spa": 85, "spd": 90, "spe": 60}, "stats": {"hp": 302, "atk": 230, "def": 197, "spa": 189, "spd": 197, "spe": 147}, "types": ["Water", "Ground"]}, "Hitmontop": {"name": "Hitmontop", "species": "Hitmontop", "speciesId": "hitmontop", "gender": "M", "shiny": false, "level": 88, "moves": ["earthquake", "rapidspin", "closecombat", "stoneedge"], "ability": "Intimidate", "evs": {"hp": 85, "atk": 85, "def": 85, "spa": 85, "spd": 85, "spe": 85}, "ivs": {"hp": 31, "atk": 31, "def": 31, "spa": 31, "spd": 31, "spe": 31}, "item": "Assault Vest", "teraType": "Steel", "role": "Bulky Support", "bvs": {"hp": 50, "atk": 95, "def": 95, "spa": 35, "spd": 110, "spe": 70}, "stats": {"hp": 231, "atk": 217, "def": 217, "spa": 112, "spd": 244, "spe": 173}, "types": ["Fighting"]}, "Braviary": {"name": "Braviary", "species": "Braviary", "speciesId": "braviary", "gender": "M", "shiny": false, "level": 85, "moves": ["roost", "bravebird", "bulkup", "closecombat"], "ability": "Defiant", "evs": {"hp": 85, "atk": 85, "def": 85, "spa": 85, "spd": 85, "spe": 85}, "ivs": {"hp": 31, "atk": 31, "def": 31, "spa": 31, "spd": 31, "spe": 31}, "item": "Heavy-Duty Boots", "teraType": "Fighting", "role": "Fast Bulky Setup", "bvs": {"hp": 100, "atk": 123, "def": 75, "spa": 57, "spd": 75, "spe": 80}, "stats": {"hp": 309, "atk": 258, "def": 176, "spa": 146, "spd": 176, "spe": 185}, "types": ["Normal", "Flying"]}, "Registeel": {"name": "Registeel", "species": "Registeel", "speciesId": "registeel", "gender": "N", "shiny": false, "level": 81, "moves": ["stealthrock", "ironhead", "bodypress", "thunderwave"], "ability": "Clear Body", "evs": {"hp": 85, "atk": 85, "def": 85, "spa": 85, "spd": 85, "spe": 85}, "ivs": {"hp": 31, "atk": 31, "def": 31, "spa": 31, "spd": 31, "spe": 31}, "item": "Leftovers", "teraType": "Fighting", "role": "Bulky Support", "bvs": {"hp": 80, "atk": 75, "def": 150, "spa": 75, "spd": 150, "spe": 50}, "stats": {"hp": 262, "atk": 168, "def": 290, "spa": 168, "spd": 290, "spe": 128}, "types": ["Steel"]}, "Gallade": {"name": "Gallade", "species": "Gallade", "speciesId": "gallade", "gender": "M", "shiny": false, "level": 80, "moves": ["sacredsword", "nightslash", "agility", "psychocut"], "ability": "Sharpness", "evs": {"hp": 85, "atk": 85, "def": 85, "spa": 85, "spd": 85, "spe": 85}, "ivs": {"hp": 31, "atk": 31, "def": 31, "spa": 31, "spd": 31, "spe": 31}, "item": "Life Orb", "teraType": "Fighting", "role": "Setup Sweeper", "bvs": {"hp": 68, "atk": 125, "def": 65, "spa": 65, "spd": 115, "spe": 80}, "stats": {"hp": 240, "atk": 246, "def": 150, "spa": 150, "spd": 230, "spe": 174}, "types": ["Psychic", "Fighting"]}}]}