{"id": "gen9randombattle-2641392028", "format": "[Gen 9] Random Battle", "players": ["notmetbh102", "Elite 4 Anubis"], "log": "|j|\u2606notmetbh102\n|j|\u2606Elite 4 Anubis\n|t:|1782777818\n|gametype|singles\n|player|p1|notmetbh102|2|2144\n|player|p2|Elite 4 Anubis|266|2203\n|gen|9\n|tier|[Gen 9] Random Battle\n|rated|\n|rule|Species Clause: Limit one of each Pok\u00e9mon\n|rule|HP Percentage Mod: HP is shown in percentages\n|rule|Sleep Clause Mod: Limit one foe put to sleep\n|rule|Illusion Level Mod: Illusion disguises the Pok\u00e9mon's true level\n|\n|t:|1782777818\n|teamsize|p1|6\n|teamsize|p2|6\n|start\n|switch|p1a: Barraskewda|Barraskewda, L81, F|231/231\n|switch|p2a: Torkoal|Torkoal, L88, F|266/266\n|-weather|SunnyDay|[from] ability: Drought|[of] p2a: Torkoal\n|turn|1\n|inactive|Battle timer is ON: inactive players will automatically lose when time's up. (requested by notmetbh102)\n|c|\u2606notmetbh102|hf\n|\n|t:|1782777831\n|switch|p2a: Toxapex|Toxapex, L82, M|216/216\n|move|p1a: Barraskewda|Flip Turn|p2a: Toxapex\n|-resisted|p2a: Toxapex\n|-damage|p2a: Toxapex|200/216\n|-damage|p1a: Barraskewda|193/231|[from] item: Rocky Helmet|[of] p2a: Toxapex\n|\n|t:|1782777831\n|switch|p1a: Bruxish|Bruxish, L85, M|254/254|[from] Flip Turn\n|\n|-weather|SunnyDay|[upkeep]\n|upkeep\n|turn|2\n|\n|t:|1782777841\n|switch|p1a: Decidueye|Decidueye-Hisui, L87, F|295/295\n|switch|p2a: Articuno|Articuno-Galar, L84|288/288\n|\n|-weather|SunnyDay|[upkeep]\n|upkeep\n|turn|3\n|\n|t:|1782777849\n|switch|p1a: Plusle|Plusle, L95, F|268/268\n|move|p2a: Articuno|Freezing Glare|p1a: Plusle\n|-damage|p1a: Plusle|142/268\n|\n|-weather|SunnyDay|[upkeep]\n|upkeep\n|turn|4\n|\n|t:|1782777855\n|move|p1a: Plusle|Thunderbolt|p2a: Articuno\n|-supereffective|p2a: Articuno\n|-damage|p2a: Articuno|44/288\n|-damage|p1a: Plusle|116/268|[from] item: Life Orb\n|move|p2a: Articuno|Freezing Glare|p1a: Plusle\n|-damage|p1a: Plusle|10/268\n|\n|-weather|SunnyDay|[upkeep]\n|upkeep\n|turn|5\n|\n|t:|1782777868\n|switch|p2a: Trevenant|Trevenant, L89, M|296/296\n|move|p1a: Plusle|Thunderbolt|p2a: Trevenant\n|-resisted|p2a: Trevenant\n|-damage|p2a: Trevenant|230/296\n|-damage|p1a: Plusle|0 fnt|[from] item: Life Orb\n|faint|p1a: Plusle\n|\n|-weather|none\n|upkeep\n|\n|t:|1782777869\n|switch|p1a: Decidueye|Decidueye-Hisui, L87, F|295/295\n|turn|6\n|\n|t:|1782777878\n|switch|p2a: Toxapex|Toxapex, L82, M|216/216\n|move|p1a: Decidueye|Swords Dance|p1a: Decidueye\n|-boost|p1a: Decidueye|atk|2\n|\n|upkeep\n|turn|7\n|\n|t:|1782777883\n|move|p1a: Decidueye|Leaf Blade|p2a: Toxapex\n|-damage|p2a: Toxapex|59/216\n|-damage|p1a: Decidueye|246/295|[from] item: Rocky Helmet|[of] p2a: Toxapex\n|move|p2a: Toxapex|Haze|p2a: Toxapex\n|-clearallboost\n|\n|-heal|p1a: Decidueye|264/295|[from] item: Leftovers\n|upkeep\n|turn|8\n|\n|t:|1782777887\n|switch|p2a: Torkoal|Torkoal, L88, F|266/266\n|-weather|SunnyDay|[from] ability: Drought|[of] p2a: Torkoal\n|move|p1a: Decidueye|Swords Dance|p1a: Decidueye\n|-boost|p1a: Decidueye|atk|2\n|\n|-weather|SunnyDay|[upkeep]\n|-heal|p1a: Decidueye|282/295|[from] item: Leftovers\n|upkeep\n|turn|9\n|\n|t:|1782777889\n|move|p1a: Decidueye|Triple Arrows|p2a: Torkoal\n|-damage|p2a: Torkoal|110/266\n|cant|p2a: Torkoal|flinch\n|\n|-weather|SunnyDay|[upkeep]\n|-heal|p1a: Decidueye|295/295|[from] item: Leftovers\n|upkeep\n|turn|10\n|\n|t:|1782777898\n|move|p1a: Decidueye|Triple Arrows|p2a: Torkoal\n|-damage|p2a: Torkoal|0 fnt\n|faint|p2a: Torkoal\n|\n|-weather|SunnyDay|[upkeep]\n|upkeep\n|\n|t:|1782777899\n|switch|p2a: Articuno|Articuno-Galar, L84|44/288\n|turn|11\n|\n|t:|1782777901\n|-terastallize|p1a: Decidueye|Steel\n|move|p2a: Articuno|Freezing Glare|p1a: Decidueye\n|-resisted|p1a: Decidueye\n|-crit|p1a: Decidueye\n|-damage|p1a: Decidueye|214/295\n|move|p1a: Decidueye|Swords Dance|p1a: Decidueye\n|-boost|p1a: Decidueye|atk|2\n|\n|-weather|SunnyDay|[upkeep]\n|-heal|p1a: Decidueye|232/295|[from] item: Leftovers\n|upkeep\n|turn|12\n|\n|t:|1782777905\n|move|p2a: Articuno|Freezing Glare|p1a: Decidueye\n|-resisted|p1a: Decidueye\n|-crit|p1a: Decidueye\n|-damage|p1a: Decidueye|157/295\n|move|p1a: Decidueye|Leaf Blade|p2a: Articuno\n|-resisted|p2a: Articuno\n|-damage|p2a: Articuno|0 fnt\n|faint|p2a: Articuno\n|\n|-weather|none\n|-heal|p1a: Decidueye|175/295|[from] item: Leftovers\n|upkeep\n|\n|t:|1782777912\n|switch|p2a: Iron Boulder|Iron Boulder, L77|265/265\n|-enditem|p2a: Iron Boulder|Booster Energy\n|-activate|p2a: Iron Boulder|ability: Quark Drive|[fromitem]\n|-start|p2a: Iron Boulder|quarkdrivespe\n|turn|13\n|\n|t:|1782777915\n|switch|p1a: Bruxish|Bruxish, L85, M|254/254\n|move|p2a: Iron Boulder|Close Combat|p1a: Bruxish\n|-resisted|p1a: Bruxish\n|-damage|p1a: Bruxish|204/254\n|-unboost|p2a: Iron Boulder|def|1\n|-unboost|p2a: Iron Boulder|spd|1\n|\n|upkeep\n|turn|14\n|\n|t:|1782777922\n|switch|p1a: Decidueye|Decidueye-Hisui, L87, F, tera:Steel|175/295\n|move|p2a: Iron Boulder|Mighty Cleave|p1a: Decidueye\n|-resisted|p1a: Decidueye\n|-damage|p1a: Decidueye|120/295\n|\n|-heal|p1a: Decidueye|138/295|[from] item: Leftovers\n|upkeep\n|turn|15\n|\n|t:|1782777926\n|switch|p1a: Houndstone|Houndstone, L86, F|264/264\n|move|p2a: Iron Boulder|Close Combat|p1a: Houndstone\n|-immune|p1a: Houndstone\n|\n|upkeep\n|turn|16\n|\n|t:|1782777938\n|move|p2a: Iron Boulder|Swords Dance|p2a: Iron Boulder\n|-boost|p2a: Iron Boulder|atk|2\n|move|p1a: Houndstone|Poltergeist||[still]\n|-fail|p1a: Houndstone\n|\n|upkeep\n|turn|17\n|\n|t:|1782777942\n|move|p1a: Houndstone|Shadow Sneak|p2a: Iron Boulder\n|-supereffective|p2a: Iron Boulder\n|-damage|p2a: Iron Boulder|115/265\n|move|p2a: Iron Boulder|Mighty Cleave|p1a: Houndstone\n|-damage|p1a: Houndstone|181/264\n|\n|upkeep\n|turn|18\n|\n|t:|1782777947\n|-end|p2a: Iron Boulder|Quark Drive|[silent]\n|switch|p2a: Toxapex|Toxapex, L82, M|131/216\n|move|p1a: Houndstone|Poltergeist|p2a: Toxapex\n|-activate|p2a: Toxapex|move: Poltergeist|Rocky Helmet\n|-damage|p2a: Toxapex|50/216\n|\n|upkeep\n|turn|19\n|\n|t:|1782777955\n|switch|p2a: Iron Boulder|Iron Boulder, L77|115/265\n|move|p1a: Houndstone|Poltergeist||[still]\n|-fail|p1a: Houndstone\n|\n|upkeep\n|turn|20\n|\n|t:|1782777959\n|-end|p2a: Iron Boulder|Quark Drive|[silent]\n|switch|p2a: Toxapex|Toxapex, L82, M|122/216\n|move|p1a: Houndstone|Poltergeist|p2a: Toxapex\n|-activate|p2a: Toxapex|move: Poltergeist|Rocky Helmet\n|-damage|p2a: Toxapex|32/216\n|\n|upkeep\n|turn|21\n|\n|t:|1782777963\n|switch|p2a: Iron Boulder|Iron Boulder, L77|115/265\n|move|p1a: Houndstone|Poltergeist||[still]\n|-fail|p1a: Houndstone\n|\n|upkeep\n|turn|22\n|\n|t:|1782777966\n|move|p2a: Iron Boulder|Swords Dance|p2a: Iron Boulder\n|-boost|p2a: Iron Boulder|atk|2\n|move|p1a: Houndstone|Poltergeist||[still]\n|-fail|p1a: Houndstone\n|\n|upkeep\n|turn|23\n|\n|t:|1782777971\n|move|p1a: Houndstone|Shadow Sneak|p2a: Iron Boulder\n|-supereffective|p2a: Iron Boulder\n|-damage|p2a: Iron Boulder|0 fnt\n|faint|p2a: Iron Boulder\n|-end|p2a: Iron Boulder|Quark Drive|[silent]\n|\n|upkeep\n|\n|t:|1782777977\n|switch|p2a: Gogoat|Gogoat, L88, M|360/360\n|turn|24\n|\n|t:|1782777979\n|switch|p1a: Vigoroth|Vigoroth, L85, M|275/275\n|move|p2a: Gogoat|Bulk Up|p2a: Gogoat\n|-boost|p2a: Gogoat|atk|1\n|-boost|p2a: Gogoat|def|1\n|\n|upkeep\n|turn|25\n|\n|t:|1782777983\n|move|p1a: Vigoroth|Bulk Up|p1a: Vigoroth\n|-boost|p1a: Vigoroth|atk|1\n|-boost|p1a: Vigoroth|def|1\n|move|p2a: Gogoat|Bulk Up|p2a: Gogoat\n|-boost|p2a: Gogoat|atk|1\n|-boost|p2a: Gogoat|def|1\n|\n|upkeep\n|turn|26\n|\n|t:|1782777984\n|move|p1a: Vigoroth|Bulk Up|p1a: Vigoroth\n|-boost|p1a: Vigoroth|atk|1\n|-boost|p1a: Vigoroth|def|1\n|move|p2a: Gogoat|Bulk Up|p2a: Gogoat\n|-boost|p2a: Gogoat|atk|1\n|-boost|p2a: Gogoat|def|1\n|\n|upkeep\n|turn|27\n|\n|t:|1782777986\n|move|p1a: Vigoroth|Bulk Up|p1a: Vigoroth\n|-boost|p1a: Vigoroth|atk|1\n|-boost|p1a: Vigoroth|def|1\n|move|p2a: Gogoat|Bulk Up|p2a: Gogoat\n|-boost|p2a: Gogoat|atk|1\n|-boost|p2a: Gogoat|def|1\n|\n|upkeep\n|turn|28\n|\n|t:|1782777987\n|move|p1a: Vigoroth|Bulk Up|p1a: Vigoroth\n|-boost|p1a: Vigoroth|atk|1\n|-boost|p1a: Vigoroth|def|1\n|move|p2a: Gogoat|Bulk Up|p2a: Gogoat\n|-boost|p2a: Gogoat|atk|1\n|-boost|p2a: Gogoat|def|1\n|\n|upkeep\n|turn|29\n|\n|t:|1782777988\n|move|p1a: Vigoroth|Body Slam|p2a: Gogoat\n|-damage|p2a: Gogoat|272/360\n|move|p2a: Gogoat|Bulk Up|p2a: Gogoat\n|-boost|p2a: Gogoat|atk|1\n|-boost|p2a: Gogoat|def|1\n|\n|-heal|p2a: Gogoat|294/360|[from] item: Leftovers\n|upkeep\n|turn|30\n|\n|t:|1782777991\n|move|p1a: Vigoroth|Body Slam|p2a: Gogoat\n|-damage|p2a: Gogoat|225/360\n|move|p2a: Gogoat|Horn Leech|p1a: Vigoroth\n|-damage|p1a: Vigoroth|185/275\n|-heal|p2a: Gogoat|270/360|[from] drain|[of] p1a: Vigoroth\n|\n|-heal|p2a: Gogoat|292/360|[from] item: Leftovers\n|upkeep\n|turn|31\n|\n|t:|1782777992\n|move|p1a: Vigoroth|Knock Off|p2a: Gogoat\n|-damage|p2a: Gogoat|232/360\n|-enditem|p2a: Gogoat|Leftovers|[from] move: Knock Off|[of] p1a: Vigoroth\n|move|p2a: Gogoat|Horn Leech|p1a: Vigoroth\n|-damage|p1a: Vigoroth|106/275\n|-heal|p2a: Gogoat|272/360|[from] drain|[of] p1a: Vigoroth\n|\n|upkeep\n|turn|32\n|\n|t:|1782777994\n|move|p1a: Vigoroth|Slack Off|p1a: Vigoroth\n|-heal|p1a: Vigoroth|244/275\n|move|p2a: Gogoat|Horn Leech|p1a: Vigoroth\n|-damage|p1a: Vigoroth|157/275\n|-heal|p2a: Gogoat|316/360|[from] drain|[of] p1a: Vigoroth\n|\n|upkeep\n|turn|33\n|\n|t:|1782777995\n|move|p1a: Vigoroth|Bulk Up|p1a: Vigoroth\n|-boost|p1a: Vigoroth|atk|1\n|-boost|p1a: Vigoroth|def|1\n|move|p2a: Gogoat|Horn Leech|p1a: Vigoroth\n|-damage|p1a: Vigoroth|82/275\n|-heal|p2a: Gogoat|354/360|[from] drain|[of] p1a: Vigoroth\n|\n|upkeep\n|turn|34\n|\n|t:|1782777996\n|move|p1a: Vigoroth|Slack Off|p1a: Vigoroth\n|-heal|p1a: Vigoroth|220/275\n|move|p2a: Gogoat|Horn Leech|p1a: Vigoroth\n|-damage|p1a: Vigoroth|150/275\n|-heal|p2a: Gogoat|360/360|[from] drain|[of] p1a: Vigoroth\n|\n|upkeep\n|turn|35\n|j| flambesouffle\n|\n|t:|1782777998\n|move|p1a: Vigoroth|Slack Off|p1a: Vigoroth\n|-heal|p1a: Vigoroth|275/275\n|move|p2a: Gogoat|Horn Leech|p1a: Vigoroth\n|-damage|p1a: Vigoroth|196/275\n|\n|upkeep\n|turn|36\n|\n|t:|1782778000\n|move|p1a: Vigoroth|Body Slam|p2a: Gogoat\n|-damage|p2a: Gogoat|264/360\n|move|p2a: Gogoat|Horn Leech|p1a: Vigoroth\n|-damage|p1a: Vigoroth|123/275\n|-heal|p2a: Gogoat|301/360|[from] drain|[of] p1a: Vigoroth\n|\n|upkeep\n|turn|37\n|\n|t:|1782778002\n|move|p1a: Vigoroth|Slack Off|p1a: Vigoroth\n|-heal|p1a: Vigoroth|261/275\n|move|p2a: Gogoat|Horn Leech|p1a: Vigoroth\n|-damage|p1a: Vigoroth|183/275\n|-heal|p2a: Gogoat|340/360|[from] drain|[of] p1a: Vigoroth\n|\n|upkeep\n|turn|38\n|\n|t:|1782778004\n|move|p1a: Vigoroth|Body Slam|p2a: Gogoat\n|-damage|p2a: Gogoat|253/360\n|-status|p2a: Gogoat|par\n|move|p2a: Gogoat|Horn Leech|p1a: Vigoroth\n|-damage|p1a: Vigoroth|113/275\n|-heal|p2a: Gogoat|288/360 par|[from] drain|[of] p1a: Vigoroth\n|\n|upkeep\n|turn|39\n|\n|t:|1782778006\n|move|p1a: Vigoroth|Slack Off|p1a: Vigoroth\n|-heal|p1a: Vigoroth|251/275\n|move|p2a: Gogoat|Horn Leech|p1a: Vigoroth\n|-damage|p1a: Vigoroth|182/275\n|-heal|p2a: Gogoat|323/360 par|[from] drain|[of] p1a: Vigoroth\n|\n|upkeep\n|turn|40\n|\n|t:|1782778007\n|move|p1a: Vigoroth|Body Slam|p2a: Gogoat\n|-damage|p2a: Gogoat|233/360 par\n|cant|p2a: Gogoat|par\n|\n|upkeep\n|turn|41\n|\n|t:|1782778009\n|move|p1a: Vigoroth|Body Slam|p2a: Gogoat\n|-damage|p2a: Gogoat|140/360 par\n|move|p2a: Gogoat|Horn Leech|p1a: Vigoroth\n|-damage|p1a: Vigoroth|115/275\n|-heal|p2a: Gogoat|174/360 par|[from] drain|[of] p1a: Vigoroth\n|\n|upkeep\n|turn|42\n|\n|t:|1782778011\n|move|p1a: Vigoroth|Body Slam|p2a: Gogoat\n|-damage|p2a: Gogoat|87/360 par\n|cant|p2a: Gogoat|par\n|\n|upkeep\n|turn|43\n|\n|t:|1782778012\n|move|p1a: Vigoroth|Body Slam|p2a: Gogoat\n|-damage|p2a: Gogoat|0 fnt\n|faint|p2a: Gogoat\n|\n|upkeep\n|-message|Elite 4 Anubis forfeited.\n|\n|win|notmetbh102\n|raw|notmetbh102's rating: 2144 &rarr; <strong>2167</strong><br />(+23 for winning)\n|raw|Elite 4 Anubis's rating: 2203 &rarr; <strong>2180</strong><br />(-23 for losing)\n|l| flambesouffle\n|c|\u2606notmetbh102|gg\n|l|\u2606Elite 4 Anubis\n|player|p2|\n", "inputlog": ">version f8ac14003a5f27e1bdc8d8c59608a773c1cb96e5\n>start {\"formatid\":\"gen9randombattle\",\"seed\":\"sodium,4f7e33e1aa017d6528037d4b109f2b73\",\"rated\":\"Rated battle\"}\n>player p1 {\"name\":\"notmetbh102\",\"avatar\":\"2\",\"rating\":2144,\"seed\":\"sodium,764641ee3b53cf96588cb473e7b41163\"}\n>player p2 {\"name\":\"Elite 4 Anubis\",\"avatar\":\"266\",\"rating\":2203,\"seed\":\"sodium,21f54a8f6bf40c461284c6b91ffeb0f2\"}\n>chat \u2606notmetbh102|hf\n>p1 move flipturn\n>p2 switch 2\n>p1 switch 2\n>p1 switch 4\n>p2 switch 3\n>p1 switch 5\n>p2 move freezingglare\n>p1 move thunderbolt\n>p2 move freezingglare\n>p1 move thunderbolt\n>p2 switch 6\n>p1 switch 5\n>p1 move swordsdance\n>p2 switch 3\n>p1 move leafblade\n>p2 move haze\n>p1 move swordsdance\n>p2 switch 2\n>p1 move triplearrows\n>p2 move fireblast\n>p1 move triplearrows\n>p2 move fireblast\n>p2 switch 6\n>p1 move swordsdance terastallize\n>p2 move freezingglare\n>p1 move leafblade\n>p2 move freezingglare\n>p2 switch 4\n>p1 switch 4\n>p2 move closecombat\n>p1 switch 4\n>p2 move mightycleave\n>p1 switch 6\n>p2 move closecombat\n>p1 move poltergeist\n>p2 move swordsdance\n>p1 move shadowsneak\n>p2 move mightycleave\n>p1 move poltergeist\n>p2 switch 2\n>p1 move poltergeist\n>p2 switch 2\n>p1 move poltergeist\n>p2 switch 2\n>p1 move poltergeist\n>p2 switch 2\n>p1 move poltergeist\n>p2 move swordsdance\n>p1 move shadowsneak\n>p2 move mightycleave\n>p2 switch 5\n>p1 switch 3\n>p2 move bulkup\n>p1 move bulkup\n>p2 move bulkup\n>p1 move bulkup\n>p2 move bulkup\n>p1 move bulkup\n>p2 move bulkup\n>p1 move bulkup\n>p2 move bulkup\n>p1 move bodyslam\n>p2 move bulkup\n>p1 move bodyslam\n>p2 move hornleech\n>p1 move knockoff\n>p2 move hornleech\n>p1 move slackoff\n>p2 move hornleech\n>p1 move bulkup\n>p2 move hornleech\n>p1 move slackoff\n>p2 move hornleech\n>p1 move slackoff\n>p2 move hornleech\n>p1 move bodyslam\n>p2 move hornleech\n>p1 move slackoff\n>p2 move hornleech\n>p1 move bodyslam\n>p2 move hornleech\n>p1 move slackoff\n>p2 move hornleech\n>p1 move bodyslam\n>p2 move hornleech\n>p1 move bodyslam\n>p2 move hornleech\n>p1 move bodyslam\n>p2 move milkdrink\n>p1 move bodyslam\n>p2 move milkdrink\n>forcelose p2", "uploadtime": 1782778017, "views": 5, "formatid": "gen9randombattle", "rating": 2167, "private": 0, "password": null, "player_dets": [{"name": "notmetbh102", "avatar": "2", "rating": 2144, "seed": "sodium,764641ee3b53cf96588cb473e7b41163"}, {"name": "Elite 4 Anubis", "avatar": "266", "rating": 2203, "seed": "sodium,21f54a8f6bf40c461284c6b91ffeb0f2"}], "teams_full": [{"Barraskewda": {"name": "Barraskewda", "species": "Barraskewda", "speciesId": "barraskewda", "gender": "F", "shiny": false, "level": 81, "moves": ["psychicfangs", "closecombat", "waterfall", "flipturn"], "ability": "Swift Swim", "evs": {"hp": 85, "atk": 85, "def": 85, "spa": 85, "spd": 85, "spe": 85}, "ivs": {"hp": 31, "atk": 31, "def": 31, "spa": 31, "spd": 31, "spe": 31}, "item": "Choice Band", "teraType": "Fighting", "role": "Wallbreaker", "bvs": {"hp": 61, "atk": 123, "def": 60, "spa": 60, "spd": 50, "spe": 136}, "stats": {"hp": 231, "atk": 246, "def": 144, "spa": 144, "spd": 128, "spe": 267}, "types": ["Water"]}, "Bruxish": {"name": "Bruxish", "species": "Bruxish", "speciesId": "bruxish", "gender": "M", "shiny": false, "level": 85, "moves": ["swordsdance", "psychicfangs", "wavecrash", "crunch"], "ability": "Strong Jaw", "evs": {"hp": 85, "atk": 85, "def": 85, "spa": 85, "spd": 85, "spe": 85}, "ivs": {"hp": 31, "atk": 31, "def": 31, "spa": 31, "spd": 31, "spe": 31}, "item": "Life Orb", "teraType": "Psychic", "role": "Fast Attacker", "bvs": {"hp": 68, "atk": 105, "def": 70, "spa": 70, "spd": 70, "spe": 92}, "stats": {"hp": 254, "atk": 227, "def": 168, "spa": 168, "spd": 168, "spe": 205}, "types": ["Water", "Psychic"]}, "Vigoroth": {"name": "Vigoroth", "species": "Vigoroth", "speciesId": "vigoroth", "gender": "M", "shiny": false, "level": 85, "moves": ["knockoff", "bodyslam", "bulkup", "slackoff"], "ability": "Vital Spirit", "evs": {"hp": 85, "atk": 85, "def": 85, "spa": 85, "spd": 85, "spe": 85}, "ivs": {"hp": 31, "atk": 31, "def": 31, "spa": 31, "spd": 31, "spe": 31}, "item": "Eviolite", "teraType": "Ghost", "role": "Bulky Setup", "bvs": {"hp": 80, "atk": 80, "def": 80, "spa": 55, "spd": 55, "spe": 90}, "stats": {"hp": 275, "atk": 185, "def": 185, "spa": 142, "spd": 142, "spe": 202}, "types": ["Normal"]}, "Decidueye": {"name": "Decidueye", "species": "Decidueye-Hisui", "speciesId": "decidueyehisui", "gender": "F", "shiny": false, "level": 87, "moves": ["roost", "swordsdance", "triplearrows", "leafblade"], "ability": "Scrappy", "evs": {"hp": 85, "atk": 85, "def": 85, "spa": 85, "spd": 85, "spe": 85}, "ivs": {"hp": 31, "atk": 31, "def": 31, "spa": 31, "spd": 31, "spe": 31}, "item": "Leftovers", "teraType": "Steel", "role": "Bulky Attacker", "bvs": {"hp": 88, "atk": 112, "def": 80, "spa": 95, "spd": 95, "spe": 60}, "stats": {"hp": 295, "atk": 245, "def": 189, "spa": 215, "spd": 215, "spe": 154}, "types": ["Grass", "Fighting"]}, "Plusle": {"name": "Plusle", "species": "Plusle", "speciesId": "plusle", "gender": "F", "shiny": false, "level": 95, "moves": ["thunderbolt", "grassknot", "encore", "nastyplot"], "ability": "Lightning Rod", "evs": {"hp": 85, "atk": 0, "def": 85, "spa": 85, "spd": 85, "spe": 85}, "ivs": {"hp": 31, "atk": 0, "def": 31, "spa": 31, "spd": 31, "spe": 31}, "item": "Life Orb", "teraType": "Grass", "role": "Setup Sweeper", "bvs": {"hp": 60, "atk": 50, "def": 40, "spa": 85, "spd": 75, "spe": 95}, "stats": {"hp": 268, "atk": 100, "def": 130, "spa": 215, "spd": 196, "spe": 234}, "types": ["Electric"]}, "Houndstone": {"name": "Houndstone", "species": "Houndstone", "speciesId": "houndstone", "gender": "F", "shiny": false, "level": 86, "moves": ["poltergeist", "playrough", "shadowsneak", "bodypress"], "ability": "Fluffy", "evs": {"hp": 85, "atk": 85, "def": 85, "spa": 85, "spd": 85, "spe": 85}, "ivs": {"hp": 31, "atk": 31, "def": 31, "spa": 31, "spd": 31, "spe": 31}, "item": "Assault Vest", "teraType": "Fairy", "role": "AV Pivot", "bvs": {"hp": 72, "atk": 101, "def": 100, "spa": 50, "spd": 97, "spe": 68}, "stats": {"hp": 264, "atk": 223, "def": 221, "spa": 135, "spd": 216, "spe": 166}, "types": ["Ghost"]}}, {"Torkoal": {"name": "Torkoal", "species": "Torkoal", "speciesId": "torkoal", "gender": "F", "shiny": false, "level": 88, "moves": ["solarbeam", "earthquake", "yawn", "fireblast"], "ability": "Drought", "evs": {"hp": 85, "atk": 85, "def": 85, "spa": 85, "spd": 85, "spe": 85}, "ivs": {"hp": 31, "atk": 31, "def": 31, "spa": 31, "spd": 31, "spe": 31}, "item": "Heavy-Duty Boots", "teraType": "Grass", "role": "Wallbreaker", "bvs": {"hp": 70, "atk": 85, "def": 140, "spa": 85, "spd": 70, "spe": 20}, "stats": {"hp": 266, "atk": 200, "def": 297, "spa": 200, "spd": 173, "spe": 85}, "types": ["Fire"]}, "Toxapex": {"name": "Toxapex", "species": "Toxapex", "speciesId": "toxapex", "gender": "M", "shiny": false, "level": 82, "moves": ["recover", "liquidation", "haze", "toxic"], "ability": "Regenerator", "evs": {"hp": 85, "atk": 85, "def": 85, "spa": 85, "spd": 85, "spe": 85}, "ivs": {"hp": 31, "atk": 31, "def": 31, "spa": 31, "spd": 31, "spe": 31}, "item": "Rocky Helmet", "teraType": "Steel", "role": "Bulky Support", "bvs": {"hp": 50, "atk": 63, "def": 152, "spa": 53, "spd": 142, "spe": 35}, "stats": {"hp": 216, "atk": 150, "def": 296, "spa": 134, "spd": 280, "spe": 105}, "types": ["Poison", "Water"]}, "Articuno": {"name": "Articuno", "species": "Articuno-Galar", "speciesId": "articunogalar", "gender": "N", "shiny": false, "level": 84, "moves": ["hurricane", "calmmind", "recover", "freezingglare"], "ability": "Competitive", "evs": {"hp": 85, "atk": 0, "def": 85, "spa": 85, "spd": 85, "spe": 85}, "ivs": {"hp": 31, "atk": 0, "def": 31, "spa": 31, "spd": 31, "spe": 31}, "item": "Heavy-Duty Boots", "teraType": "Steel", "role": "Fast Bulky Setup", "bvs": {"hp": 90, "atk": 85, "def": 85, "spa": 125, "spd": 100, "spe": 95}, "stats": {"hp": 288, "atk": 147, "def": 191, "spa": 258, "spd": 216, "spe": 208}, "types": ["Psychic", "Flying"]}, "Iron Boulder": {"name": "Iron Boulder", "species": "Iron Boulder", "speciesId": "ironboulder", "gender": "N", "shiny": false, "level": 77, "moves": ["swordsdance", "closecombat", "zenheadbutt", "mightycleave"], "ability": "Quark Drive", "evs": {"hp": 85, "atk": 85, "def": 85, "spa": 85, "spd": 85, "spe": 85}, "ivs": {"hp": 31, "atk": 31, "def": 31, "spa": 31, "spd": 31, "spe": 31}, "item": "Booster Energy", "teraType": "Fighting", "role": "Fast Bulky Setup", "bvs": {"hp": 90, "atk": 120, "def": 80, "spa": 68, "spd": 108, "spe": 124}, "stats": {"hp": 265, "atk": 229, "def": 168, "spa": 149, "spd": 211, "spe": 236}, "types": ["Rock", "Psychic"]}, "Gogoat": {"name": "Gogoat", "species": "Gogoat", "speciesId": "gogoat", "gender": "M", "shiny": false, "level": 88, "moves": ["milkdrink", "hornleech", "earthquake", "bulkup"], "ability": "Sap Sipper", "evs": {"hp": 85, "atk": 85, "def": 85, "spa": 85, "spd": 85, "spe": 85}, "ivs": {"hp": 31, "atk": 31, "def": 31, "spa": 31, "spd": 31, "spe": 31}, "item": "Leftovers", "teraType": "Ground", "role": "Bulky Setup", "bvs": {"hp": 123, "atk": 100, "def": 62, "spa": 97, "spd": 81, "spe": 68}, "stats": {"hp": 360, "atk": 226, "def": 159, "spa": 221, "spd": 193, "spe": 170}, "types": ["Grass"]}, "Trevenant": {"name": "Trevenant", "species": "Trevenant", "speciesId": "trevenant", "gender": "M", "shiny": false, "level": 89, "moves": ["drainpunch", "toxic", "protect", "poltergeist"], "ability": "Harvest", "evs": {"hp": 85, "atk": 85, "def": 85, "spa": 85, "spd": 85, "spe": 85}, "ivs": {"hp": 31, "atk": 31, "def": 31, "spa": 31, "spd": 31, "spe": 31}, "item": "Sitrus Berry", "teraType": "Fighting", "role": "Bulky Support", "bvs": {"hp": 85, "atk": 110, "def": 76, "spa": 65, "spd": 82, "spe": 56}, "stats": {"hp": 296, "atk": 247, "def": 186, "spa": 166, "spd": 197, "spe": 150}, "types": ["Ghost", "Grass"]}}]}