{"id": "gen9randombattle-2641554854", "format": "[Gen 9] Random Battle", "players": ["hcff", "bigred1812"], "log": "|j|\u2606hcff\n|j|\u2606bigred1812\n|t:|1782806969\n|gametype|singles\n|player|p1|hcff|ingo|2225\n|player|p2|bigred1812|265|2079\n|gen|9\n|tier|[Gen 9] Random Battle\n|rated|\n|rule|Species Clause: Limit one of each Pok\u00e9mon\n|rule|HP Percentage Mod: HP is shown in percentages\n|rule|Sleep Clause Mod: Limit one foe put to sleep\n|rule|Illusion Level Mod: Illusion disguises the Pok\u00e9mon's true level\n|\n|t:|1782806969\n|teamsize|p1|6\n|teamsize|p2|6\n|start\n|switch|p1a: Eternatus|Eternatus, L69|308/308\n|switch|p2a: Golduck|Golduck, L90, F|290/290\n|-ability|p1a: Eternatus|Pressure\n|-ability|p2a: Golduck|Cloud Nine\n|turn|1\n|inactive|Battle timer is ON: inactive players will automatically lose when time's up. (requested by bigred1812)\n|\n|t:|1782806985\n|move|p1a: Eternatus|Toxic|p2a: Golduck\n|-status|p2a: Golduck|tox\n|move|p2a: Golduck|Ice Beam|p1a: Eternatus\n|-supereffective|p1a: Eternatus\n|-damage|p1a: Eternatus|38/308\n|\n|-damage|p2a: Golduck|272/290 tox|[from] psn\n|upkeep\n|turn|2\n|\n|t:|1782806989\n|switch|p1a: Wigglytuff|Wigglytuff, L96, F|424/424\n|move|p2a: Golduck|Ice Beam|p1a: Wigglytuff\n|-damage|p1a: Wigglytuff|273/424\n|-status|p1a: Wigglytuff|frz\n|\n|-heal|p1a: Wigglytuff|299/424 frz|[from] item: Leftovers\n|-damage|p2a: Golduck|236/290 tox|[from] psn\n|upkeep\n|turn|3\n|\n|t:|1782807000\n|switch|p2a: Solgaleo|Solgaleo, L74|325/325\n|switch|p1a: Skeledirge|Skeledirge, L79, F|294/294\n|\n|upkeep\n|turn|4\n|\n|t:|1782807018\n|switch|p2a: Umbreon|Umbreon, L84, M|297/297\n|move|p1a: Skeledirge|Torch Song|p2a: Umbreon\n|-damage|p2a: Umbreon|240/297\n|-boost|p1a: Skeledirge|spa|1\n|\n|-heal|p2a: Umbreon|258/297|[from] item: Leftovers\n|upkeep\n|turn|5\n|\n|t:|1782807028\n|switch|p1a: Wigglytuff|Wigglytuff, L96, F|299/424 frz\n|move|p2a: Umbreon|Foul Play|p1a: Wigglytuff\n|-resisted|p1a: Wigglytuff\n|-damage|p1a: Wigglytuff|249/424 frz\n|\n|-heal|p2a: Umbreon|276/297|[from] item: Leftovers\n|-heal|p1a: Wigglytuff|275/424 frz|[from] item: Leftovers\n|upkeep\n|turn|6\n|\n|t:|1782807039\n|switch|p2a: Goodra|Goodra-Hisui, L82, M|265/265\n|switch|p1a: Eternatus|Eternatus, L69|38/308\n|-ability|p1a: Eternatus|Pressure\n|\n|upkeep\n|turn|7\n|\n|t:|1782807048\n|switch|p1a: Ting-Lu|Ting-Lu, L78|370/370\n|-ability|p1a: Ting-Lu|Vessel of Ruin\n|switch|p2a: Golduck|Golduck, L90, F|236/290 tox\n|-ability|p2a: Golduck|Cloud Nine\n|\n|-damage|p2a: Golduck|218/290 tox|[from] psn\n|upkeep\n|turn|8\n|\n|t:|1782807063\n|switch|p1a: Phione|Phione, L91|293/293\n|move|p2a: Golduck|Hydro Pump|p1a: Phione\n|-resisted|p1a: Phione\n|-damage|p1a: Phione|193/293\n|\n|-heal|p1a: Phione|211/293|[from] item: Leftovers\n|-damage|p2a: Golduck|182/290 tox|[from] psn\n|upkeep\n|turn|9\n|\n|t:|1782807072\n|switch|p2a: Lurantis|Lurantis, L87, F|264/264\n|move|p1a: Phione|Take Heart|p1a: Phione\n|-boost|p1a: Phione|spa|1\n|-boost|p1a: Phione|spd|1\n|\n|-heal|p1a: Phione|229/293|[from] item: Leftovers\n|upkeep\n|turn|10\n|\n|t:|1782807082\n|move|p1a: Phione|Ice Beam|p2a: Lurantis\n|-supereffective|p2a: Lurantis\n|-damage|p2a: Lurantis|74/264\n|move|p2a: Lurantis|Leaf Storm|p1a: Phione|[miss]\n|-miss|p2a: Lurantis|p1a: Phione\n|\n|-heal|p1a: Phione|247/293|[from] item: Leftovers\n|-heal|p2a: Lurantis|90/264|[from] item: Leftovers\n|upkeep\n|turn|11\n|\n|t:|1782807087\n|move|p1a: Phione|Ice Beam|p2a: Lurantis\n|-supereffective|p2a: Lurantis\n|-damage|p2a: Lurantis|0 fnt\n|faint|p2a: Lurantis\n|\n|-heal|p1a: Phione|265/293|[from] item: Leftovers\n|upkeep\n|\n|t:|1782807091\n|switch|p2a: Umbreon|Umbreon, L84, M|276/297\n|turn|12\n|\n|t:|1782807095\n|move|p1a: Phione|Scald|p2a: Umbreon\n|-damage|p2a: Umbreon|176/297\n|move|p2a: Umbreon|Toxic|p1a: Phione\n|-status|p1a: Phione|tox\n|\n|-heal|p1a: Phione|283/293 tox|[from] item: Leftovers\n|-heal|p2a: Umbreon|194/297|[from] item: Leftovers\n|-damage|p1a: Phione|265/293 tox|[from] psn\n|upkeep\n|turn|13\n|\n|t:|1782807110\n|switch|p2a: Goodra|Goodra-Hisui, L82, M|265/265\n|move|p1a: Phione|Take Heart|p1a: Phione\n|-boost|p1a: Phione|spa|1\n|-boost|p1a: Phione|spd|1\n|-curestatus|p1a: Phione|tox|[msg]\n|\n|-heal|p1a: Phione|283/293|[from] item: Leftovers\n|upkeep\n|turn|14\n|\n|t:|1782807134\n|move|p1a: Phione|Ice Beam|p2a: Goodra\n|-damage|p2a: Goodra|204/265\n|move|p2a: Goodra|Thunderbolt|p1a: Phione\n|-supereffective|p1a: Phione\n|-damage|p1a: Phione|215/293\n|\n|-heal|p1a: Phione|233/293|[from] item: Leftovers\n|upkeep\n|turn|15\n|\n|t:|1782807138\n|move|p1a: Phione|Scald|p2a: Goodra\n|-resisted|p2a: Goodra\n|-damage|p2a: Goodra|168/265\n|move|p2a: Goodra|Thunderbolt|p1a: Phione\n|-supereffective|p1a: Phione\n|-damage|p1a: Phione|163/293\n|\n|-heal|p1a: Phione|181/293|[from] item: Leftovers\n|upkeep\n|turn|16\n|\n|t:|1782807156\n|move|p1a: Phione|Scald|p2a: Goodra\n|-resisted|p2a: Goodra\n|-damage|p2a: Goodra|128/265\n|move|p2a: Goodra|Thunderbolt|p1a: Phione\n|-supereffective|p1a: Phione\n|-damage|p1a: Phione|111/293\n|\n|-heal|p1a: Phione|129/293|[from] item: Leftovers\n|upkeep\n|turn|17\n|\n|t:|1782807164\n|switch|p1a: Ting-Lu|Ting-Lu, L78|370/370\n|-ability|p1a: Ting-Lu|Vessel of Ruin\n|move|p2a: Goodra|Thunderbolt|p1a: Ting-Lu\n|-immune|p1a: Ting-Lu\n|\n|upkeep\n|turn|18\n|\n|t:|1782807171\n|move|p2a: Goodra|Hydro Pump|p1a: Ting-Lu\n|-supereffective|p1a: Ting-Lu\n|-damage|p1a: Ting-Lu|218/370\n|move|p1a: Ting-Lu|Stealth Rock|p2a: Goodra\n|-sidestart|p2: bigred1812|move: Stealth Rock\n|\n|-heal|p1a: Ting-Lu|241/370|[from] item: Leftovers\n|upkeep\n|turn|19\n|\n|t:|1782807178\n|switch|p2a: Solgaleo|Solgaleo, L74|325/325\n|-damage|p2a: Solgaleo|305/325|[from] Stealth Rock\n|move|p1a: Ting-Lu|Earthquake|p2a: Solgaleo\n|-supereffective|p2a: Solgaleo\n|-damage|p2a: Solgaleo|93/325\n|-enditem|p2a: Solgaleo|Weakness Policy\n|-boost|p2a: Solgaleo|atk|2|[from] item: Weakness Policy\n|-boost|p2a: Solgaleo|spa|2|[from] item: Weakness Policy\n|\n|-heal|p1a: Ting-Lu|264/370|[from] item: Leftovers\n|upkeep\n|turn|20\n|\n|t:|1782807190\n|switch|p1a: Skeledirge|Skeledirge, L79, F|294/294\n|move|p2a: Solgaleo|Sunsteel Strike|p1a: Skeledirge\n|-resisted|p1a: Skeledirge\n|-damage|p1a: Skeledirge|185/294\n|\n|upkeep\n|turn|21\n|\n|t:|1782807197\n|move|p2a: Solgaleo|Psychic|p1a: Skeledirge\n|-damage|p1a: Skeledirge|86/294\n|move|p1a: Skeledirge|Slack Off|p1a: Skeledirge\n|-heal|p1a: Skeledirge|233/294\n|\n|upkeep\n|turn|22\n|\n|t:|1782807201\n|move|p2a: Solgaleo|Psychic|p1a: Skeledirge\n|-damage|p1a: Skeledirge|133/294\n|move|p1a: Skeledirge|Torch Song|p2a: Solgaleo\n|-supereffective|p2a: Solgaleo\n|-damage|p2a: Solgaleo|0 fnt\n|-boost|p1a: Skeledirge|spa|1\n|faint|p2a: Solgaleo\n|\n|upkeep\n|\n|t:|1782807210\n|switch|p2a: Roaring Moon|Roaring Moon, L72|270/270\n|-damage|p2a: Roaring Moon|237/270|[from] Stealth Rock\n|-enditem|p2a: Roaring Moon|Booster Energy\n|-activate|p2a: Roaring Moon|ability: Protosynthesis|[fromitem]\n|-start|p2a: Roaring Moon|protosynthesisatk\n|turn|23\n|inactive|hcff has 120 seconds left.\n|\n|t:|1782807244\n|move|p2a: Roaring Moon|Knock Off|p1a: Skeledirge\n|-supereffective|p1a: Skeledirge\n|-damage|p1a: Skeledirge|0 fnt\n|-enditem|p1a: Skeledirge|Heavy-Duty Boots|[from] move: Knock Off|[of] p2a: Roaring Moon\n|faint|p1a: Skeledirge\n|\n|upkeep\n|\n|t:|1782807248\n|switch|p1a: Eternatus|Eternatus, L69|38/308\n|-ability|p1a: Eternatus|Pressure\n|turn|24\n|\n|t:|1782807256\n|-terastallize|p2a: Roaring Moon|Flying\n|move|p1a: Eternatus|Toxic|p2a: Roaring Moon\n|-status|p2a: Roaring Moon|tox\n|move|p2a: Roaring Moon|Dragon Dance|p2a: Roaring Moon\n|-boost|p2a: Roaring Moon|atk|1\n|-boost|p2a: Roaring Moon|spe|1\n|\n|-damage|p2a: Roaring Moon|221/270 tox|[from] psn\n|upkeep\n|turn|25\n|\n|t:|1782807268\n|move|p2a: Roaring Moon|Acrobatics|p1a: Eternatus\n|-damage|p1a: Eternatus|0 fnt\n|-damage|p2a: Roaring Moon|176/270 tox|[from] item: Rocky Helmet|[of] p1a: Eternatus\n|faint|p1a: Eternatus\n|\n|-damage|p2a: Roaring Moon|144/270 tox|[from] psn\n|upkeep\n|\n|t:|1782807271\n|switch|p1a: Wigglytuff|Wigglytuff, L96, F|275/424 frz\n|turn|26\n|\n|t:|1782807275\n|cant|p1a: Wigglytuff|frz\n|move|p2a: Roaring Moon|Acrobatics|p1a: Wigglytuff\n|-damage|p1a: Wigglytuff|0 fnt\n|faint|p1a: Wigglytuff\n|\n|-damage|p2a: Roaring Moon|96/270 tox|[from] psn\n|upkeep\n|\n|t:|1782807286\n|switch|p1a: Breloom|Breloom, L83, M|235/235\n|turn|27\n|\n|t:|1782807297\n|switch|p1a: Ting-Lu|Ting-Lu, L78|264/370\n|-ability|p1a: Ting-Lu|Vessel of Ruin\n|move|p2a: Roaring Moon|Outrage|p1a: Ting-Lu\n|-damage|p1a: Ting-Lu|74/370\n|\n|-heal|p1a: Ting-Lu|97/370|[from] item: Leftovers\n|-damage|p2a: Roaring Moon|32/270 tox|[from] psn\n|upkeep\n|turn|28\n|\n|t:|1782807304\n|move|p2a: Roaring Moon|Outrage|p1a: Ting-Lu|[from] lockedmove\n|-damage|p1a: Ting-Lu|0 fnt\n|faint|p1a: Ting-Lu\n|-start|p2a: Roaring Moon|confusion|[fatigue]\n|\n|-damage|p2a: Roaring Moon|0 fnt|[from] psn\n|faint|p2a: Roaring Moon\n|-end|p2a: Roaring Moon|Protosynthesis|[silent]\n|upkeep\n|\n|t:|1782807317\n|switch|p2a: Umbreon|Umbreon, L84, M|194/297\n|switch|p1a: Breloom|Breloom, L83, M|235/235\n|-damage|p2a: Umbreon|157/297|[from] Stealth Rock\n|turn|29\n|\n|t:|1782807325\n|-terastallize|p1a: Breloom|Fighting\n|move|p1a: Breloom|Mach Punch|p2a: Umbreon\n|-supereffective|p2a: Umbreon\n|-damage|p2a: Umbreon|0 fnt\n|faint|p2a: Umbreon\n|-damage|p1a: Breloom|212/235|[from] item: Life Orb\n|\n|upkeep\n|\n|t:|1782807333\n|switch|p2a: Golduck|Golduck, L90, F|182/290 tox\n|-damage|p2a: Golduck|146/290 tox|[from] Stealth Rock\n|-ability|p2a: Golduck|Cloud Nine\n|turn|30\n|\n|t:|1782807340\n|switch|p1a: Phione|Phione, L91|129/293\n|move|p2a: Golduck|Hydro Pump|p1a: Phione\n|-resisted|p1a: Phione\n|-damage|p1a: Phione|27/293\n|\n|-heal|p1a: Phione|45/293|[from] item: Leftovers\n|-damage|p2a: Golduck|128/290 tox|[from] psn\n|upkeep\n|turn|31\n|\n|t:|1782807344\n|move|p2a: Golduck|Hydro Pump|p1a: Phione\n|-resisted|p1a: Phione\n|-damage|p1a: Phione|0 fnt\n|faint|p1a: Phione\n|\n|-damage|p2a: Golduck|92/290 tox|[from] psn\n|upkeep\n|\n|t:|1782807354\n|switch|p1a: Breloom|Breloom, L83, M, tera:Fighting|212/235\n|turn|32\n|\n|t:|1782807357\n|move|p1a: Breloom|Mach Punch|p2a: Golduck\n|-damage|p2a: Golduck|0 fnt\n|faint|p2a: Golduck\n|-damage|p1a: Breloom|189/235|[from] item: Life Orb\n|\n|upkeep\n|-message|bigred1812 forfeited.\n|\n|win|hcff\n", "inputlog": ">version f8ac14003a5f27e1bdc8d8c59608a773c1cb96e5\n>start {\"formatid\":\"gen9randombattle\",\"seed\":\"sodium,cb04d3b153dd79e541a9a9092e54f820\",\"rated\":\"Rated battle\"}\n>player p1 {\"name\":\"hcff\",\"avatar\":\"ingo\",\"rating\":2225,\"seed\":\"sodium,c4f7648ebecf32e52f566d34ff4f5a85\"}\n>player p2 {\"name\":\"bigred1812\",\"avatar\":\"265\",\"rating\":2079,\"seed\":\"sodium,8550b7ab54c563165a1f627421f1d264\"}\n>p1 move toxic\n>p2 move icebeam\n>p1 switch 3\n>p2 move icebeam\n>p1 switch 4\n>p2 switch 5\n>p1 move torchsong\n>p2 switch 2\n>p1 switch 4\n>p2 move foulplay\n>p1 switch 3\n>p2 switch 4\n>p1 switch 6\n>p2 switch 5\n>p1 switch 5\n>p2 move hydropump\n>p1 move takeheart\n>p2 switch 6\n>p1 move icebeam\n>p2 move leafstorm\n>p1 move icebeam\n>p2 move leafstorm\n>p2 switch 4\n>p1 move scald\n>p2 move toxic\n>p1 move takeheart\n>p2 switch 5\n>p1 move icebeam\n>p2 move thunderbolt\n>p1 move scald\n>p2 move thunderbolt\n>p1 move scald\n>p2 move thunderbolt\n>p1 switch 5\n>p2 move thunderbolt\n>p1 move stealthrock\n>p2 move hydropump\n>p1 move earthquake\n>p2 switch 2\n>p1 switch 4\n>p2 move sunsteelstrike\n>p1 move slackoff\n>p2 move psychic\n>p1 move torchsong\n>p2 move psychic\n>p2 switch 3\n>p1 move torchsong\n>p2 move knockoff\n>p1 switch 6\n>p1 move toxic\n>p2 move dragondance terastallize\n>p1 move recover\n>p2 move acrobatics\n>p1 switch 3\n>p1 move protect\n>p2 move acrobatics\n>p1 switch 2\n>p1 switch 4\n>p2 move outrage\n>p1 move payback\n>p2 move outrage\n>p1 switch 4\n>p2 switch 5\n>p1 move machpunch terastallize\n>p2 move toxic\n>p2 switch 6\n>p1 switch 5\n>p2 move hydropump\n>p1 move scald\n>p2 move hydropump\n>p1 switch 5\n>p1 move machpunch\n>p2 move hydropump\n>forcelose p2", "uploadtime": 1782806971, "views": 8, "formatid": "gen9randombattle", "rating": null, "private": 0, "password": null, "player_dets": [{"name": "hcff", "avatar": "ingo", "rating": 2225, "seed": "sodium,c4f7648ebecf32e52f566d34ff4f5a85"}, {"name": "bigred1812", "avatar": "265", "rating": 2079, "seed": "sodium,8550b7ab54c563165a1f627421f1d264"}], "teams_full": [{"Eternatus": {"name": "Eternatus", "species": "Eternatus", "speciesId": "eternatus", "gender": "N", "shiny": false, "level": 69, "moves": ["toxic", "recover", "dynamaxcannon", "flamethrower"], "ability": "Pressure", "evs": {"hp": 85, "atk": 0, "def": 85, "spa": 85, "spd": 85, "spe": 85}, "ivs": {"hp": 31, "atk": 0, "def": 31, "spa": 31, "spd": 31, "spe": 31}, "item": "Rocky Helmet", "teraType": "Water", "role": "Bulky Support", "bvs": {"hp": 140, "atk": 85, "def": 95, "spa": 145, "spd": 95, "spe": 130}, "stats": {"hp": 308, "atk": 122, "def": 171, "spa": 240, "spd": 171, "spe": 220}, "types": ["Poison", "Dragon"]}, "Breloom": {"name": "Breloom", "species": "Breloom", "speciesId": "breloom", "gender": "M", "shiny": false, "level": 83, "moves": ["swordsdance", "bulletseed", "rocktomb", "machpunch"], "ability": "Technician", "evs": {"hp": 85, "atk": 85, "def": 85, "spa": 85, "spd": 85, "spe": 85}, "ivs": {"hp": 31, "atk": 31, "def": 31, "spa": 31, "spd": 31, "spe": 31}, "item": "Life Orb", "teraType": "Fighting", "role": "Fast Attacker", "bvs": {"hp": 60, "atk": 130, "def": 80, "spa": 60, "spd": 60, "spe": 70}, "stats": {"hp": 235, "atk": 263, "def": 180, "spa": 147, "spd": 147, "spe": 164}, "types": ["Grass", "Fighting"]}, "Wigglytuff": {"name": "Wigglytuff", "species": "Wigglytuff", "speciesId": "wigglytuff", "gender": "F", "shiny": false, "level": 96, "moves": ["alluringvoice", "protect", "thunderwave", "wish"], "ability": "Competitive", "evs": {"hp": 85, "atk": 0, "def": 85, "spa": 85, "spd": 85, "spe": 85}, "ivs": {"hp": 31, "atk": 0, "def": 31, "spa": 31, "spd": 31, "spe": 31}, "item": "Leftovers", "teraType": "Poison", "role": "Bulky Support", "bvs": {"hp": 140, "atk": 70, "def": 45, "spa": 85, "spd": 50, "spe": 45}, "stats": {"hp": 424, "atk": 139, "def": 141, "spa": 218, "spd": 150, "spe": 141}, "types": ["Normal", "Fairy"]}, "Skeledirge": {"name": "Skeledirge", "species": "Skeledirge", "speciesId": "skeledirge", "gender": "F", "shiny": false, "level": 79, "moves": ["flamecharge", "slackoff", "torchsong", "shadowball"], "ability": "Unaware", "evs": {"hp": 85, "atk": 85, "def": 85, "spa": 85, "spd": 85, "spe": 85}, "ivs": {"hp": 31, "atk": 31, "def": 31, "spa": 31, "spd": 31, "spe": 31}, "item": "Heavy-Duty Boots", "teraType": "Fairy", "role": "Bulky Attacker", "bvs": {"hp": 104, "atk": 75, "def": 100, "spa": 110, "spd": 75, "spe": 66}, "stats": {"hp": 294, "atk": 164, "def": 204, "spa": 219, "spd": 164, "spe": 150}, "types": ["Fire", "Ghost"]}, "Phione": {"name": "Phione", "species": "Phione", "speciesId": "phione", "gender": "N", "shiny": false, "level": 91, "moves": ["scald", "grassknot", "icebeam", "takeheart"], "ability": "Hydration", "evs": {"hp": 85, "atk": 0, "def": 85, "spa": 85, "spd": 85, "spe": 85}, "ivs": {"hp": 31, "atk": 0, "def": 31, "spa": 31, "spd": 31, "spe": 31}, "item": "Leftovers", "teraType": "Grass", "role": "Bulky Attacker", "bvs": {"hp": 80, "atk": 80, "def": 80, "spa": 80, "spd": 80, "spe": 80}, "stats": {"hp": 293, "atk": 150, "def": 197, "spa": 197, "spd": 197, "spe": 197}, "types": ["Water"]}, "Ting-Lu": {"name": "Ting-Lu", "species": "Ting-Lu", "speciesId": "tinglu", "gender": "N", "shiny": false, "level": 78, "moves": ["earthquake", "stealthrock", "payback", "heavyslam"], "ability": "Vessel of Ruin", "evs": {"hp": 85, "atk": 85, "def": 85, "spa": 85, "spd": 85, "spe": 85}, "ivs": {"hp": 31, "atk": 31, "def": 31, "spa": 31, "spd": 31, "spe": 31}, "item": "Leftovers", "teraType": "Steel", "role": "Bulky Attacker", "bvs": {"hp": 155, "atk": 110, "def": 125, "spa": 55, "spd": 80, "spe": 45}, "stats": {"hp": 370, "atk": 217, "def": 240, "spa": 131, "spd": 170, "spe": 115}, "types": ["Dark", "Ground"]}}, {"Golduck": {"name": "Golduck", "species": "Golduck", "speciesId": "golduck", "gender": "F", "shiny": false, "level": 90, "moves": ["grassknot", "hydropump", "flipturn", "icebeam"], "ability": "Cloud Nine", "evs": {"hp": 85, "atk": 85, "def": 85, "spa": 85, "spd": 85, "spe": 85}, "ivs": {"hp": 31, "atk": 31, "def": 31, "spa": 31, "spd": 31, "spe": 31}, "item": "Choice Specs", "teraType": "Grass", "role": "Fast Attacker", "bvs": {"hp": 80, "atk": 82, "def": 78, "spa": 95, "spd": 80, "spe": 85}, "stats": {"hp": 290, "atk": 199, "def": 192, "spa": 222, "spd": 195, "spe": 204}, "types": ["Water"]}, "Umbreon": {"name": "Umbreon", "species": "Umbreon", "speciesId": "umbreon", "gender": "M", "shiny": false, "level": 84, "moves": ["toxic", "wish", "protect", "foulplay"], "ability": "Synchronize", "evs": {"hp": 85, "atk": 0, "def": 85, "spa": 85, "spd": 85, "spe": 85}, "ivs": {"hp": 31, "atk": 0, "def": 31, "spa": 31, "spd": 31, "spe": 31}, "item": "Leftovers", "teraType": "Poison", "role": "Bulky Support", "bvs": {"hp": 95, "atk": 65, "def": 110, "spa": 60, "spd": 130, "spe": 65}, "stats": {"hp": 297, "atk": 114, "def": 233, "spa": 149, "spd": 267, "spe": 157}, "types": ["Dark"]}, "Roaring Moon": {"name": "Roaring Moon", "species": "Roaring Moon", "speciesId": "roaringmoon", "gender": "N", "shiny": false, "level": 72, "moves": ["acrobatics", "dragondance", "outrage", "knockoff"], "ability": "Protosynthesis", "evs": {"hp": 85, "atk": 85, "def": 85, "spa": 85, "spd": 85, "spe": 85}, "ivs": {"hp": 31, "atk": 31, "def": 31, "spa": 31, "spd": 31, "spe": 31}, "item": "Booster Energy", "teraType": "Flying", "role": "Fast Bulky Setup", "bvs": {"hp": 105, "atk": 139, "def": 71, "spa": 55, "spd": 101, "spe": 119}, "stats": {"hp": 270, "atk": 242, "def": 144, "spa": 121, "spd": 187, "spe": 213}, "types": ["Dragon", "Dark"]}, "Goodra": {"name": "Goodra", "species": "Goodra-Hisui", "speciesId": "goodrahisui", "gender": "M", "shiny": false, "level": 82, "moves": ["dracometeor", "heavyslam", "hydropump", "thunderbolt"], "ability": "Sap Sipper", "evs": {"hp": 85, "atk": 85, "def": 85, "spa": 85, "spd": 85, "spe": 85}, "ivs": {"hp": 31, "atk": 31, "def": 31, "spa": 31, "spd": 31, "spe": 31}, "item": "Assault Vest", "teraType": "Water", "role": "AV Pivot", "bvs": {"hp": 80, "atk": 100, "def": 100, "spa": 110, "spd": 150, "spe": 60}, "stats": {"hp": 265, "atk": 211, "def": 211, "spa": 228, "spd": 293, "spe": 146}, "types": ["Steel", "Dragon"]}, "Solgaleo": {"name": "Solgaleo", "species": "Solgaleo", "speciesId": "solgaleo", "gender": "N", "shiny": false, "level": 74, "moves": ["flamecharge", "closecombat", "psychic", "sunsteelstrike"], "ability": "Full Metal Body", "evs": {"hp": 85, "atk": 85, "def": 85, "spa": 85, "spd": 85, "spe": 85}, "ivs": {"hp": 31, "atk": 31, "def": 31, "spa": 31, "spd": 31, "spe": 31}, "item": "Weakness Policy", "teraType": "Fighting", "role": "Bulky Setup", "bvs": {"hp": 137, "atk": 137, "def": 107, "spa": 113, "spd": 89, "spe": 97}, "stats": {"hp": 325, "atk": 246, "def": 201, "spa": 210, "spd": 175, "spe": 187}, "types": ["Psychic", "Steel"]}, "Lurantis": {"name": "Lurantis", "species": "Lurantis", "speciesId": "lurantis", "gender": "F", "shiny": false, "level": 87, "moves": ["superpower", "knockoff", "leafstorm", "synthesis"], "ability": "Contrary", "evs": {"hp": 85, "atk": 85, "def": 85, "spa": 85, "spd": 85, "spe": 85}, "ivs": {"hp": 31, "atk": 31, "def": 31, "spa": 31, "spd": 31, "spe": 31}, "item": "Leftovers", "teraType": "Fighting", "role": "Bulky Attacker", "bvs": {"hp": 70, "atk": 105, "def": 90, "spa": 80, "spd": 90, "spe": 45}, "stats": {"hp": 264, "atk": 232, "def": 206, "spa": 189, "spd": 206, "spe": 128}, "types": ["Grass"]}}]}