{"id": "gen9randombattle-2641543174", "format": "[Gen 9] Random Battle", "players": ["Zibabu", "fluffIgang"], "log": "|j|\u2606Zibabu\n|j|\u2606fluffIgang\n|t:|1782804483\n|gametype|singles\n|player|p1|Zibabu|102|1961\n|player|p2|fluffIgang|caitlin|1900\n|gen|9\n|tier|[Gen 9] Random Battle\n|rated|\n|rule|Species Clause: Limit one of each Pok\u00e9mon\n|rule|HP Percentage Mod: HP is shown in percentages\n|rule|Sleep Clause Mod: Limit one foe put to sleep\n|rule|Illusion Level Mod: Illusion disguises the Pok\u00e9mon's true level\n|\n|t:|1782804483\n|teamsize|p1|6\n|teamsize|p2|6\n|start\n|switch|p1a: Victreebel|Victreebel, L90, F|290/290\n|switch|p2a: Shiftry|Shiftry, L89, M|305/305\n|turn|1\n|inactive|Battle timer is ON: inactive players will automatically lose when time's up. (requested by Zibabu)\n|inactive|fluffIgang has 120 seconds left.\n|\n|t:|1782804518\n|switch|p2a: Skuntank|Skuntank, L84, M|310/310\n|move|p1a: Victreebel|Sludge Wave|p2a: Skuntank\n|-resisted|p2a: Skuntank\n|-damage|p2a: Skuntank|209/310\n|-damage|p1a: Victreebel|261/290|[from] item: Life Orb\n|\n|upkeep\n|turn|2\n|\n|t:|1782804526\n|switch|p1a: Iron Boulder|Iron Boulder, L77|265/265\n|-enditem|p1a: Iron Boulder|Booster Energy\n|-activate|p1a: Iron Boulder|ability: Quark Drive|[fromitem]\n|-start|p1a: Iron Boulder|quarkdrivespe\n|move|p2a: Skuntank|Knock Off|p1a: Iron Boulder\n|-supereffective|p1a: Iron Boulder\n|-damage|p1a: Iron Boulder|54/265\n|-damage|p2a: Skuntank|178/310|[from] item: Life Orb\n|\n|upkeep\n|turn|3\n|\n|t:|1782804532\n|move|p2a: Skuntank|Sucker Punch|p1a: Iron Boulder\n|-supereffective|p1a: Iron Boulder\n|-damage|p1a: Iron Boulder|0 fnt\n|faint|p1a: Iron Boulder\n|-end|p1a: Iron Boulder|Quark Drive|[silent]\n|-damage|p2a: Skuntank|147/310|[from] item: Life Orb\n|\n|upkeep\n|\n|t:|1782804536\n|switch|p1a: Hitmonlee|Hitmonlee, L85, M|223/223\n|turn|4\n|\n|t:|1782804546\n|move|p1a: Hitmonlee|High Jump Kick|p2a: Skuntank\n|-damage|p2a: Skuntank|0 fnt\n|-damage|p1a: Hitmonlee|168/223|[from] ability: Aftermath|[of] p2a: Skuntank\n|faint|p2a: Skuntank\n|\n|upkeep\n|\n|t:|1782804560\n|switch|p2a: Diancie|Diancie, L82|216/216\n|turn|5\n|\n|t:|1782804567\n|switch|p1a: Victreebel|Victreebel, L90, F|261/290\n|move|p2a: Diancie|Draining Kiss|p1a: Victreebel\n|-resisted|p1a: Victreebel\n|-damage|p1a: Victreebel|232/290\n|\n|upkeep\n|turn|6\n|\n|t:|1782804574\n|switch|p2a: Gogoat|Gogoat, L88, M|360/360\n|move|p1a: Victreebel|Power Whip|p2a: Gogoat\n|-ability|p2a: Gogoat|Sap Sipper|boost\n|-boost|p2a: Gogoat|atk|1\n|\n|upkeep\n|turn|7\n|\n|t:|1782804583\n|move|p1a: Victreebel|Sludge Wave|p2a: Gogoat\n|-supereffective|p2a: Gogoat\n|-damage|p2a: Gogoat|40/360\n|-damage|p1a: Victreebel|203/290|[from] item: Life Orb\n|move|p2a: Gogoat|Rock Slide|p1a: Victreebel\n|-damage|p1a: Victreebel|90/290\n|\n|-heal|p2a: Gogoat|62/360|[from] item: Leftovers\n|upkeep\n|turn|8\n|\n|t:|1782804588\n|move|p1a: Victreebel|Sludge Wave|p2a: Gogoat\n|-supereffective|p2a: Gogoat\n|-damage|p2a: Gogoat|0 fnt\n|faint|p2a: Gogoat\n|-damage|p1a: Victreebel|61/290|[from] item: Life Orb\n|\n|upkeep\n|\n|t:|1782804594\n|switch|p2a: Dugtrio|Dugtrio-Alola, L84, F|196/196\n|turn|9\n|\n|t:|1782804607\n|switch|p1a: Hydrapple|Hydrapple, L83, M|312/312\n|move|p2a: Dugtrio|Earthquake|p1a: Hydrapple\n|-resisted|p1a: Hydrapple\n|-damage|p1a: Hydrapple|257/312\n|-damage|p2a: Dugtrio|177/196|[from] item: Life Orb\n|\n|upkeep\n|turn|10\n|\n|t:|1782804632\n|switch|p2a: Phione|Phione, L91|293/293\n|move|p1a: Hydrapple|Giga Drain|p2a: Phione\n|-supereffective|p2a: Phione\n|-damage|p2a: Phione|43/293\n|-heal|p1a: Hydrapple|312/312|[from] drain|[of] p2a: Phione\n|-damage|p1a: Hydrapple|281/312|[from] item: Life Orb\n|\n|-heal|p2a: Phione|61/293|[from] item: Leftovers\n|upkeep\n|turn|11\n|\n|t:|1782804643\n|switch|p1a: Hitmonlee|Hitmonlee, L85, M|168/223\n|move|p2a: Phione|Ice Beam|p1a: Hitmonlee\n|-damage|p1a: Hitmonlee|110/223\n|-status|p1a: Hitmonlee|frz\n|\n|-heal|p2a: Phione|79/293|[from] item: Leftovers\n|upkeep\n|turn|12\n|\n|t:|1782804648\n|cant|p1a: Hitmonlee|frz\n|move|p2a: Phione|Ice Beam|p1a: Hitmonlee\n|-damage|p1a: Hitmonlee|54/223 frz\n|\n|-heal|p2a: Phione|97/293|[from] item: Leftovers\n|upkeep\n|turn|13\n|\n|t:|1782804652\n|cant|p1a: Hitmonlee|frz\n|move|p2a: Phione|Scald|p1a: Hitmonlee\n|-damage|p1a: Hitmonlee|0 fnt\n|faint|p1a: Hitmonlee\n|\n|-heal|p2a: Phione|115/293|[from] item: Leftovers\n|upkeep\n|\n|t:|1782804662\n|switch|p1a: Comfey|Comfey, L85, F|225/225\n|turn|14\n|\n|t:|1782804666\n|switch|p2a: Dugtrio|Dugtrio-Alola, L84, F|177/196\n|move|p1a: Comfey|Calm Mind|p1a: Comfey\n|-boost|p1a: Comfey|spa|1\n|-boost|p1a: Comfey|spd|1\n|\n|upkeep\n|turn|15\n|\n|t:|1782804674\n|move|p1a: Comfey|Giga Drain|p2a: Dugtrio\n|-damage|p2a: Dugtrio|90/196\n|move|p2a: Dugtrio|Iron Head|p1a: Comfey\n|-supereffective|p1a: Comfey\n|-damage|p1a: Comfey|7/225\n|-damage|p2a: Dugtrio|71/196|[from] item: Life Orb\n|\n|-heal|p1a: Comfey|21/225|[from] item: Leftovers\n|upkeep\n|turn|16\n|\n|t:|1782804677\n|move|p1a: Comfey|Giga Drain|p2a: Dugtrio\n|-damage|p2a: Dugtrio|0 fnt\n|-heal|p1a: Comfey|57/225|[from] drain|[of] p2a: Dugtrio\n|faint|p2a: Dugtrio\n|\n|-heal|p1a: Comfey|71/225|[from] item: Leftovers\n|upkeep\n|\n|t:|1782804682\n|switch|p2a: Diancie|Diancie, L82|216/216\n|turn|17\n|\n|t:|1782804685\n|move|p1a: Comfey|Giga Drain|p2a: Diancie\n|-supereffective|p2a: Diancie\n|-damage|p2a: Diancie|118/216\n|-heal|p1a: Comfey|120/225|[from] drain|[of] p2a: Diancie\n|move|p2a: Diancie|Diamond Storm|p1a: Comfey\n|-damage|p1a: Comfey|24/225\n|\n|-heal|p1a: Comfey|38/225|[from] item: Leftovers\n|-heal|p2a: Diancie|131/216|[from] item: Leftovers\n|upkeep\n|turn|18\n|\n|t:|1782804690\n|move|p1a: Comfey|Giga Drain|p2a: Diancie\n|-supereffective|p2a: Diancie\n|-damage|p2a: Diancie|27/216\n|-heal|p1a: Comfey|90/225|[from] drain|[of] p2a: Diancie\n|move|p2a: Diancie|Diamond Storm|p1a: Comfey\n|-damage|p1a: Comfey|0 fnt\n|-boost|p2a: Diancie|def|2\n|faint|p1a: Comfey\n|\n|-heal|p2a: Diancie|40/216|[from] item: Leftovers\n|upkeep\n|\n|t:|1782804693\n|switch|p1a: Floatzel|Floatzel, L86, F|286/286\n|turn|19\n|\n|t:|1782804697\n|move|p1a: Floatzel|Flip Turn|p2a: Diancie\n|-supereffective|p2a: Diancie\n|-damage|p2a: Diancie|0 fnt\n|faint|p2a: Diancie\n|\n|t:|1782804701\n|switch|p1a: Hydrapple|Hydrapple, L83, M|312/312|[from] Flip Turn\n|\n|upkeep\n|\n|t:|1782804704\n|switch|p2a: Phione|Phione, L91|115/293\n|turn|20\n|\n|t:|1782804708\n|-terastallize|p1a: Hydrapple|Steel\n|move|p2a: Phione|Ice Beam|p1a: Hydrapple\n|-resisted|p1a: Hydrapple\n|-damage|p1a: Hydrapple|278/312\n|move|p1a: Hydrapple|Giga Drain|p2a: Phione\n|-supereffective|p2a: Phione\n|-damage|p2a: Phione|0 fnt\n|-heal|p1a: Hydrapple|312/312|[from] drain|[of] p2a: Phione\n|faint|p2a: Phione\n|-damage|p1a: Hydrapple|281/312|[from] item: Life Orb\n|\n|upkeep\n|\n|t:|1782804710\n|switch|p2a: Shiftry|Shiftry, L89, M|305/305\n|turn|21\n|\n|t:|1782804714\n|-terastallize|p2a: Shiftry|Dark\n|move|p2a: Shiftry|Knock Off|p1a: Hydrapple\n|-damage|p1a: Hydrapple|141/312\n|-enditem|p1a: Hydrapple|Life Orb|[from] move: Knock Off|[of] p2a: Shiftry\n|move|p1a: Hydrapple|Fickle Beam|p2a: Shiftry\n|-damage|p2a: Shiftry|172/305\n|\n|upkeep\n|turn|22\n|-message|fluffIgang forfeited.\n|\n|win|Zibabu\n", "inputlog": ">version f8ac14003a5f27e1bdc8d8c59608a773c1cb96e5\n>start {\"formatid\":\"gen9randombattle\",\"seed\":\"sodium,d5dca421e5994c7f698607da9c5c850d\",\"rated\":\"Rated battle\"}\n>player p1 {\"name\":\"Zibabu\",\"avatar\":\"102\",\"rating\":1961,\"seed\":\"sodium,b8fc314cb53a8091441795cb22536a5b\"}\n>player p2 {\"name\":\"fluffIgang\",\"avatar\":\"caitlin\",\"rating\":1900,\"seed\":\"sodium,427aee0f3e55a86aa7f2f1834f438529\"}\n>p1 move sludgewave\n>p2 switch 4\n>p1 switch 6\n>p2 move knockoff\n>p1 move mightycleave\n>p2 move suckerpunch\n>p1 switch 4\n>p1 move highjumpkick\n>p2 move gunkshot\n>p2 switch 5\n>p1 switch 6\n>p2 move drainingkiss\n>p1 move powerwhip\n>p2 switch 2\n>p1 move sludgewave\n>p2 move rockslide\n>p1 move sludgewave\n>p2 move rockslide\n>p2 switch 3\n>p1 switch 2\n>p2 move earthquake\n>p1 move gigadrain\n>p2 switch 6\n>p1 switch 6\n>p2 move icebeam\n>p1 move highjumpkick\n>p2 move icebeam\n>p1 move highjumpkick\n>p2 move scald\n>p1 switch 5\n>p1 move calmmind\n>p2 switch 6\n>p1 move gigadrain\n>p2 move ironhead\n>p1 move gigadrain\n>p2 move suckerpunch\n>p2 switch 2\n>p1 move gigadrain\n>p2 move diamondstorm\n>p1 move gigadrain\n>p2 move diamondstorm\n>p1 switch 3\n>p1 move flipturn\n>p2 move drainingkiss\n>p1 switch 6\n>p2 switch 6\n>p1 move gigadrain terastallize\n>p2 move icebeam\n>p2 switch 4\n>p1 move ficklebeam\n>p2 move knockoff terastallize\n>forcelose p2", "uploadtime": 1782804485, "views": 4, "formatid": "gen9randombattle", "rating": null, "private": 0, "password": null, "player_dets": [{"name": "Zibabu", "avatar": "102", "rating": 1961, "seed": "sodium,b8fc314cb53a8091441795cb22536a5b"}, {"name": "fluffIgang", "avatar": "caitlin", "rating": 1900, "seed": "sodium,427aee0f3e55a86aa7f2f1834f438529"}], "teams_full": [{"Victreebel": {"name": "Victreebel", "species": "Victreebel", "speciesId": "victreebel", "gender": "F", "shiny": false, "level": 90, "moves": ["powerwhip", "sludgewave", "sleeppowder", "knockoff"], "ability": "Chlorophyll", "evs": {"hp": 85, "atk": 85, "def": 85, "spa": 85, "spd": 85, "spe": 85}, "ivs": {"hp": 31, "atk": 31, "def": 31, "spa": 31, "spd": 31, "spe": 31}, "item": "Life Orb", "teraType": "Steel", "role": "Wallbreaker", "bvs": {"hp": 80, "atk": 105, "def": 65, "spa": 100, "spd": 70, "spe": 70}, "stats": {"hp": 290, "atk": 240, "def": 168, "spa": 231, "spd": 177, "spe": 177}, "types": ["Grass", "Poison"]}, "Hydrapple": {"name": "Hydrapple", "species": "Hydrapple", "speciesId": "hydrapple", "gender": "M", "shiny": false, "level": 83, "moves": ["earthpower", "ficklebeam", "gigadrain", "nastyplot"], "ability": "Regenerator", "evs": {"hp": 85, "atk": 0, "def": 85, "spa": 85, "spd": 85, "spe": 85}, "ivs": {"hp": 31, "atk": 0, "def": 31, "spa": 31, "spd": 31, "spe": 31}, "item": "Life Orb", "teraType": "Steel", "role": "Fast Bulky Setup", "bvs": {"hp": 106, "atk": 80, "def": 110, "spa": 120, "spd": 80, "spe": 44}, "stats": {"hp": 312, "atk": 137, "def": 230, "spa": 247, "spd": 180, "spe": 121}, "types": ["Grass", "Dragon"]}, "Floatzel": {"name": "Floatzel", "species": "Floatzel", "speciesId": "floatzel", "gender": "F", "shiny": false, "level": 86, "moves": ["crunch", "icespinner", "wavecrash", "flipturn"], "ability": "Water Veil", "evs": {"hp": 85, "atk": 85, "def": 85, "spa": 85, "spd": 85, "spe": 85}, "ivs": {"hp": 31, "atk": 31, "def": 31, "spa": 31, "spd": 31, "spe": 31}, "item": "Choice Band", "teraType": "Water", "role": "Wallbreaker", "bvs": {"hp": 85, "atk": 105, "def": 55, "spa": 85, "spd": 50, "spe": 115}, "stats": {"hp": 286, "atk": 230, "def": 144, "spa": 195, "spd": 135, "spe": 247}, "types": ["Water"]}, "Hitmonlee": {"name": "Hitmonlee", "species": "Hitmonlee", "speciesId": "hitmonlee", "gender": "M", "shiny": false, "level": 85, "moves": ["poisonjab", "stoneedge", "knockoff", "highjumpkick"], "ability": "Reckless", "evs": {"hp": 81, "atk": 85, "def": 85, "spa": 85, "spd": 85, "spe": 85}, "ivs": {"hp": 31, "atk": 31, "def": 31, "spa": 31, "spd": 31, "spe": 31}, "item": "Choice Scarf", "teraType": "Fighting", "role": "Fast Attacker", "bvs": {"hp": 50, "atk": 120, "def": 53, "spa": 35, "spd": 110, "spe": 87}, "stats": {"hp": 223, "atk": 253, "def": 139, "spa": 108, "spd": 236, "spe": 197}, "types": ["Fighting"]}, "Comfey": {"name": "Comfey", "species": "Comfey", "speciesId": "comfey", "gender": "F", "shiny": false, "level": 85, "moves": ["storedpower", "calmmind", "drainingkiss", "gigadrain"], "ability": "Triage", "evs": {"hp": 85, "atk": 0, "def": 85, "spa": 85, "spd": 85, "spe": 85}, "ivs": {"hp": 31, "atk": 0, "def": 31, "spa": 31, "spd": 31, "spe": 31}, "item": "Leftovers", "teraType": "Steel", "role": "Bulky Setup", "bvs": {"hp": 51, "atk": 52, "def": 90, "spa": 82, "spd": 110, "spe": 100}, "stats": {"hp": 225, "atk": 93, "def": 202, "spa": 188, "spd": 236, "spe": 219}, "types": ["Fairy"]}, "Iron Boulder": {"name": "Iron Boulder", "species": "Iron Boulder", "speciesId": "ironboulder", "gender": "N", "shiny": false, "level": 77, "moves": ["mightycleave", "swordsdance", "zenheadbutt", "closecombat"], "ability": "Quark Drive", "evs": {"hp": 85, "atk": 85, "def": 85, "spa": 85, "spd": 85, "spe": 85}, "ivs": {"hp": 31, "atk": 31, "def": 31, "spa": 31, "spd": 31, "spe": 31}, "item": "Booster Energy", "teraType": "Fighting", "role": "Fast Bulky Setup", "bvs": {"hp": 90, "atk": 120, "def": 80, "spa": 68, "spd": 108, "spe": 124}, "stats": {"hp": 265, "atk": 229, "def": 168, "spa": 149, "spd": 211, "spe": 236}, "types": ["Rock", "Psychic"]}}, {"Shiftry": {"name": "Shiftry", "species": "Shiftry", "speciesId": "shiftry", "gender": "M", "shiny": false, "level": 89, "moves": ["knockoff", "leafstorm", "defog", "willowisp"], "ability": "Wind Rider", "evs": {"hp": 85, "atk": 85, "def": 85, "spa": 85, "spd": 85, "spe": 85}, "ivs": {"hp": 31, "atk": 31, "def": 31, "spa": 31, "spd": 31, "spe": 31}, "item": "Heavy-Duty Boots", "teraType": "Dark", "role": "Fast Support", "bvs": {"hp": 90, "atk": 100, "def": 60, "spa": 90, "spd": 60, "spe": 80}, "stats": {"hp": 305, "atk": 229, "def": 158, "spa": 211, "spd": 158, "spe": 193}, "types": ["Grass", "Dark"]}, "Gogoat": {"name": "Gogoat", "species": "Gogoat", "speciesId": "gogoat", "gender": "M", "shiny": false, "level": 88, "moves": ["milkdrink", "bulkup", "rockslide", "hornleech"], "ability": "Sap Sipper", "evs": {"hp": 85, "atk": 85, "def": 85, "spa": 85, "spd": 85, "spe": 85}, "ivs": {"hp": 31, "atk": 31, "def": 31, "spa": 31, "spd": 31, "spe": 31}, "item": "Leftovers", "teraType": "Water", "role": "Bulky Setup", "bvs": {"hp": 123, "atk": 100, "def": 62, "spa": 97, "spd": 81, "spe": 68}, "stats": {"hp": 360, "atk": 226, "def": 159, "spa": 221, "spd": 193, "spe": 170}, "types": ["Grass"]}, "Dugtrio": {"name": "Dugtrio", "species": "Dugtrio-Alola", "speciesId": "dugtrioalola", "gender": "F", "shiny": false, "level": 84, "moves": ["suckerpunch", "swordsdance", "ironhead", "earthquake"], "ability": "Tangling Hair", "evs": {"hp": 85, "atk": 85, "def": 85, "spa": 85, "spd": 85, "spe": 85}, "ivs": {"hp": 31, "atk": 31, "def": 31, "spa": 31, "spd": 31, "spe": 31}, "item": "Life Orb", "teraType": "Ground", "role": "Fast Attacker", "bvs": {"hp": 35, "atk": 100, "def": 60, "spa": 50, "spd": 70, "spe": 110}, "stats": {"hp": 196, "atk": 216, "def": 149, "spa": 132, "spd": 166, "spe": 233}, "types": ["Ground", "Steel"]}, "Skuntank": {"name": "Skuntank", "species": "Skuntank", "speciesId": "skuntank", "gender": "M", "shiny": false, "level": 84, "moves": ["suckerpunch", "knockoff", "gunkshot", "toxicspikes"], "ability": "Aftermath", "evs": {"hp": 85, "atk": 85, "def": 85, "spa": 85, "spd": 85, "spe": 85}, "ivs": {"hp": 31, "atk": 31, "def": 31, "spa": 31, "spd": 31, "spe": 31}, "item": "Life Orb", "teraType": "Poison", "role": "Fast Support", "bvs": {"hp": 103, "atk": 93, "def": 67, "spa": 71, "spd": 61, "spe": 84}, "stats": {"hp": 310, "atk": 204, "def": 161, "spa": 167, "spd": 151, "spe": 189}, "types": ["Poison", "Dark"]}, "Diancie": {"name": "Diancie", "species": "Diancie", "speciesId": "diancie", "gender": "N", "shiny": false, "level": 82, "moves": ["earthpower", "drainingkiss", "diamondstorm", "calmmind"], "ability": "Clear Body", "evs": {"hp": 85, "atk": 85, "def": 85, "spa": 85, "spd": 85, "spe": 85}, "ivs": {"hp": 31, "atk": 31, "def": 31, "spa": 31, "spd": 31, "spe": 31}, "item": "Leftovers", "teraType": "Water", "role": "Bulky Setup", "bvs": {"hp": 50, "atk": 100, "def": 150, "spa": 100, "spd": 150, "spe": 50}, "stats": {"hp": 216, "atk": 211, "def": 293, "spa": 211, "spd": 293, "spe": 129}, "types": ["Rock", "Fairy"]}, "Phione": {"name": "Phione", "species": "Phione", "speciesId": "phione", "gender": "N", "shiny": false, "level": 91, "moves": ["icebeam", "scald", "grassknot", "takeheart"], "ability": "Hydration", "evs": {"hp": 85, "atk": 0, "def": 85, "spa": 85, "spd": 85, "spe": 85}, "ivs": {"hp": 31, "atk": 0, "def": 31, "spa": 31, "spd": 31, "spe": 31}, "item": "Leftovers", "teraType": "Steel", "role": "Bulky Attacker", "bvs": {"hp": 80, "atk": 80, "def": 80, "spa": 80, "spd": 80, "spe": 80}, "stats": {"hp": 293, "atk": 150, "def": 197, "spa": 197, "spd": 197, "spe": 197}, "types": ["Water"]}}]}