{"id": "gen9randombattle-2641530650", "format": "[Gen 9] Random Battle", "players": ["SXD2002", "benhurmori"], "log": "|j|\u2606SXD2002\n|j|\u2606benhurmori\n|t:|1782801795\n|gametype|singles\n|player|p1|SXD2002|265|1467\n|player|p2|benhurmori|102|1541\n|gen|9\n|tier|[Gen 9] Random Battle\n|rated|\n|rule|Species Clause: Limit one of each Pok\u00e9mon\n|rule|HP Percentage Mod: HP is shown in percentages\n|rule|Sleep Clause Mod: Limit one foe put to sleep\n|rule|Illusion Level Mod: Illusion disguises the Pok\u00e9mon's true level\n|\n|t:|1782801795\n|teamsize|p1|6\n|teamsize|p2|6\n|start\n|switch|p1a: Regigigas|Regigigas, L84|322/322\n|switch|p2a: Vaporeon|Vaporeon, L86, M|364/364\n|-start|p1a: Regigigas|ability: Slow Start\n|turn|1\n|inactive|Battle timer is ON: inactive players will automatically lose when time's up. (requested by SXD2002)\n|\n|t:|1782801803\n|move|p1a: Regigigas|Protect|p1a: Regigigas\n|-singleturn|p1a: Regigigas|Protect\n|move|p2a: Vaporeon|Scald|p1a: Regigigas\n|-activate|p1a: Regigigas|move: Protect\n|\n|upkeep\n|turn|2\n|\n|t:|1782801811\n|switch|p1a: Ogerpon|Ogerpon-Wellspring, L76, F|247/247\n|move|p2a: Vaporeon|Scald|p1a: Ogerpon\n|-immune|p1a: Ogerpon|[from] ability: Water Absorb\n|\n|upkeep\n|turn|3\n|\n|t:|1782801820\n|switch|p2a: Tsareena|Tsareena, L87, F|267/267\n|move|p1a: Ogerpon|Ivy Cudgel|p2a: Tsareena|[anim] Ivy Cudgel Water\n|-resisted|p2a: Tsareena\n|-damage|p2a: Tsareena|215/267\n|\n|upkeep\n|turn|4\n|\n|t:|1782801827\n|switch|p1a: Glimmora|Glimmora, L75, F|248/248\n|move|p2a: Tsareena|U-turn|p1a: Glimmora\n|-resisted|p1a: Glimmora\n|-damage|p1a: Glimmora|216/248\n|-activate|p1a: Glimmora|ability: Toxic Debris\n|-sidestart|p2: benhurmori|move: Toxic Spikes\n|\n|t:|1782801847\n|switch|p2a: Glimmora|Glimmora, L75, F|248/248|[from] U-turn\n|-item|p2a: Glimmora|Air Balloon\n|\n|upkeep\n|turn|5\n|inactive|SXD2002 has 120 seconds left.\n|\n|t:|1782801896\n|switch|p1a: Stonjourner|Stonjourner, L91, M|330/330\n|move|p2a: Glimmora|Stealth Rock|p1a: Stonjourner\n|-sidestart|p1: SXD2002|move: Stealth Rock\n|\n|upkeep\n|turn|6\n|\n|t:|1782801907\n|switch|p2a: Clodsire|Clodsire, L81, F|343/343\n|-sideend|p2: benhurmori|move: Toxic Spikes|[of] p2a: Clodsire\n|move|p1a: Stonjourner|Stone Edge|p2a: Clodsire\n|-resisted|p2a: Clodsire\n|-damage|p2a: Clodsire|204/343\n|-damage|p1a: Stonjourner|297/330|[from] item: Life Orb\n|\n|-heal|p2a: Clodsire|225/343|[from] item: Leftovers\n|upkeep\n|turn|7\n|\n|t:|1782801915\n|switch|p2a: Copperajah|Copperajah, L86, F|350/350\n|move|p1a: Stonjourner|Stone Edge|p2a: Copperajah\n|-resisted|p2a: Copperajah\n|-damage|p2a: Copperajah|233/350\n|-damage|p1a: Stonjourner|264/330|[from] item: Life Orb\n|\n|upkeep\n|turn|8\n|\n|t:|1782801920\n|move|p1a: Stonjourner|Earthquake|p2a: Copperajah\n|-supereffective|p2a: Copperajah\n|-damage|p2a: Copperajah|0 fnt\n|faint|p2a: Copperajah\n|-damage|p1a: Stonjourner|231/330|[from] item: Life Orb\n|\n|upkeep\n|\n|t:|1782801927\n|switch|p2a: Palafin|Palafin, L77, M|281/281\n|turn|9\n|\n|t:|1782801938\n|move|p2a: Palafin|Close Combat|p1a: Stonjourner\n|-supereffective|p1a: Stonjourner\n|-damage|p1a: Stonjourner|121/330\n|-unboost|p2a: Palafin|def|1\n|-unboost|p2a: Palafin|spd|1\n|move|p1a: Stonjourner|Stone Edge|p2a: Palafin\n|-damage|p2a: Palafin|0 fnt\n|faint|p2a: Palafin\n|-damage|p1a: Stonjourner|88/330|[from] item: Life Orb\n|\n|upkeep\n|\n|t:|1782801946\n|switch|p2a: Vaporeon|Vaporeon, L86, M|364/364\n|turn|10\n|\n|t:|1782801949\n|switch|p1a: Ogerpon|Ogerpon-Wellspring, L76, F|247/247\n|-damage|p1a: Ogerpon|217/247|[from] Stealth Rock\n|move|p2a: Vaporeon|Scald|p1a: Ogerpon\n|-heal|p1a: Ogerpon|247/247|[from] ability: Water Absorb|[of] p2a: Vaporeon\n|\n|upkeep\n|turn|11\n|\n|t:|1782801961\n|switch|p1a: Regigigas|Regigigas, L84|322/322\n|-damage|p1a: Regigigas|282/322|[from] Stealth Rock\n|-start|p1a: Regigigas|ability: Slow Start\n|switch|p2a: Tsareena|Tsareena, L87, F|215/267\n|\n|-heal|p1a: Regigigas|302/322|[from] item: Leftovers\n|upkeep\n|turn|12\n|\n|t:|1782801966\n|move|p1a: Regigigas|Protect|p1a: Regigigas\n|-singleturn|p1a: Regigigas|Protect\n|move|p2a: Tsareena|Knock Off|p1a: Regigigas\n|-activate|p1a: Regigigas|move: Protect\n|\n|-heal|p1a: Regigigas|322/322|[from] item: Leftovers\n|upkeep\n|turn|13\n|-message|benhurmori forfeited.\n|\n|win|SXD2002\n|raw|SXD2002's rating: 1467 &rarr; <strong>1491</strong><br />(+24 for winning)\n|raw|benhurmori's rating: 1541 &rarr; <strong>1517</strong><br />(-24 for losing)\n|l|\u2606benhurmori\n|player|p2|\n", "inputlog": ">version f8ac14003a5f27e1bdc8d8c59608a773c1cb96e5\n>start {\"formatid\":\"gen9randombattle\",\"seed\":\"sodium,9b8f7051451e06d334a8dc3153b6ca93\",\"rated\":\"Rated battle\"}\n>player p1 {\"name\":\"SXD2002\",\"avatar\":\"265\",\"rating\":1467,\"seed\":\"sodium,2d7a684ffc5ee189671b19a3893da723\"}\n>player p2 {\"name\":\"benhurmori\",\"avatar\":\"102\",\"rating\":1541,\"seed\":\"sodium,3c78e340c469e3f32da337137a19ea53\"}\n>p1 move protect\n>p2 move scald\n>p1 switch 3\n>p2 move scald\n>p1 move ivycudgel\n>p2 switch 2\n>p1 switch 4\n>p2 move uturn\n>p2 switch 6\n>p1 switch 5\n>p2 move stealthrock\n>p1 move stoneedge\n>p2 switch 4\n>p1 move stoneedge\n>p2 switch 5\n>p1 move earthquake\n>p2 move ironhead\n>p2 switch 3\n>p1 move stoneedge\n>p2 move closecombat\n>p2 switch 2\n>p1 switch 4\n>p2 move scald\n>p1 switch 3\n>p2 switch 6\n>p1 move protect\n>p2 move knockoff\n>forcelose p2", "uploadtime": 1782801986, "views": 2, "formatid": "gen9randombattle", "rating": 1491, "private": 0, "password": null, "player_dets": [{"name": "SXD2002", "avatar": "265", "rating": 1467, "seed": "sodium,2d7a684ffc5ee189671b19a3893da723"}, {"name": "benhurmori", "avatar": "102", "rating": 1541, "seed": "sodium,3c78e340c469e3f32da337137a19ea53"}], "teams_full": [{"Regigigas": {"name": "Regigigas", "species": "Regigigas", "speciesId": "regigigas", "gender": "N", "shiny": false, "level": 84, "moves": ["protect", "substitute", "bodyslam", "knockoff"], "ability": "Slow Start", "evs": {"hp": 85, "atk": 85, "def": 85, "spa": 85, "spd": 85, "spe": 85}, "ivs": {"hp": 31, "atk": 31, "def": 31, "spa": 31, "spd": 31, "spe": 31}, "item": "Leftovers", "teraType": "Ghost", "role": "Bulky Attacker", "bvs": {"hp": 110, "atk": 160, "def": 110, "spa": 80, "spd": 110, "spe": 100}, "stats": {"hp": 322, "atk": 317, "def": 233, "spa": 183, "spd": 233, "spe": 216}, "types": ["Normal"]}, "Enamorus": {"name": "Enamorus", "species": "Enamorus", "speciesId": "enamorus", "gender": "F", "shiny": false, "level": 79, "moves": ["mysticalfire", "earthpower", "calmmind", "moonblast"], "ability": "Cute Charm", "evs": {"hp": 85, "atk": 0, "def": 85, "spa": 85, "spd": 85, "spe": 85}, "ivs": {"hp": 31, "atk": 0, "def": 31, "spa": 31, "spd": 31, "spe": 31}, "item": "Heavy-Duty Boots", "teraType": "Ground", "role": "Fast Bulky Setup", "bvs": {"hp": 74, "atk": 115, "def": 70, "spa": 135, "spd": 80, "spe": 106}, "stats": {"hp": 247, "atk": 186, "def": 156, "spa": 259, "spd": 172, "spe": 213}, "types": ["Fairy", "Flying"]}, "Ogerpon": {"name": "Ogerpon", "species": "Ogerpon-Wellspring", "speciesId": "ogerponwellspring", "gender": "F", "shiny": false, "level": 76, "moves": ["woodhammer", "encore", "synthesis", "ivycudgel"], "ability": "Water Absorb", "evs": {"hp": 85, "atk": 85, "def": 85, "spa": 85, "spd": 85, "spe": 85}, "ivs": {"hp": 31, "atk": 31, "def": 31, "spa": 31, "spd": 31, "spe": 31}, "item": "Wellspring Mask", "teraType": "Water", "role": "Bulky Attacker", "bvs": {"hp": 80, "atk": 120, "def": 84, "spa": 60, "spd": 96, "spe": 110}, "stats": {"hp": 247, "atk": 226, "def": 172, "spa": 135, "spd": 190, "spe": 211}, "types": ["Grass", "Water"]}, "Glimmora": {"name": "Glimmora", "species": "Glimmora", "speciesId": "glimmora", "gender": "F", "shiny": false, "level": 75, "moves": ["sludgewave", "earthpower", "meteorbeam", "energyball"], "ability": "Toxic Debris", "evs": {"hp": 85, "atk": 0, "def": 85, "spa": 85, "spd": 85, "spe": 85}, "ivs": {"hp": 31, "atk": 0, "def": 31, "spa": 31, "spd": 31, "spe": 31}, "item": "Power Herb", "teraType": "Grass", "role": "Setup Sweeper", "bvs": {"hp": 83, "atk": 55, "def": 90, "spa": 130, "spd": 81, "spe": 86}, "stats": {"hp": 248, "atk": 87, "def": 179, "spa": 239, "spd": 165, "spe": 173}, "types": ["Rock", "Poison"]}, "Stonjourner": {"name": "Stonjourner", "species": "Stonjourner", "speciesId": "stonjourner", "gender": "M", "shiny": false, "level": 91, "moves": ["rockpolish", "stoneedge", "heatcrash", "earthquake"], "ability": "Power Spot", "evs": {"hp": 85, "atk": 85, "def": 85, "spa": 85, "spd": 85, "spe": 85}, "ivs": {"hp": 31, "atk": 31, "def": 31, "spa": 31, "spd": 31, "spe": 31}, "item": "Life Orb", "teraType": "Ground", "role": "Fast Attacker", "bvs": {"hp": 100, "atk": 125, "def": 135, "spa": 20, "spd": 20, "spe": 70}, "stats": {"hp": 330, "atk": 279, "def": 298, "spa": 88, "spd": 88, "spe": 179}, "types": ["Rock"]}, "Oinkologne": {"name": "Oinkologne", "species": "Oinkologne", "speciesId": "oinkologne", "gender": "M", "shiny": false, "level": 92, "moves": ["highhorsepower", "doubleedge", "lashout", "curse"], "ability": "Thick Fat", "evs": {"hp": 85, "atk": 85, "def": 85, "spa": 85, "spd": 85, "spe": 85}, "ivs": {"hp": 31, "atk": 31, "def": 31, "spa": 31, "spd": 31, "spe": 31}, "item": "Leftovers", "teraType": "Ground", "role": "Bulky Setup", "bvs": {"hp": 110, "atk": 100, "def": 75, "spa": 59, "spd": 80, "spe": 65}, "stats": {"hp": 352, "atk": 236, "def": 190, "spa": 161, "spd": 200, "spe": 172}, "types": ["Normal"]}}, {"Vaporeon": {"name": "Vaporeon", "species": "Vaporeon", "speciesId": "vaporeon", "gender": "M", "shiny": false, "level": 86, "moves": ["wish", "scald", "protect", "haze"], "ability": "Water Absorb", "evs": {"hp": 85, "atk": 0, "def": 85, "spa": 85, "spd": 85, "spe": 85}, "ivs": {"hp": 31, "atk": 0, "def": 31, "spa": 31, "spd": 31, "spe": 31}, "item": "Leftovers", "teraType": "Ground", "role": "Bulky Attacker", "bvs": {"hp": 130, "atk": 65, "def": 60, "spa": 110, "spd": 95, "spe": 65}, "stats": {"hp": 364, "atk": 116, "def": 152, "spa": 238, "spd": 213, "spe": 161}, "types": ["Water"]}, "Tsareena": {"name": "Tsareena", "species": "Tsareena", "speciesId": "tsareena", "gender": "F", "shiny": false, "level": 87, "moves": ["rapidspin", "knockoff", "uturn", "powerwhip"], "ability": "Queenly Majesty", "evs": {"hp": 85, "atk": 85, "def": 85, "spa": 85, "spd": 85, "spe": 85}, "ivs": {"hp": 31, "atk": 31, "def": 31, "spa": 31, "spd": 31, "spe": 31}, "item": "Assault Vest", "teraType": "Steel", "role": "Fast Support", "bvs": {"hp": 72, "atk": 120, "def": 98, "spa": 50, "spd": 98, "spe": 72}, "stats": {"hp": 267, "atk": 259, "def": 220, "spa": 137, "spd": 220, "spe": 175}, "types": ["Grass"]}, "Palafin": {"name": "Palafin", "species": "Palafin", "speciesId": "palafin", "gender": "M", "shiny": false, "level": 77, "moves": ["jetpunch", "flipturn", "closecombat", "wavecrash"], "ability": "Zero to Hero", "evs": {"hp": 85, "atk": 85, "def": 85, "spa": 85, "spd": 85, "spe": 85}, "ivs": {"hp": 31, "atk": 31, "def": 31, "spa": 31, "spd": 31, "spe": 31}, "item": "Choice Band", "teraType": "Water", "role": "Wallbreaker", "bvs": {"hp": 100, "atk": 70, "def": 72, "spa": 53, "spd": 62, "spe": 100}, "stats": {"hp": 281, "atk": 152, "def": 155, "spa": 126, "spd": 140, "spe": 199}, "types": ["Water"]}, "Clodsire": {"name": "Clodsire", "species": "Clodsire", "speciesId": "clodsire", "gender": "F", "shiny": false, "level": 81, "moves": ["recover", "earthquake", "poisonjab", "toxicspikes"], "ability": "Unaware", "evs": {"hp": 85, "atk": 85, "def": 85, "spa": 85, "spd": 85, "spe": 85}, "ivs": {"hp": 31, "atk": 31, "def": 31, "spa": 31, "spd": 31, "spe": 31}, "item": "Leftovers", "teraType": "Steel", "role": "Bulky Attacker", "bvs": {"hp": 130, "atk": 75, "def": 60, "spa": 45, "spd": 100, "spe": 20}, "stats": {"hp": 343, "atk": 168, "def": 144, "spa": 120, "spd": 209, "spe": 79}, "types": ["Poison", "Ground"]}, "Copperajah": {"name": "Copperajah", "species": "Copperajah", "speciesId": "copperajah", "gender": "F", "shiny": false, "level": 86, "moves": ["playrough", "ironhead", "rockslide", "earthquake"], "ability": "Sheer Force", "evs": {"hp": 85, "atk": 85, "def": 85, "spa": 85, "spd": 85, "spe": 85}, "ivs": {"hp": 31, "atk": 31, "def": 31, "spa": 31, "spd": 31, "spe": 31}, "item": "Life Orb", "teraType": "Fairy", "role": "Wallbreaker", "bvs": {"hp": 122, "atk": 130, "def": 69, "spa": 80, "spd": 69, "spe": 30}, "stats": {"hp": 350, "atk": 273, "def": 168, "spa": 187, "spd": 168, "spe": 101}, "types": ["Steel"]}, "Glimmora": {"name": "Glimmora", "species": "Glimmora", "speciesId": "glimmora", "gender": "F", "shiny": false, "level": 75, "moves": ["powergem", "stealthrock", "sludgewave", "earthpower"], "ability": "Toxic Debris", "evs": {"hp": 85, "atk": 0, "def": 85, "spa": 85, "spd": 85, "spe": 85}, "ivs": {"hp": 31, "atk": 0, "def": 31, "spa": 31, "spd": 31, "spe": 31}, "item": "Air Balloon", "teraType": "Ground", "role": "Fast Support", "bvs": {"hp": 83, "atk": 55, "def": 90, "spa": 130, "spd": 81, "spe": 86}, "stats": {"hp": 248, "atk": 87, "def": 179, "spa": 239, "spd": 165, "spe": 173}, "types": ["Rock", "Poison"]}}]}