{"id": "gen9randombattle-2641487818", "format": "[Gen 9] Random Battle", "players": ["DaFisheee", "unioll"], "log": "|j|\u2606DaFisheee\n|j|\u2606unioll\n|t:|1782792929\n|gametype|singles\n|player|p1|DaFisheee|dawn|1956\n|player|p2|unioll|102|1967\n|gen|9\n|tier|[Gen 9] Random Battle\n|rated|\n|rule|Species Clause: Limit one of each Pok\u00e9mon\n|rule|HP Percentage Mod: HP is shown in percentages\n|rule|Sleep Clause Mod: Limit one foe put to sleep\n|rule|Illusion Level Mod: Illusion disguises the Pok\u00e9mon's true level\n|\n|t:|1782792929\n|teamsize|p1|6\n|teamsize|p2|6\n|start\n|switch|p1a: Cetitan|Cetitan, L82, F|412/412\n|switch|p2a: Eiscue|Eiscue, L88, F|274/274\n|turn|1\n|inactive|Battle timer is ON: inactive players will automatically lose when time's up. (requested by unioll)\n|inactive|unioll has 120 seconds left.\n|\n|t:|1782792969\n|switch|p1a: Inteleon|Inteleon, L81, F|246/246\n|switch|p2a: Grumpig|Grumpig, L92, M|297/297\n|\n|upkeep\n|turn|2\n|\n|t:|1782792994\n|move|p1a: Inteleon|U-turn|p2a: Grumpig\n|-supereffective|p2a: Grumpig\n|-damage|p2a: Grumpig|203/297\n|\n|t:|1782792996\n|switch|p1a: Muk|Muk-Alola, L82, F|306/306|[from] U-turn\n|move|p2a: Grumpig|Psyshock|p1a: Muk\n|-immune|p1a: Muk\n|\n|-heal|p2a: Grumpig|221/297|[from] item: Leftovers\n|upkeep\n|turn|3\n|\n|t:|1782793014\n|switch|p2a: Slither Wing|Slither Wing, L81|270/270\n|-enditem|p2a: Slither Wing|Booster Energy\n|-activate|p2a: Slither Wing|ability: Protosynthesis|[fromitem]\n|-start|p2a: Slither Wing|protosynthesisatk\n|move|p1a: Muk|Knock Off|p2a: Slither Wing\n|-resisted|p2a: Slither Wing\n|-damage|p2a: Slither Wing|229/270\n|\n|upkeep\n|turn|4\n|inactive|DaFisheee has 120 seconds left.\n|\n|t:|1782793050\n|switch|p1a: Inteleon|Inteleon, L81, F|246/246\n|move|p2a: Slither Wing|Bulk Up|p2a: Slither Wing\n|-boost|p2a: Slither Wing|atk|1\n|-boost|p2a: Slither Wing|def|1\n|\n|upkeep\n|turn|5\n|inactive|DaFisheee has 120 seconds left.\n|\n|t:|1782793060\n|move|p1a: Inteleon|Scald|p2a: Slither Wing\n|-damage|p2a: Slither Wing|88/270\n|move|p2a: Slither Wing|Close Combat|p1a: Inteleon\n|-damage|p1a: Inteleon|0 fnt\n|-unboost|p2a: Slither Wing|def|1\n|-unboost|p2a: Slither Wing|spd|1\n|faint|p1a: Inteleon\n|\n|upkeep\n|inactive|DaFisheee has 120 seconds left.\n|\n|t:|1782793081\n|switch|p1a: Klawf|Klawf, L90, M|272/272\n|turn|6\n|inactive|unioll has 120 seconds left.\n|\n|t:|1782793110\n|move|p1a: Klawf|Stone Edge|p2a: Slither Wing\n|-damage|p2a: Slither Wing|0 fnt\n|faint|p2a: Slither Wing\n|-end|p2a: Slither Wing|Protosynthesis|[silent]\n|\n|upkeep\n|inactive|unioll has 120 seconds left.\n|\n|t:|1782793116\n|switch|p2a: Pincurchin|Pincurchin, M|258/258\n|-fieldstart|move: Electric Terrain|[from] ability: Electric Surge|[of] p2a: Pincurchin\n|turn|7\n|\n|t:|1782793136\n|switch|p1a: Metagross|Metagross, L79|256/256\n|move|p2a: Pincurchin|Scald|p1a: Metagross\n|-damage|p1a: Metagross|174/256\n|\n|-heal|p1a: Metagross|190/256|[from] item: Leftovers\n|upkeep\n|turn|8\n|\n|t:|1782793147\n|move|p1a: Metagross|Stealth Rock|p2a: Pincurchin\n|-sidestart|p2: unioll|move: Stealth Rock\n|move|p2a: Pincurchin|Discharge|p1a: Metagross\n|-damage|p1a: Metagross|24/256\n|-status|p1a: Metagross|par\n|\n|-heal|p1a: Metagross|40/256 par|[from] item: Leftovers\n|upkeep\n|turn|9\n|\n|t:|1782793157\n|move|p2a: Pincurchin|Scald|p1a: Metagross\n|-damage|p1a: Metagross|0 fnt\n|faint|p1a: Metagross\n|\n|upkeep\n|\n|t:|1782793185\n|switch|p1a: Muk|Muk-Alola, L82, F|306/306\n|turn|10\n|\n|t:|1782793193\n|move|p1a: Muk|Knock Off|p2a: Pincurchin\n|-damage|p2a: Pincurchin|168/258\n|-status|p2a: Pincurchin|psn|[from] ability: Poison Touch|[of] p1a: Muk\n|-enditem|p2a: Pincurchin|Leftovers|[from] move: Knock Off|[of] p1a: Muk\n|move|p2a: Pincurchin|Scald|p1a: Muk\n|-damage|p1a: Muk|259/306\n|\n|-damage|p2a: Pincurchin|136/258 psn|[from] psn\n|upkeep\n|turn|11\n|\n|t:|1782793204\n|move|p1a: Muk|Gunk Shot|p2a: Pincurchin\n|-damage|p2a: Pincurchin|40/258 psn\n|move|p2a: Pincurchin|Discharge|p1a: Muk\n|-damage|p1a: Muk|157/306\n|\n|-damage|p2a: Pincurchin|8/258 psn|[from] psn\n|-fieldend|move: Electric Terrain\n|upkeep\n|turn|12\n|\n|t:|1782793213\n|move|p1a: Muk|Drain Punch|p2a: Pincurchin\n|-damage|p2a: Pincurchin|0 fnt\n|-heal|p1a: Muk|161/306|[from] drain|[of] p2a: Pincurchin\n|faint|p2a: Pincurchin\n|\n|upkeep\n|\n|t:|1782793226\n|switch|p2a: Urshifu|Urshifu, L74, M|270/270\n|-damage|p2a: Urshifu|254/270|[from] Stealth Rock\n|turn|13\n|inactive|DaFisheee has 120 seconds left.\n|\n|t:|1782793247\n|move|p2a: Urshifu|Close Combat|p1a: Muk\n|-damage|p1a: Muk|0 fnt\n|-unboost|p2a: Urshifu|def|1\n|-unboost|p2a: Urshifu|spd|1\n|faint|p1a: Muk\n|\n|upkeep\n|inactive|DaFisheee has 90 seconds left.\n|\n|t:|1782793267\n|switch|p1a: Klawf|Klawf, L90, M|272/272\n|turn|14\n|inactive|DaFisheee has 90 seconds left.\n|inactive|unioll has 120 seconds left.\n|\n|t:|1782793303\n|move|p1a: Klawf|Crabhammer|p2a: Urshifu\n|-damage|p2a: Urshifu|134/270\n|move|p2a: Urshifu|Close Combat|p1a: Klawf\n|-supereffective|p1a: Klawf\n|-damage|p1a: Klawf|0 fnt\n|-unboost|p2a: Urshifu|def|1\n|-unboost|p2a: Urshifu|spd|1\n|faint|p1a: Klawf\n|\n|upkeep\n|\n|t:|1782793326\n|switch|p1a: Beartic|Beartic, L91, M|321/321\n|turn|15\n|\n|t:|1782793342\n|-terastallize|p1a: Beartic|Ground\n|move|p2a: Urshifu|Close Combat|p1a: Beartic\n|-damage|p1a: Beartic|120/321\n|-unboost|p2a: Urshifu|def|1\n|-unboost|p2a: Urshifu|spd|1\n|move|p1a: Beartic|Swords Dance|p1a: Beartic\n|-boost|p1a: Beartic|atk|2\n|\n|upkeep\n|turn|16\n|\n|t:|1782793354\n|move|p1a: Beartic|Aqua Jet|p2a: Urshifu\n|-damage|p2a: Urshifu|0 fnt\n|faint|p2a: Urshifu\n|\n|upkeep\n|\n|t:|1782793363\n|switch|p2a: Eiscue|Eiscue, L88, F|274/274\n|-damage|p2a: Eiscue|206/274|[from] Stealth Rock\n|turn|17\n|\n|t:|1782793376\n|move|p1a: Beartic|Icicle Crash|p2a: Eiscue\n|-activate|p2a: Eiscue|ability: Ice Face\n|-damage|p2a: Eiscue|206/274\n|detailschange|p2a: Eiscue|Eiscue-Noice, L88, F\n|move|p2a: Eiscue|Belly Drum|p2a: Eiscue\n|-damage|p2a: Eiscue|69/274\n|-setboost|p2a: Eiscue|atk|6|[from] move: Belly Drum\n|-enditem|p2a: Eiscue|Sitrus Berry|[eat]\n|-heal|p2a: Eiscue|137/274|[from] item: Sitrus Berry\n|\n|upkeep\n|turn|18\n|\n|t:|1782793392\n|move|p1a: Beartic|Aqua Jet|p2a: Eiscue\n|-damage|p2a: Eiscue|41/274\n|move|p2a: Eiscue|Ice Spinner|p1a: Beartic\n|-supereffective|p1a: Beartic\n|-damage|p1a: Beartic|0 fnt\n|faint|p1a: Beartic\n|\n|upkeep\n|\n|t:|1782793398\n|switch|p1a: Cetitan|Cetitan, L82, F|412/412\n|turn|19\n|\n|t:|1782793409\n|move|p1a: Cetitan|Ice Shard|p2a: Eiscue\n|-resisted|p2a: Eiscue\n|-damage|p2a: Eiscue|16/274\n|move|p2a: Eiscue|Liquidation|p1a: Cetitan\n|-damage|p1a: Cetitan|130/412\n|-enditem|p1a: Cetitan|Sitrus Berry|[eat]\n|-heal|p1a: Cetitan|233/412|[from] item: Sitrus Berry\n|\n|upkeep\n|turn|20\n|\n|t:|1782793418\n|move|p1a: Cetitan|Ice Shard|p2a: Eiscue\n|-resisted|p2a: Eiscue\n|-damage|p2a: Eiscue|0 fnt\n|faint|p2a: Eiscue\n|\n|upkeep\n|\n|t:|1782793430\n|switch|p2a: Minior|Minior-Yellow, L79|224/224\n|-damage|p2a: Minior|168/224|[from] Stealth Rock\n|-formechange|p2a: Minior|Minior-Meteor||[from] ability: Shields Down\n|turn|21\n|inactive|DaFisheee has 90 seconds left.\n|\n|t:|1782793439\n|-terastallize|p2a: Minior|Steel\n|move|p1a: Cetitan|Ice Spinner|p2a: Minior\n|-resisted|p2a: Minior\n|-damage|p2a: Minior|126/224\n|move|p2a: Minior|Power Gem|p1a: Cetitan\n|-supereffective|p1a: Cetitan\n|-damage|p1a: Cetitan|83/412\n|\n|upkeep\n|turn|22\n|\n|t:|1782793447\n|move|p1a: Cetitan|Earthquake|p2a: Minior\n|-supereffective|p2a: Minior\n|-damage|p2a: Minior|0 fnt\n|faint|p2a: Minior\n|\n|upkeep\n|\n|t:|1782793452\n|switch|p2a: Grumpig|Grumpig, L92, M|221/297\n|-damage|p2a: Grumpig|184/297|[from] Stealth Rock\n|turn|23\n|\n|t:|1782793457\n|move|p2a: Grumpig|Psyshock|p1a: Cetitan\n|-damage|p1a: Cetitan|0 fnt\n|faint|p1a: Cetitan\n|\n|win|unioll\n", "inputlog": ">version f8ac14003a5f27e1bdc8d8c59608a773c1cb96e5\n>start {\"formatid\":\"gen9randombattle\",\"seed\":\"sodium,527a6a56daee9acf5f61e0074e1e558d\",\"rated\":\"Rated battle\"}\n>player p1 {\"name\":\"DaFisheee\",\"avatar\":\"dawn\",\"rating\":1956,\"seed\":\"sodium,7fdca0eb7d49fe56513bf3076beae423\"}\n>player p2 {\"name\":\"unioll\",\"avatar\":\"102\",\"rating\":1967,\"seed\":\"sodium,eeed79bd8795f5b354ec3bc49bed1580\"}\n>p1 switch 6\n>p2 switch 2\n>p1 move uturn\n>p2 move psyshock\n>p1 switch 2\n>p1 move knockoff\n>p2 switch 4\n>p1 switch 2\n>p2 move bulkup\n>p1 move scald\n>p2 move closecombat\n>p1 switch 4\n>p1 move stoneedge\n>p2 move earthquake\n>p2 switch 5\n>p1 switch 3\n>p2 move scald\n>p1 move stealthrock\n>p2 move discharge\n>p1 move earthquake\n>p2 move scald\n>p1 switch 2\n>p1 move knockoff\n>p2 move scald\n>p1 move gunkshot\n>p2 move discharge\n>p1 move drainpunch\n>p2 move discharge\n>p2 switch 3\n>p1 move drainpunch\n>p2 move closecombat\n>p1 switch 3\n>p1 move crabhammer\n>p2 move closecombat\n>p1 switch 5\n>p1 move swordsdance terastallize\n>p2 move closecombat\n>p1 move aquajet\n>p2 move closecombat\n>p2 switch 2\n>p1 move iciclecrash\n>p2 move bellydrum\n>p1 move aquajet\n>p2 move icespinner\n>p1 switch 6\n>p1 move iceshard\n>p2 move liquidation\n>p1 move iceshard\n>p2 move liquidation\n>p2 switch 6\n>p1 move icespinner\n>p2 move powergem terastallize\n>p1 move earthquake\n>p2 move powergem\n>p2 switch 4\n>p1 move earthquake\n>p2 move psyshock", "uploadtime": 1782792931, "views": 4, "formatid": "gen9randombattle", "rating": null, "private": 0, "password": null, "player_dets": [{"name": "DaFisheee", "avatar": "dawn", "rating": 1956, "seed": "sodium,7fdca0eb7d49fe56513bf3076beae423"}, {"name": "unioll", "avatar": "102", "rating": 1967, "seed": "sodium,eeed79bd8795f5b354ec3bc49bed1580"}], "teams_full": [{"Cetitan": {"name": "Cetitan", "species": "Cetitan", "speciesId": "cetitan", "gender": "F", "shiny": false, "level": 82, "moves": ["iceshard", "earthquake", "bellydrum", "icespinner"], "ability": "Thick Fat", "evs": {"hp": 81, "atk": 85, "def": 85, "spa": 85, "spd": 85, "spe": 85}, "ivs": {"hp": 31, "atk": 31, "def": 31, "spa": 31, "spd": 31, "spe": 31}, "item": "Sitrus Berry", "teraType": "Ice", "role": "Bulky Setup", "bvs": {"hp": 170, "atk": 113, "def": 65, "spa": 45, "spd": 55, "spe": 73}, "stats": {"hp": 412, "atk": 232, "def": 154, "spa": 121, "spd": 137, "spe": 167}, "types": ["Ice"]}, "Muk": {"name": "Muk", "species": "Muk-Alola", "speciesId": "mukalola", "gender": "F", "shiny": false, "level": 82, "moves": ["shadowsneak", "gunkshot", "knockoff", "drainpunch"], "ability": "Poison Touch", "evs": {"hp": 85, "atk": 85, "def": 85, "spa": 85, "spd": 85, "spe": 85}, "ivs": {"hp": 31, "atk": 31, "def": 31, "spa": 31, "spd": 31, "spe": 31}, "item": "Assault Vest", "teraType": "Fighting", "role": "AV Pivot", "bvs": {"hp": 105, "atk": 105, "def": 75, "spa": 65, "spd": 100, "spe": 50}, "stats": {"hp": 306, "atk": 219, "def": 170, "spa": 154, "spd": 211, "spe": 129}, "types": ["Poison", "Dark"]}, "Metagross": {"name": "Metagross", "species": "Metagross", "speciesId": "metagross", "gender": "N", "shiny": false, "level": 79, "moves": ["heavyslam", "stealthrock", "earthquake", "knockoff"], "ability": "Clear Body", "evs": {"hp": 85, "atk": 85, "def": 85, "spa": 85, "spd": 85, "spe": 85}, "ivs": {"hp": 31, "atk": 31, "def": 31, "spa": 31, "spd": 31, "spe": 31}, "item": "Leftovers", "teraType": "Water", "role": "Bulky Support", "bvs": {"hp": 80, "atk": 135, "def": 130, "spa": 95, "spd": 90, "spe": 70}, "stats": {"hp": 256, "atk": 259, "def": 251, "spa": 196, "spd": 188, "spe": 156}, "types": ["Steel", "Psychic"]}, "Klawf": {"name": "Klawf", "species": "Klawf", "speciesId": "klawf", "gender": "M", "shiny": false, "level": 90, "moves": ["stoneedge", "knockoff", "crabhammer", "highhorsepower"], "ability": "Regenerator", "evs": {"hp": 85, "atk": 85, "def": 85, "spa": 85, "spd": 85, "spe": 85}, "ivs": {"hp": 31, "atk": 31, "def": 31, "spa": 31, "spd": 31, "spe": 31}, "item": "Choice Scarf", "teraType": "Ground", "role": "Fast Attacker", "bvs": {"hp": 70, "atk": 100, "def": 115, "spa": 35, "spd": 55, "spe": 75}, "stats": {"hp": 272, "atk": 231, "def": 258, "spa": 114, "spd": 150, "spe": 186}, "types": ["Rock"]}, "Beartic": {"name": "Beartic", "species": "Beartic", "speciesId": "beartic", "gender": "M", "shiny": false, "level": 91, "moves": ["iciclecrash", "earthquake", "aquajet", "swordsdance"], "ability": "Slush Rush", "evs": {"hp": 85, "atk": 85, "def": 85, "spa": 85, "spd": 85, "spe": 85}, "ivs": {"hp": 31, "atk": 31, "def": 31, "spa": 31, "spd": 31, "spe": 31}, "item": "Heavy-Duty Boots", "teraType": "Ground", "role": "Wallbreaker", "bvs": {"hp": 95, "atk": 130, "def": 80, "spa": 70, "spd": 80, "spe": 50}, "stats": {"hp": 321, "atk": 288, "def": 197, "spa": 179, "spd": 197, "spe": 143}, "types": ["Ice"]}, "Inteleon": {"name": "Inteleon", "species": "Inteleon", "speciesId": "inteleon", "gender": "F", "shiny": false, "level": 81, "moves": ["hydropump", "scald", "uturn", "icebeam"], "ability": "Torrent", "evs": {"hp": 85, "atk": 85, "def": 85, "spa": 85, "spd": 85, "spe": 85}, "ivs": {"hp": 31, "atk": 31, "def": 31, "spa": 31, "spd": 31, "spe": 31}, "item": "Choice Specs", "teraType": "Water", "role": "Wallbreaker", "bvs": {"hp": 70, "atk": 85, "def": 65, "spa": 125, "spd": 65, "spe": 120}, "stats": {"hp": 246, "atk": 184, "def": 152, "spa": 249, "spd": 152, "spe": 241}, "types": ["Water"]}}, {"Eiscue": {"name": "Eiscue", "species": "Eiscue", "speciesId": "eiscue", "gender": "F", "shiny": false, "level": 88, "moves": ["bellydrum", "liquidation", "icespinner", "terablast"], "ability": "Ice Face", "evs": {"hp": 81, "atk": 85, "def": 85, "spa": 85, "spd": 85, "spe": 85}, "ivs": {"hp": 31, "atk": 31, "def": 31, "spa": 31, "spd": 31, "spe": 31}, "item": "Sitrus Berry", "teraType": "Ground", "role": "Tera Blast user", "bvs": {"hp": 75, "atk": 80, "def": 110, "spa": 65, "spd": 90, "spe": 50}, "stats": {"hp": 274, "atk": 191, "def": 244, "spa": 165, "spd": 209, "spe": 138}, "types": ["Ice"]}, "Grumpig": {"name": "Grumpig", "species": "Grumpig", "speciesId": "grumpig", "gender": "M", "shiny": false, "level": 92, "moves": ["focusblast", "shadowball", "psyshock", "nastyplot"], "ability": "Thick Fat", "evs": {"hp": 85, "atk": 0, "def": 85, "spa": 85, "spd": 85, "spe": 85}, "ivs": {"hp": 31, "atk": 0, "def": 31, "spa": 31, "spd": 31, "spe": 31}, "item": "Leftovers", "teraType": "Fighting", "role": "Bulky Setup", "bvs": {"hp": 80, "atk": 45, "def": 65, "spa": 90, "spd": 110, "spe": 80}, "stats": {"hp": 297, "atk": 87, "def": 172, "spa": 218, "spd": 255, "spe": 200}, "types": ["Psychic"]}, "Urshifu": {"name": "Urshifu", "species": "Urshifu", "speciesId": "urshifu", "gender": "M", "shiny": false, "level": 74, "moves": ["wickedblow", "closecombat", "suckerpunch", "uturn"], "ability": "Unseen Fist", "evs": {"hp": 85, "atk": 85, "def": 85, "spa": 85, "spd": 85, "spe": 85}, "ivs": {"hp": 31, "atk": 31, "def": 31, "spa": 31, "spd": 31, "spe": 31}, "item": "Choice Band", "teraType": "Dark", "role": "Fast Attacker", "bvs": {"hp": 100, "atk": 130, "def": 100, "spa": 63, "spd": 60, "spe": 97}, "stats": {"hp": 270, "atk": 235, "def": 191, "spa": 136, "spd": 132, "spe": 187}, "types": ["Fighting", "Dark"]}, "Slither Wing": {"name": "Slither Wing", "species": "Slither Wing", "speciesId": "slitherwing", "gender": "N", "shiny": false, "level": 81, "moves": ["closecombat", "earthquake", "bulkup", "wildcharge"], "ability": "Protosynthesis", "evs": {"hp": 85, "atk": 85, "def": 85, "spa": 85, "spd": 85, "spe": 85}, "ivs": {"hp": 31, "atk": 31, "def": 31, "spa": 31, "spd": 31, "spe": 31}, "item": "Booster Energy", "teraType": "Electric", "role": "Fast Bulky Setup", "bvs": {"hp": 85, "atk": 135, "def": 79, "spa": 85, "spd": 105, "spe": 81}, "stats": {"hp": 270, "atk": 265, "def": 175, "spa": 184, "spd": 217, "spe": 178}, "types": ["Bug", "Fighting"]}, "Pincurchin": {"name": "Pincurchin", "species": "Pincurchin", "speciesId": "pincurchin", "gender": "M", "shiny": false, "level": 100, "moves": ["spikes", "scald", "recover", "discharge"], "ability": "Electric Surge", "evs": {"hp": 85, "atk": 0, "def": 85, "spa": 85, "spd": 85, "spe": 85}, "ivs": {"hp": 31, "atk": 0, "def": 31, "spa": 31, "spd": 31, "spe": 31}, "item": "Leftovers", "teraType": "Water", "role": "Bulky Attacker", "bvs": {"hp": 48, "atk": 101, "def": 95, "spa": 91, "spd": 85, "spe": 15}, "stats": {"hp": 258, "atk": 207, "def": 247, "spa": 239, "spd": 227, "spe": 87}, "types": ["Electric"]}, "Minior": {"name": "Minior", "species": "Minior-Yellow", "speciesId": "minior", "gender": "N", "shiny": false, "level": 79, "moves": ["shellsmash", "earthquake", "powergem", "acrobatics"], "ability": "Shields Down", "evs": {"hp": 85, "atk": 85, "def": 85, "spa": 85, "spd": 85, "spe": 85}, "ivs": {"hp": 31, "atk": 31, "def": 31, "spa": 31, "spd": 31, "spe": 31}, "item": "White Herb", "teraType": "Steel", "role": "Setup Sweeper", "bvs": {"hp": 60, "atk": 100, "def": 60, "spa": 100, "spd": 60, "spe": 120}, "stats": {"hp": 224, "atk": 204, "def": 140, "spa": 204, "spd": 140, "spe": 235}, "types": ["Rock", "Flying"]}}]}