{"id": "gen9randombattle-2641462863", "format": "[Gen 9] Random Battle", "players": ["notmetbh102", "explosiveburger"], "log": "|j|\u2606notmetbh102\n|j|\u2606explosiveburger\n|t:|1782788599\n|gametype|singles\n|player|p1|notmetbh102|2|2130\n|player|p2|explosiveburger|firebreather|2227\n|gen|9\n|tier|[Gen 9] Random Battle\n|rated|\n|rule|Species Clause: Limit one of each Pok\u00e9mon\n|rule|HP Percentage Mod: HP is shown in percentages\n|rule|Sleep Clause Mod: Limit one foe put to sleep\n|rule|Illusion Level Mod: Illusion disguises the Pok\u00e9mon's true level\n|\n|t:|1782788599\n|teamsize|p1|6\n|teamsize|p2|6\n|start\n|switch|p1a: Klefki|Klefki, L84, F|233/233\n|switch|p2a: Kricketune|Kricketune, L99, M|311/311\n|turn|1\n|inactive|Battle timer is ON: inactive players will automatically lose when time's up. (requested by notmetbh102)\n|c|\u2606notmetbh102|hf\n|\n|t:|1782788613\n|switch|p2a: Espeon|Espeon, L84, M|246/246\n|switch|p1a: Drednaw|Drednaw, L81, M|278/278\n|\n|upkeep\n|turn|2\n|\n|t:|1782788628\n|move|p2a: Espeon|Psyshock|p1a: Drednaw\n|-damage|p1a: Drednaw|126/278\n|-damage|p2a: Espeon|222/246|[from] item: Life Orb\n|move|p1a: Drednaw|Shell Smash|p1a: Drednaw\n|-unboost|p1a: Drednaw|def|1\n|-unboost|p1a: Drednaw|spd|1\n|-boost|p1a: Drednaw|atk|2\n|-boost|p1a: Drednaw|spa|2\n|-boost|p1a: Drednaw|spe|2\n|-enditem|p1a: Drednaw|White Herb\n|-clearnegativeboost|p1a: Drednaw|[silent]\n|\n|upkeep\n|turn|3\n|\n|t:|1782788647\n|switch|p2a: Luxray|Luxray, L88, F|284/284\n|-ability|p2a: Luxray|Intimidate|boost\n|-unboost|p1a: Drednaw|atk|1\n|-terastallize|p1a: Drednaw|Dark\n|move|p1a: Drednaw|Crunch|p2a: Luxray\n|-damage|p2a: Luxray|56/284\n|\n|upkeep\n|turn|4\n|\n|t:|1782788655\n|move|p1a: Drednaw|Crunch|p2a: Luxray\n|-damage|p2a: Luxray|0 fnt\n|faint|p2a: Luxray\n|\n|upkeep\n|\n|t:|1782788660\n|switch|p2a: Palafin|Palafin, L77, F|281/281\n|turn|5\n|\n|t:|1782788670\n|move|p1a: Drednaw|Crunch|p2a: Palafin\n|-damage|p2a: Palafin|4/281\n|move|p2a: Palafin|Wave Crash|p1a: Drednaw\n|-damage|p1a: Drednaw|0 fnt\n|faint|p1a: Drednaw\n|-damage|p2a: Palafin|0 fnt|[from] Recoil\n|faint|p2a: Palafin\n|\n|upkeep\n|\n|t:|1782788678\n|switch|p2a: Kricketune|Kricketune, L99, M|311/311\n|switch|p1a: Kingdra|Kingdra, L84, F|263/263\n|turn|6\n|\n|t:|1782788692\n|move|p1a: Kingdra|Hurricane|p2a: Kricketune\n|-supereffective|p2a: Kricketune\n|-damage|p2a: Kricketune|82/311\n|-damage|p1a: Kingdra|237/263|[from] item: Life Orb\n|move|p2a: Kricketune|Pounce|p1a: Kingdra\n|-damage|p1a: Kingdra|140/263\n|-unboost|p1a: Kingdra|spe|1\n|\n|upkeep\n|turn|7\n|\n|t:|1782788701\n|switch|p1a: Tinkaton|Tinkaton, L82, F|274/274\n|-ability|p1a: Tinkaton|Mold Breaker\n|move|p2a: Kricketune|Sticky Web|p1a: Tinkaton\n|-sidestart|p1: notmetbh102|move: Sticky Web\n|\n|upkeep\n|turn|8\n|\n|t:|1782788714\n|move|p1a: Tinkaton|Play Rough|p2a: Kricketune\n|-damage|p2a: Kricketune|0 fnt\n|faint|p2a: Kricketune\n|\n|upkeep\n|\n|t:|1782788718\n|switch|p2a: Arcanine|Arcanine-Hisui, L79, F|280/280\n|turn|9\n|\n|t:|1782788729\n|switch|p2a: Sneasler|Sneasler, L74, M|240/240\n|move|p1a: Tinkaton|Thunder Wave|p2a: Sneasler\n|-status|p2a: Sneasler|par\n|\n|upkeep\n|turn|10\n|\n|t:|1782788736\n|move|p1a: Tinkaton|Gigaton Hammer|p2a: Sneasler\n|-damage|p2a: Sneasler|57/240 par\n|move|p2a: Sneasler|Close Combat|p1a: Tinkaton\n|-damage|p1a: Tinkaton|55/274\n|-unboost|p2a: Sneasler|def|1\n|-unboost|p2a: Sneasler|spd|1\n|\n|-heal|p1a: Tinkaton|72/274|[from] item: Leftovers\n|upkeep\n|turn|11\n|\n|t:|1782788744\n|move|p1a: Tinkaton|Stealth Rock|p2a: Sneasler\n|-sidestart|p2: explosiveburger|move: Stealth Rock\n|move|p2a: Sneasler|Close Combat|p1a: Tinkaton\n|-damage|p1a: Tinkaton|0 fnt\n|-unboost|p2a: Sneasler|def|1\n|-unboost|p2a: Sneasler|spd|1\n|faint|p1a: Tinkaton\n|\n|upkeep\n|\n|t:|1782788745\n|switch|p1a: Terapagos|Terapagos, L77, M|265/265\n|-activate|p1a: Terapagos|ability: Tera Shift\n|detailschange|p1a: Terapagos|Terapagos-Terastal, L77, M\n|-heal|p1a: Terapagos|273/273|[silent]\n|turn|12\n|\n|t:|1782788759\n|switch|p2a: Arcanine|Arcanine-Hisui, L79, F|280/280\n|move|p1a: Terapagos|Rapid Spin|p2a: Arcanine\n|-resisted|p2a: Arcanine\n|-damage|p2a: Arcanine|254/280\n|-boost|p1a: Terapagos|spe|1\n|-sideend|p1: notmetbh102|Sticky Web|[from] move: Rapid Spin|[of] p1a: Terapagos\n|\n|upkeep\n|turn|13\n|\n|t:|1782788768\n|switch|p1a: Kingdra|Kingdra, L84, F|140/263\n|move|p2a: Arcanine|Head Smash|p1a: Kingdra\n|-damage|p1a: Kingdra|0 fnt\n|faint|p1a: Kingdra\n|\n|upkeep\n|\n|t:|1782788769\n|switch|p1a: Cetitan|Cetitan, L82, M|413/413\n|turn|14\n|\n|t:|1782788781\n|-terastallize|p2a: Arcanine|Normal\n|move|p2a: Arcanine|Head Smash|p1a: Cetitan\n|-supereffective|p1a: Cetitan\n|-damage|p1a: Cetitan|17/413\n|move|p1a: Cetitan|Liquidation|p2a: Arcanine\n|-damage|p2a: Arcanine|138/280\n|\n|upkeep\n|turn|15\n|\n|t:|1782788791\n|move|p2a: Arcanine|Extreme Speed|p1a: Cetitan\n|-damage|p1a: Cetitan|0 fnt\n|faint|p1a: Cetitan\n|\n|upkeep\n|\n|t:|1782788791\n|switch|p1a: Terapagos|Terapagos-Terastal, L77, M|273/273\n|turn|16\n|\n|t:|1782788801\n|move|p2a: Arcanine|Morning Sun|p2a: Arcanine\n|-heal|p2a: Arcanine|278/280\n|move|p1a: Terapagos|Rapid Spin|p2a: Arcanine\n|-damage|p2a: Arcanine|229/280\n|-boost|p1a: Terapagos|spe|1\n|\n|upkeep\n|turn|17\n|\n|t:|1782788809\n|move|p1a: Terapagos|Tera Starstorm|p2a: Arcanine\n|-damage|p2a: Arcanine|106/280\n|move|p2a: Arcanine|Head Smash|p1a: Terapagos|[miss]\n|-miss|p2a: Arcanine|p1a: Terapagos\n|\n|upkeep\n|turn|18\n|\n|t:|1782788814\n|move|p2a: Arcanine|Extreme Speed|p1a: Terapagos\n|-activate|p1a: Terapagos|ability: Tera Shell\n|-resisted|p1a: Terapagos\n|-damage|p1a: Terapagos|231/273\n|move|p1a: Terapagos|Calm Mind|p1a: Terapagos\n|-boost|p1a: Terapagos|spa|1\n|-boost|p1a: Terapagos|spd|1\n|\n|upkeep\n|turn|19\n|\n|t:|1782788823\n|move|p2a: Arcanine|Extreme Speed|p1a: Terapagos\n|-damage|p1a: Terapagos|147/273\n|move|p1a: Terapagos|Tera Starstorm|p2a: Arcanine\n|-damage|p2a: Arcanine|0 fnt\n|faint|p2a: Arcanine\n|\n|upkeep\n|\n|t:|1782788830\n|switch|p2a: Espeon|Espeon, L84, M|222/246\n|-damage|p2a: Espeon|192/246|[from] Stealth Rock\n|turn|20\n|\n|t:|1782788835\n|move|p1a: Terapagos|Tera Starstorm|p2a: Espeon\n|-damage|p2a: Espeon|23/246\n|move|p2a: Espeon|Psyshock|p1a: Terapagos\n|-damage|p1a: Terapagos|25/273\n|-damage|p2a: Espeon|0 fnt|[from] item: Life Orb\n|faint|p2a: Espeon\n|\n|upkeep\n|-message|explosiveburger forfeited.\n|\n|win|notmetbh102\n|raw|notmetbh102's rating: 2130 &rarr; <strong>2155</strong><br />(+25 for winning)\n|raw|explosiveburger's rating: 2227 &rarr; <strong>2202</strong><br />(-25 for losing)\n|c|\u2606notmetbh102|gg\n|l|\u2606explosiveburger\n|player|p2|\n", "inputlog": ">version f8ac14003a5f27e1bdc8d8c59608a773c1cb96e5\n>start {\"formatid\":\"gen9randombattle\",\"seed\":\"sodium,86f10652c2f6f699b975a3dc12a8979e\",\"rated\":\"Rated battle\"}\n>player p1 {\"name\":\"notmetbh102\",\"avatar\":\"2\",\"rating\":2130,\"seed\":\"sodium,7b0f38f54879c859954ce287175c4657\"}\n>player p2 {\"name\":\"explosiveburger\",\"avatar\":\"firebreather\",\"rating\":2227,\"seed\":\"sodium,fade1aca6b7dfd6f0551697f2821962f\"}\n>chat \u2606notmetbh102|hf\n>p1 switch 4\n>p2 switch 6\n>p1 move shellsmash\n>p2 move psyshock\n>p1 move crunch terastallize\n>p2 switch 2\n>p1 move crunch\n>p2 move playrough\n>p2 switch 5\n>p1 move crunch\n>p2 move wavecrash\n>p1 switch 5\n>p2 switch 6\n>p1 move hurricane\n>p2 move pounce\n>p1 switch 2\n>p2 move stickyweb\n>p1 move playrough\n>p2 move pounce\n>p2 switch 4\n>p1 move thunderwave\n>p2 switch 3\n>p1 move gigatonhammer\n>p2 move closecombat\n>p1 move stealthrock\n>p2 move closecombat\n>p1 switch 6\n>p1 move rapidspin\n>p2 switch 3\n>p1 switch 2\n>p2 move headsmash\n>p1 switch 3\n>p1 move liquidation\n>p2 move headsmash terastallize\n>p1 move iciclecrash\n>p2 move extremespeed\n>p1 switch 2\n>p1 move rapidspin\n>p2 move morningsun\n>p1 move terastarstorm\n>p2 move headsmash\n>p1 move calmmind\n>p2 move extremespeed\n>p1 move terastarstorm\n>p2 move extremespeed\n>p2 switch 2\n>p1 move terastarstorm\n>p2 move psyshock\n>forcelose p2", "uploadtime": 1782788602, "views": 4, "formatid": "gen9randombattle", "rating": 2155, "private": 0, "password": null, "player_dets": [{"name": "notmetbh102", "avatar": "2", "rating": 2130, "seed": "sodium,7b0f38f54879c859954ce287175c4657"}, {"name": "explosiveburger", "avatar": "firebreather", "rating": 2227, "seed": "sodium,fade1aca6b7dfd6f0551697f2821962f"}], "teams_full": [{"Klefki": {"name": "Klefki", "species": "Klefki", "speciesId": "klefki", "gender": "F", "shiny": false, "level": 84, "moves": ["foulplay", "dazzlinggleam", "spikes", "thunderwave"], "ability": "Prankster", "evs": {"hp": 85, "atk": 0, "def": 85, "spa": 85, "spd": 85, "spe": 85}, "ivs": {"hp": 31, "atk": 0, "def": 31, "spa": 31, "spd": 31, "spe": 31}, "item": "Leftovers", "teraType": "Flying", "role": "Bulky Attacker", "bvs": {"hp": 57, "atk": 80, "def": 91, "spa": 80, "spd": 87, "spe": 75}, "stats": {"hp": 233, "atk": 139, "def": 201, "spa": 183, "spd": 194, "spe": 174}, "types": ["Steel", "Fairy"]}, "Tinkaton": {"name": "Tinkaton", "species": "Tinkaton", "speciesId": "tinkaton", "gender": "F", "shiny": false, "level": 82, "moves": ["thunderwave", "stealthrock", "playrough", "gigatonhammer"], "ability": "Mold Breaker", "evs": {"hp": 85, "atk": 85, "def": 85, "spa": 85, "spd": 85, "spe": 85}, "ivs": {"hp": 31, "atk": 31, "def": 31, "spa": 31, "spd": 31, "spe": 31}, "item": "Leftovers", "teraType": "Water", "role": "Bulky Attacker", "bvs": {"hp": 85, "atk": 75, "def": 77, "spa": 70, "spd": 105, "spe": 94}, "stats": {"hp": 274, "atk": 170, "def": 173, "spa": 162, "spd": 219, "spe": 201}, "types": ["Fairy", "Steel"]}, "Cetitan": {"name": "Cetitan", "species": "Cetitan", "speciesId": "cetitan", "gender": "M", "shiny": false, "level": 82, "moves": ["iceshard", "earthquake", "liquidation", "iciclecrash"], "ability": "Sheer Force", "evs": {"hp": 85, "atk": 85, "def": 85, "spa": 85, "spd": 85, "spe": 85}, "ivs": {"hp": 31, "atk": 31, "def": 31, "spa": 31, "spd": 31, "spe": 31}, "item": "Life Orb", "teraType": "Water", "role": "Wallbreaker", "bvs": {"hp": 170, "atk": 113, "def": 65, "spa": 45, "spd": 55, "spe": 73}, "stats": {"hp": 413, "atk": 232, "def": 154, "spa": 121, "spd": 137, "spe": 167}, "types": ["Ice"]}, "Drednaw": {"name": "Drednaw", "species": "Drednaw", "speciesId": "drednaw", "gender": "M", "shiny": false, "level": 81, "moves": ["shellsmash", "stoneedge", "liquidation", "crunch"], "ability": "Strong Jaw", "evs": {"hp": 85, "atk": 85, "def": 85, "spa": 85, "spd": 85, "spe": 85}, "ivs": {"hp": 31, "atk": 31, "def": 31, "spa": 31, "spd": 31, "spe": 31}, "item": "White Herb", "teraType": "Dark", "role": "Setup Sweeper", "bvs": {"hp": 90, "atk": 115, "def": 90, "spa": 48, "spd": 68, "spe": 74}, "stats": {"hp": 278, "atk": 233, "def": 192, "spa": 124, "spd": 157, "spe": 167}, "types": ["Water", "Rock"]}, "Kingdra": {"name": "Kingdra", "species": "Kingdra", "speciesId": "kingdra", "gender": "F", "shiny": false, "level": 84, "moves": ["raindance", "dracometeor", "wavecrash", "hurricane"], "ability": "Swift Swim", "evs": {"hp": 85, "atk": 85, "def": 85, "spa": 85, "spd": 85, "spe": 85}, "ivs": {"hp": 31, "atk": 31, "def": 31, "spa": 31, "spd": 31, "spe": 31}, "item": "Life Orb", "teraType": "Water", "role": "Fast Attacker", "bvs": {"hp": 75, "atk": 95, "def": 95, "spa": 95, "spd": 95, "spe": 85}, "stats": {"hp": 263, "atk": 208, "def": 208, "spa": 208, "spd": 208, "spe": 191}, "types": ["Water", "Dragon"]}, "Terapagos": {"name": "Terapagos", "species": "Terapagos", "speciesId": "terapagos", "gender": "M", "shiny": false, "level": 77, "moves": ["rapidspin", "darkpulse", "terastarstorm", "calmmind"], "ability": "Tera Shift", "evs": {"hp": 85, "atk": 85, "def": 85, "spa": 85, "spd": 85, "spe": 85}, "ivs": {"hp": 31, "atk": 31, "def": 31, "spa": 31, "spd": 31, "spe": 31}, "item": "Heavy-Duty Boots", "teraType": "Stellar", "role": "Setup Sweeper", "bvs": {"hp": 90, "atk": 65, "def": 85, "spa": 65, "spd": 85, "spe": 60}, "stats": {"hp": 265, "atk": 145, "def": 175, "spa": 145, "spd": 175, "spe": 137}, "types": ["Normal"]}}, {"Kricketune": {"name": "Kricketune", "species": "Kricketune", "speciesId": "kricketune", "gender": "M", "shiny": false, "level": 99, "moves": ["knockoff", "pounce", "stickyweb", "taunt"], "ability": "Technician", "evs": {"hp": 81, "atk": 85, "def": 85, "spa": 85, "spd": 85, "spe": 85}, "ivs": {"hp": 31, "atk": 31, "def": 31, "spa": 31, "spd": 31, "spe": 31}, "item": "Focus Sash", "teraType": "Ghost", "role": "Fast Support", "bvs": {"hp": 77, "atk": 85, "def": 51, "spa": 55, "spd": 51, "spe": 65}, "stats": {"hp": 311, "atk": 224, "def": 157, "spa": 165, "spd": 157, "spe": 185}, "types": ["Bug"]}, "Luxray": {"name": "Luxray", "species": "Luxray", "speciesId": "luxray", "gender": "F", "shiny": false, "level": 88, "moves": ["voltswitch", "icefang", "wildcharge", "playrough"], "ability": "Intimidate", "evs": {"hp": 85, "atk": 85, "def": 85, "spa": 85, "spd": 85, "spe": 85}, "ivs": {"hp": 31, "atk": 31, "def": 31, "spa": 31, "spd": 31, "spe": 31}, "item": "Assault Vest", "teraType": "Electric", "role": "AV Pivot", "bvs": {"hp": 80, "atk": 120, "def": 79, "spa": 95, "spd": 79, "spe": 70}, "stats": {"hp": 284, "atk": 261, "def": 189, "spa": 217, "spd": 189, "spe": 173}, "types": ["Electric"]}, "Sneasler": {"name": "Sneasler", "species": "Sneasler", "speciesId": "sneasler", "gender": "M", "shiny": false, "level": 74, "moves": ["uturn", "throatchop", "direclaw", "closecombat"], "ability": "Poison Touch", "evs": {"hp": 85, "atk": 85, "def": 85, "spa": 85, "spd": 85, "spe": 85}, "ivs": {"hp": 31, "atk": 31, "def": 31, "spa": 31, "spd": 31, "spe": 31}, "item": "Choice Band", "teraType": "Fighting", "role": "Fast Attacker", "bvs": {"hp": 80, "atk": 130, "def": 60, "spa": 40, "spd": 80, "spe": 120}, "stats": {"hp": 240, "atk": 235, "def": 132, "spa": 102, "spd": 161, "spe": 221}, "types": ["Fighting", "Poison"]}, "Arcanine": {"name": "Arcanine", "species": "Arcanine-Hisui", "speciesId": "arcaninehisui", "gender": "F", "shiny": false, "level": 79, "moves": ["flareblitz", "morningsun", "headsmash", "extremespeed"], "ability": "Rock Head", "evs": {"hp": 85, "atk": 85, "def": 85, "spa": 85, "spd": 85, "spe": 85}, "ivs": {"hp": 31, "atk": 31, "def": 31, "spa": 31, "spd": 31, "spe": 31}, "item": "Heavy-Duty Boots", "teraType": "Normal", "role": "Bulky Attacker", "bvs": {"hp": 95, "atk": 115, "def": 80, "spa": 95, "spd": 80, "spe": 90}, "stats": {"hp": 280, "atk": 227, "def": 172, "spa": 196, "spd": 172, "spe": 188}, "types": ["Fire", "Rock"]}, "Palafin": {"name": "Palafin", "species": "Palafin", "speciesId": "palafin", "gender": "F", "shiny": false, "level": 77, "moves": ["closecombat", "flipturn", "jetpunch", "wavecrash"], "ability": "Zero to Hero", "evs": {"hp": 85, "atk": 85, "def": 85, "spa": 85, "spd": 85, "spe": 85}, "ivs": {"hp": 31, "atk": 31, "def": 31, "spa": 31, "spd": 31, "spe": 31}, "item": "Choice Band", "teraType": "Water", "role": "Wallbreaker", "bvs": {"hp": 100, "atk": 70, "def": 72, "spa": 53, "spd": 62, "spe": 100}, "stats": {"hp": 281, "atk": 152, "def": 155, "spa": 126, "spd": 140, "spe": 199}, "types": ["Water"]}, "Espeon": {"name": "Espeon", "species": "Espeon", "speciesId": "espeon", "gender": "M", "shiny": false, "level": 84, "moves": ["shadowball", "alluringvoice", "psyshock", "morningsun"], "ability": "Magic Bounce", "evs": {"hp": 85, "atk": 0, "def": 85, "spa": 85, "spd": 85, "spe": 85}, "ivs": {"hp": 31, "atk": 0, "def": 31, "spa": 31, "spd": 31, "spe": 31}, "item": "Life Orb", "teraType": "Psychic", "role": "Fast Attacker", "bvs": {"hp": 65, "atk": 65, "def": 60, "spa": 130, "spd": 95, "spe": 110}, "stats": {"hp": 246, "atk": 114, "def": 149, "spa": 267, "spd": 208, "spe": 233}, "types": ["Psychic"]}}]}