{"id": "gen9randombattle-2641564321", "format": "[Gen 9] Random Battle", "players": ["soumatou_story", "Marioman2007"], "log": "|j|\u2606soumatou_story\n|j|\u2606Marioman2007\n|t:|1782809009\n|gametype|singles\n|player|p1|soumatou_story|parasollady|2041\n|player|p2|Marioman2007|riley|2103\n|gen|9\n|tier|[Gen 9] Random Battle\n|rated|\n|rule|Species Clause: Limit one of each Pok\u00e9mon\n|rule|HP Percentage Mod: HP is shown in percentages\n|rule|Sleep Clause Mod: Limit one foe put to sleep\n|rule|Illusion Level Mod: Illusion disguises the Pok\u00e9mon's true level\n|\n|t:|1782809009\n|teamsize|p1|6\n|teamsize|p2|6\n|start\n|switch|p1a: Yanmega|Yanmega, L82, M|275/275\n|switch|p2a: Clodsire|Clodsire, L81, M|343/343\n|turn|1\n|\n|t:|1782809020\n|move|p1a: Yanmega|U-turn|p2a: Clodsire\n|-resisted|p2a: Clodsire\n|-damage|p2a: Clodsire|265/343\n|\n|t:|1782809021\n|switch|p1a: Samurott|Samurott, L88, M|310/310|[from] U-turn\n|move|p2a: Clodsire|Spikes|p1a: Samurott\n|-sidestart|p1: soumatou_story|Spikes\n|\n|-heal|p2a: Clodsire|286/343|[from] item: Leftovers\n|upkeep\n|turn|2\n|\n|t:|1782809026\n|move|p1a: Samurott|Knock Off|p2a: Clodsire\n|-damage|p2a: Clodsire|187/343\n|-enditem|p2a: Clodsire|Leftovers|[from] move: Knock Off|[of] p1a: Samurott\n|move|p2a: Clodsire|Poison Jab|p1a: Samurott\n|-damage|p1a: Samurott|247/310\n|\n|upkeep\n|turn|3\n|\n|t:|1782809034\n|switch|p1a: Toucannon|Toucannon, L88, M|284/284\n|move|p2a: Clodsire|Recover|p2a: Clodsire\n|-heal|p2a: Clodsire|343/343\n|\n|upkeep\n|turn|4\n|\n|t:|1782809041\n|-singleturn|p1a: Toucannon|move: Beak Blast\n|move|p2a: Clodsire|Poison Jab|p1a: Toucannon\n|-damage|p1a: Toucannon|208/284\n|-status|p2a: Clodsire|brn\n|move|p1a: Toucannon|Beak Blast|p2a: Clodsire\n|-damage|p2a: Clodsire|159/343 brn\n|\n|-damage|p2a: Clodsire|138/343 brn|[from] brn\n|upkeep\n|turn|5\n|\n|t:|1782809048\n|-singleturn|p1a: Toucannon|move: Beak Blast\n|move|p2a: Clodsire|Recover|p2a: Clodsire\n|-heal|p2a: Clodsire|310/343 brn\n|move|p1a: Toucannon|Beak Blast|p2a: Clodsire\n|-damage|p2a: Clodsire|121/343 brn\n|\n|-damage|p2a: Clodsire|100/343 brn|[from] brn\n|upkeep\n|turn|6\n|inactive|Battle timer is ON: inactive players will automatically lose when time's up. (requested by Marioman2007)\n|\n|t:|1782809054\n|move|p1a: Toucannon|Boomburst|p2a: Clodsire\n|-damage|p2a: Clodsire|0 fnt\n|faint|p2a: Clodsire\n|\n|upkeep\n|\n|t:|1782809060\n|switch|p2a: Breloom|Breloom, L83, F|235/235\n|turn|7\n|\n|t:|1782809066\n|-singleturn|p1a: Toucannon|move: Beak Blast\n|move|p2a: Breloom|Spore|p1a: Toucannon\n|-status|p1a: Toucannon|slp|[from] move: Spore\n|cant|p1a: Toucannon|slp\n|\n|upkeep\n|turn|8\n|\n|t:|1782809072\n|switch|p1a: Samurott|Samurott, L88, M|247/310\n|-damage|p1a: Samurott|209/310|[from] Spikes\n|move|p2a: Breloom|Swords Dance|p2a: Breloom\n|-boost|p2a: Breloom|atk|2\n|\n|upkeep\n|turn|9\n|\n|t:|1782809076\n|move|p1a: Samurott|Knock Off|p2a: Breloom\n|-resisted|p2a: Breloom\n|-damage|p2a: Breloom|195/235\n|-enditem|p2a: Breloom|Life Orb|[from] move: Knock Off|[of] p1a: Samurott\n|move|p2a: Breloom|Bullet Seed|p1a: Samurott\n|-supereffective|p1a: Samurott\n|-damage|p1a: Samurott|27/310\n|-supereffective|p1a: Samurott\n|-damage|p1a: Samurott|0 fnt\n|faint|p1a: Samurott\n|-hitcount|p1: Samurott|2\n|\n|upkeep\n|\n|t:|1782809078\n|switch|p1a: Yanmega|Yanmega, L82, M|275/275\n|turn|10\n|\n|t:|1782809082\n|switch|p2a: Misdreavus|Misdreavus, L90, F|254/254\n|move|p1a: Yanmega|Air Slash|p2a: Misdreavus|[miss]\n|-miss|p1a: Yanmega|p2a: Misdreavus\n|\n|upkeep\n|turn|11\n|\n|t:|1782809087\n|switch|p1a: Raichu|Raichu, L88, F|249/249\n|-damage|p1a: Raichu|218/249|[from] Spikes\n|move|p2a: Misdreavus|Calm Mind|p2a: Misdreavus\n|-boost|p2a: Misdreavus|spa|1\n|-boost|p2a: Misdreavus|spd|1\n|\n|upkeep\n|turn|12\n|\n|t:|1782809091\n|move|p1a: Raichu|Knock Off|p2a: Misdreavus\n|-supereffective|p2a: Misdreavus\n|-damage|p2a: Misdreavus|140/254\n|-enditem|p2a: Misdreavus|Eviolite|[from] move: Knock Off|[of] p1a: Raichu\n|move|p2a: Misdreavus|Shadow Ball|p1a: Raichu\n|-damage|p1a: Raichu|118/249\n|\n|upkeep\n|turn|13\n|\n|t:|1782809102\n|move|p1a: Raichu|Knock Off|p2a: Misdreavus\n|-supereffective|p2a: Misdreavus\n|-crit|p2a: Misdreavus\n|-damage|p2a: Misdreavus|0 fnt\n|faint|p2a: Misdreavus\n|\n|upkeep\n|\n|t:|1782809111\n|switch|p2a: Oranguru|Oranguru, L92, F|315/315\n|turn|14\n|\n|t:|1782809114\n|move|p1a: Raichu|Knock Off|p2a: Oranguru\n|-supereffective|p2a: Oranguru\n|-damage|p2a: Oranguru|161/315\n|-enditem|p2a: Oranguru|Leftovers|[from] move: Knock Off|[of] p1a: Raichu\n|move|p2a: Oranguru|Psyshock|p1a: Raichu\n|-damage|p1a: Raichu|0 fnt\n|faint|p1a: Raichu\n|\n|upkeep\n|\n|t:|1782809118\n|switch|p1a: Yanmega|Yanmega, L82, M|275/275\n|turn|15\n|\n|t:|1782809124\n|-terastallize|p2a: Oranguru|Electric\n|move|p1a: Yanmega|Bug Buzz|p2a: Oranguru\n|-damage|p2a: Oranguru|52/315\n|move|p2a: Oranguru|Thunderbolt|p1a: Yanmega\n|-supereffective|p1a: Yanmega\n|-damage|p1a: Yanmega|0 fnt\n|faint|p1a: Yanmega\n|\n|upkeep\n|\n|t:|1782809133\n|switch|p1a: Haxorus|Haxorus, L77, F|244/244\n|-damage|p1a: Haxorus|214/244|[from] Spikes\n|-ability|p1a: Haxorus|Mold Breaker\n|turn|16\n|\n|t:|1782809136\n|move|p1a: Haxorus|Dragon Dance|p1a: Haxorus\n|-boost|p1a: Haxorus|atk|1\n|-boost|p1a: Haxorus|spe|1\n|move|p2a: Oranguru|Focus Blast|p1a: Haxorus\n|-damage|p1a: Haxorus|92/244\n|\n|upkeep\n|turn|17\n|\n|t:|1782809139\n|move|p1a: Haxorus|Earthquake|p2a: Oranguru\n|-supereffective|p2a: Oranguru\n|-damage|p2a: Oranguru|0 fnt\n|faint|p2a: Oranguru\n|\n|upkeep\n|\n|t:|1782809144\n|switch|p2a: Breloom|Breloom, L83, F|195/235\n|turn|18\n|\n|t:|1782809147\n|move|p2a: Breloom|Mach Punch|p1a: Haxorus\n|-damage|p1a: Haxorus|1/244\n|move|p1a: Haxorus|Outrage|p2a: Breloom\n|-damage|p2a: Breloom|0 fnt\n|faint|p2a: Breloom\n|\n|upkeep\n|\n|t:|1782809151\n|switch|p2a: Basculin|Basculin-Blue-Striped, L86, M|261/261\n|turn|19\n|\n|t:|1782809154\n|move|p2a: Basculin|Aqua Jet|p1a: Haxorus\n|-resisted|p1a: Haxorus\n|-damage|p1a: Haxorus|0 fnt\n|faint|p1a: Haxorus\n|\n|upkeep\n|\n|t:|1782809157\n|switch|p1a: Toucannon|Toucannon, L88, M|208/284 slp\n|turn|20\n|\n|t:|1782809161\n|switch|p2a: Flygon|Flygon, L82, F|265/265\n|-singleturn|p1a: Toucannon|move: Beak Blast\n|cant|p1a: Toucannon|slp\n|\n|upkeep\n|turn|21\n|\n|t:|1782809167\n|move|p2a: Flygon|Dragon Dance|p2a: Flygon\n|-boost|p2a: Flygon|atk|1\n|-boost|p2a: Flygon|spe|1\n|cant|p1a: Toucannon|slp\n|\n|upkeep\n|turn|22\n|\n|t:|1782809172\n|move|p2a: Flygon|Stone Edge|p1a: Toucannon\n|-supereffective|p1a: Toucannon\n|-damage|p1a: Toucannon|0 fnt\n|faint|p1a: Toucannon\n|\n|upkeep\n|\n|t:|1782809174\n|switch|p1a: Iron Valiant|Iron Valiant, L78|244/244\n|-damage|p1a: Iron Valiant|214/244|[from] Spikes\n|turn|23\n|\n|t:|1782809177\n|-terastallize|p1a: Iron Valiant|Fairy\n|move|p2a: Flygon|Earthquake|p1a: Iron Valiant\n|-damage|p1a: Iron Valiant|52/244\n|move|p1a: Iron Valiant|Moonblast|p2a: Flygon\n|-supereffective|p2a: Flygon\n|-damage|p2a: Flygon|0 fnt\n|faint|p2a: Flygon\n|-damage|p1a: Iron Valiant|28/244|[from] item: Life Orb\n|\n|upkeep\n|\n|t:|1782809179\n|switch|p2a: Basculin|Basculin-Blue-Striped, L86, M|261/261\n|turn|24\n|\n|t:|1782809182\n|move|p2a: Basculin|Aqua Jet|p1a: Iron Valiant\n|-damage|p1a: Iron Valiant|0 fnt\n|faint|p1a: Iron Valiant\n|-end|p1a: Iron Valiant|Quark Drive|[silent]\n|\n|win|Marioman2007\n", "inputlog": ">version f8ac14003a5f27e1bdc8d8c59608a773c1cb96e5\n>start {\"formatid\":\"gen9randombattle\",\"seed\":\"sodium,489f45353f2a1c27f6319bc0d9512896\",\"rated\":\"Rated battle\"}\n>player p1 {\"name\":\"soumatou_story\",\"avatar\":\"parasollady\",\"rating\":2041,\"seed\":\"sodium,5267b05318912cc6a52bc1f1fa108d95\"}\n>player p2 {\"name\":\"Marioman2007\",\"avatar\":\"riley\",\"rating\":2103,\"seed\":\"sodium,b6dbfa7ddc825590fb2632933f90252f\"}\n>p1 move uturn\n>p2 move spikes\n>p1 switch 5\n>p1 move knockoff\n>p2 move poisonjab\n>p1 switch 2\n>p2 move recover\n>p1 move beakblast\n>p2 move poisonjab\n>p1 move beakblast\n>p2 move recover\n>p1 move boomburst\n>p2 move spikes\n>p2 switch 2\n>p1 move beakblast\n>p2 move spore\n>p1 switch 2\n>p2 move swordsdance\n>p1 move knockoff\n>p2 move bulletseed\n>p1 switch 5\n>p1 move airslash\n>p2 switch 4\n>p1 switch 3\n>p2 move calmmind\n>p1 move knockoff\n>p2 move shadowball\n>p1 move knockoff\n>p2 move shadowball\n>p2 switch 5\n>p1 move knockoff\n>p2 move psyshock\n>p1 switch 3\n>p1 move bugbuzz\n>p2 move thunderbolt terastallize\n>p1 switch 6\n>p1 move dragondance\n>p2 move focusblast\n>p1 move earthquake\n>p2 move focusblast\n>p2 switch 4\n>p1 move outrage\n>p2 move machpunch\n>p2 switch 6\n>p1 move outrage\n>p2 move aquajet\n>p1 switch 2\n>p1 move beakblast\n>p2 switch 3\n>p1 move boomburst\n>p2 move dragondance\n>p1 move boomburst\n>p2 move stoneedge\n>p1 switch 4\n>p1 move moonblast terastallize\n>p2 move earthquake\n>p2 switch 3\n>p1 move moonblast\n>p2 move aquajet", "uploadtime": 1782809011, "views": 4, "formatid": "gen9randombattle", "rating": null, "private": 0, "password": null, "player_dets": [{"name": "soumatou_story", "avatar": "parasollady", "rating": 2041, "seed": "sodium,5267b05318912cc6a52bc1f1fa108d95"}, {"name": "Marioman2007", "avatar": "riley", "rating": 2103, "seed": "sodium,b6dbfa7ddc825590fb2632933f90252f"}], "teams_full": [{"Yanmega": {"name": "Yanmega", "species": "Yanmega", "speciesId": "yanmega", "gender": "M", "shiny": false, "level": 82, "moves": ["bugbuzz", "gigadrain", "airslash", "uturn"], "ability": "Tinted Lens", "evs": {"hp": 85, "atk": 85, "def": 85, "spa": 85, "spd": 85, "spe": 85}, "ivs": {"hp": 31, "atk": 31, "def": 31, "spa": 31, "spd": 31, "spe": 31}, "item": "Choice Specs", "teraType": "Bug", "role": "Wallbreaker", "bvs": {"hp": 86, "atk": 76, "def": 86, "spa": 116, "spd": 56, "spe": 95}, "stats": {"hp": 275, "atk": 172, "def": 188, "spa": 237, "spd": 139, "spe": 203}, "types": ["Bug", "Flying"]}, "Toucannon": {"name": "Toucannon", "species": "Toucannon", "speciesId": "toucannon", "gender": "M", "shiny": false, "level": 88, "moves": ["uturn", "beakblast", "boomburst", "roost"], "ability": "Keen Eye", "evs": {"hp": 85, "atk": 85, "def": 85, "spa": 85, "spd": 85, "spe": 85}, "ivs": {"hp": 31, "atk": 31, "def": 31, "spa": 31, "spd": 31, "spe": 31}, "item": "Heavy-Duty Boots", "teraType": "Steel", "role": "Bulky Support", "bvs": {"hp": 80, "atk": 120, "def": 75, "spa": 75, "spd": 75, "spe": 60}, "stats": {"hp": 284, "atk": 261, "def": 182, "spa": 182, "spd": 182, "spe": 156}, "types": ["Normal", "Flying"]}, "Raichu": {"name": "Raichu", "species": "Raichu", "speciesId": "raichu", "gender": "F", "shiny": false, "level": 88, "moves": ["grassknot", "knockoff", "thunderbolt", "surf"], "ability": "Lightning Rod", "evs": {"hp": 85, "atk": 85, "def": 85, "spa": 85, "spd": 85, "spe": 85}, "ivs": {"hp": 31, "atk": 31, "def": 31, "spa": 31, "spd": 31, "spe": 31}, "item": "Assault Vest", "teraType": "Grass", "role": "Fast Support", "bvs": {"hp": 60, "atk": 90, "def": 55, "spa": 90, "spd": 80, "spe": 110}, "stats": {"hp": 249, "atk": 209, "def": 147, "spa": 209, "spd": 191, "spe": 244}, "types": ["Electric"]}, "Iron Valiant": {"name": "Iron Valiant", "species": "Iron Valiant", "speciesId": "ironvaliant", "gender": "N", "shiny": false, "level": 78, "moves": ["moonblast", "encore", "knockoff", "closecombat"], "ability": "Quark Drive", "evs": {"hp": 85, "atk": 85, "def": 85, "spa": 85, "spd": 85, "spe": 85}, "ivs": {"hp": 31, "atk": 31, "def": 31, "spa": 31, "spd": 31, "spe": 31}, "item": "Life Orb", "teraType": "Fairy", "role": "Wallbreaker", "bvs": {"hp": 74, "atk": 130, "def": 90, "spa": 120, "spd": 60, "spe": 116}, "stats": {"hp": 244, "atk": 248, "def": 185, "spa": 232, "spd": 139, "spe": 226}, "types": ["Fairy", "Fighting"]}, "Samurott": {"name": "Samurott", "species": "Samurott", "speciesId": "samurott", "gender": "M", "shiny": false, "level": 88, "moves": ["knockoff", "aquajet", "grassknot", "hydropump"], "ability": "Torrent", "evs": {"hp": 85, "atk": 85, "def": 85, "spa": 85, "spd": 85, "spe": 85}, "ivs": {"hp": 31, "atk": 31, "def": 31, "spa": 31, "spd": 31, "spe": 31}, "item": "Assault Vest", "teraType": "Grass", "role": "AV Pivot", "bvs": {"hp": 95, "atk": 100, "def": 85, "spa": 108, "spd": 70, "spe": 70}, "stats": {"hp": 310, "atk": 226, "def": 200, "spa": 240, "spd": 173, "spe": 173}, "types": ["Water"]}, "Haxorus": {"name": "Haxorus", "species": "Haxorus", "speciesId": "haxorus", "gender": "F", "shiny": false, "level": 77, "moves": ["ironhead", "outrage", "dragondance", "earthquake"], "ability": "Mold Breaker", "evs": {"hp": 85, "atk": 85, "def": 85, "spa": 85, "spd": 85, "spe": 85}, "ivs": {"hp": 31, "atk": 31, "def": 31, "spa": 31, "spd": 31, "spe": 31}, "item": "Lum Berry", "teraType": "Steel", "role": "Setup Sweeper", "bvs": {"hp": 76, "atk": 147, "def": 90, "spa": 60, "spd": 70, "spe": 97}, "stats": {"hp": 244, "atk": 271, "def": 183, "spa": 137, "spd": 152, "spe": 194}, "types": ["Dragon"]}}, {"Clodsire": {"name": "Clodsire", "species": "Clodsire", "speciesId": "clodsire", "gender": "M", "shiny": false, "level": 81, "moves": ["poisonjab", "recover", "spikes", "earthquake"], "ability": "Water Absorb", "evs": {"hp": 85, "atk": 85, "def": 85, "spa": 85, "spd": 85, "spe": 85}, "ivs": {"hp": 31, "atk": 31, "def": 31, "spa": 31, "spd": 31, "spe": 31}, "item": "Leftovers", "teraType": "Flying", "role": "Bulky Support", "bvs": {"hp": 130, "atk": 75, "def": 60, "spa": 45, "spd": 100, "spe": 20}, "stats": {"hp": 343, "atk": 168, "def": 144, "spa": 120, "spd": 209, "spe": 79}, "types": ["Poison", "Ground"]}, "Breloom": {"name": "Breloom", "species": "Breloom", "speciesId": "breloom", "gender": "F", "shiny": false, "level": 83, "moves": ["machpunch", "swordsdance", "bulletseed", "spore"], "ability": "Technician", "evs": {"hp": 85, "atk": 85, "def": 85, "spa": 85, "spd": 85, "spe": 85}, "ivs": {"hp": 31, "atk": 31, "def": 31, "spa": 31, "spd": 31, "spe": 31}, "item": "Life Orb", "teraType": "Fighting", "role": "Fast Attacker", "bvs": {"hp": 60, "atk": 130, "def": 80, "spa": 60, "spd": 60, "spe": 70}, "stats": {"hp": 235, "atk": 263, "def": 180, "spa": 147, "spd": 147, "spe": 164}, "types": ["Grass", "Fighting"]}, "Flygon": {"name": "Flygon", "species": "Flygon", "speciesId": "flygon", "gender": "F", "shiny": false, "level": 82, "moves": ["earthquake", "outrage", "dragondance", "stoneedge"], "ability": "Levitate", "evs": {"hp": 85, "atk": 85, "def": 85, "spa": 85, "spd": 85, "spe": 85}, "ivs": {"hp": 31, "atk": 31, "def": 31, "spa": 31, "spd": 31, "spe": 31}, "item": "Lum Berry", "teraType": "Rock", "role": "Fast Attacker", "bvs": {"hp": 80, "atk": 100, "def": 80, "spa": 80, "spd": 80, "spe": 100}, "stats": {"hp": 265, "atk": 211, "def": 178, "spa": 178, "spd": 178, "spe": 211}, "types": ["Ground", "Dragon"]}, "Misdreavus": {"name": "Misdreavus", "species": "Misdreavus", "speciesId": "misdreavus", "gender": "F", "shiny": false, "level": 90, "moves": ["willowisp", "shadowball", "calmmind", "drainingkiss"], "ability": "Levitate", "evs": {"hp": 85, "atk": 0, "def": 85, "spa": 85, "spd": 85, "spe": 85}, "ivs": {"hp": 31, "atk": 0, "def": 31, "spa": 31, "spd": 31, "spe": 31}, "item": "Eviolite", "teraType": "Fairy", "role": "Bulky Setup", "bvs": {"hp": 60, "atk": 60, "def": 60, "spa": 85, "spd": 85, "spe": 85}, "stats": {"hp": 254, "atk": 113, "def": 159, "spa": 204, "spd": 204, "spe": 204}, "types": ["Ghost"]}, "Oranguru": {"name": "Oranguru", "species": "Oranguru", "speciesId": "oranguru", "gender": "F", "shiny": false, "level": 92, "moves": ["psyshock", "thunderbolt", "focusblast", "nastyplot"], "ability": "Inner Focus", "evs": {"hp": 85, "atk": 0, "def": 85, "spa": 85, "spd": 85, "spe": 85}, "ivs": {"hp": 31, "atk": 0, "def": 31, "spa": 31, "spd": 31, "spe": 31}, "item": "Leftovers", "teraType": "Electric", "role": "Bulky Attacker", "bvs": {"hp": 90, "atk": 60, "def": 80, "spa": 90, "spd": 110, "spe": 60}, "stats": {"hp": 315, "atk": 115, "def": 200, "spa": 218, "spd": 255, "spe": 163}, "types": ["Normal", "Psychic"]}, "Basculin": {"name": "Basculin", "species": "Basculin-Blue-Striped", "speciesId": "basculin", "gender": "M", "shiny": false, "level": 86, "moves": ["wavecrash", "doubleedge", "aquajet", "flipturn"], "ability": "Adaptability", "evs": {"hp": 85, "atk": 85, "def": 85, "spa": 85, "spd": 85, "spe": 85}, "ivs": {"hp": 31, "atk": 31, "def": 31, "spa": 31, "spd": 31, "spe": 31}, "item": "Choice Band", "teraType": "Water", "role": "Wallbreaker", "bvs": {"hp": 70, "atk": 92, "def": 65, "spa": 80, "spd": 55, "spe": 98}, "stats": {"hp": 261, "atk": 207, "def": 161, "spa": 187, "spd": 144, "spe": 218}, "types": ["Water"]}}]}