{"id": "gen9randombattle-2641514530", "format": "[Gen 9] Random Battle", "players": ["Tinen", "POKWE"], "log": "|j|\u2606Tinen\n|j|\u2606POKWE\n|t:|1782798350\n|gametype|singles\n|player|p1|Tinen|dancer|1136\n|player|p2|POKWE|266|1133\n|gen|9\n|tier|[Gen 9] Random Battle\n|rated|\n|rule|Species Clause: Limit one of each Pok\u00e9mon\n|rule|HP Percentage Mod: HP is shown in percentages\n|rule|Sleep Clause Mod: Limit one foe put to sleep\n|rule|Illusion Level Mod: Illusion disguises the Pok\u00e9mon's true level\n|\n|t:|1782798350\n|teamsize|p1|6\n|teamsize|p2|6\n|start\n|switch|p1a: Arbok|Arbok, L87, F|246/246\n|switch|p2a: Furret|Furret, L94, F|312/312\n|-item|p1a: Arbok|Leftovers|[from] ability: Frisk|[of] p2a: Furret\n|-ability|p1a: Arbok|Intimidate|boost\n|-unboost|p2a: Furret|atk|1\n|turn|1\n|\n|t:|1782798364\n|move|p2a: Furret|Trick|p1a: Arbok\n|-activate|p2a: Furret|move: Trick|[of] p1a: Arbok\n|-item|p1a: Arbok|Choice Band|[from] move: Trick\n|-item|p2a: Furret|Leftovers|[from] move: Trick\n|move|p1a: Arbok|Coil|p1a: Arbok\n|-boost|p1a: Arbok|atk|1\n|-boost|p1a: Arbok|def|1\n|-boost|p1a: Arbok|accuracy|1\n|\n|upkeep\n|turn|2\n|\n|t:|1782798387\n|switch|p1a: Giratina|Giratina-Origin, L72|335/335\n|move|p2a: Furret|Double-Edge|p1a: Giratina\n|-immune|p1a: Giratina\n|\n|upkeep\n|turn|3\n|\n|t:|1782798399\n|move|p2a: Furret|Knock Off|p1a: Giratina\n|-supereffective|p1a: Giratina\n|-damage|p1a: Giratina|267/335\n|move|p1a: Giratina|Draco Meteor|p2a: Furret|[miss]\n|-miss|p1a: Giratina|p2a: Furret\n|\n|upkeep\n|turn|4\n|\n|t:|1782798406\n|move|p2a: Furret|Knock Off|p1a: Giratina\n|-supereffective|p1a: Giratina\n|-damage|p1a: Giratina|201/335\n|move|p1a: Giratina|Draco Meteor|p2a: Furret\n|-damage|p2a: Furret|122/312\n|-unboost|p1a: Giratina|spa|2\n|\n|-heal|p2a: Furret|141/312|[from] item: Leftovers\n|upkeep\n|turn|5\n|\n|t:|1782798415\n|move|p2a: Furret|Knock Off|p1a: Giratina\n|-supereffective|p1a: Giratina\n|-damage|p1a: Giratina|137/335\n|move|p1a: Giratina|Dragon Tail|p2a: Furret\n|-damage|p2a: Furret|68/312\n|drag|p2a: Bastiodon|Bastiodon, L89, M|252/252\n|\n|upkeep\n|turn|6\n|\n|t:|1782798432\n|switch|p1a: Keldeo|Keldeo-Resolute, L79|273/273\n|move|p2a: Bastiodon|Foul Play|p1a: Keldeo\n|-resisted|p1a: Keldeo\n|-damage|p1a: Keldeo|252/273\n|-ability|p1a: Keldeo|Justified|boost\n|-boost|p1a: Keldeo|atk|1\n|\n|upkeep\n|turn|7\n|\n|t:|1782798445\n|move|p1a: Keldeo|Secret Sword|p2a: Bastiodon\n|-supereffective|p2a: Bastiodon\n|-damage|p2a: Bastiodon|0 fnt\n|faint|p2a: Bastiodon\n|-damage|p1a: Keldeo|225/273|[from] item: Life Orb\n|\n|upkeep\n|\n|t:|1782798462\n|switch|p2a: Sunflora|Sunflora, F|312/312\n|turn|8\n|\n|t:|1782798490\n|move|p1a: Keldeo|Air Slash|p2a: Sunflora\n|-supereffective|p2a: Sunflora\n|-damage|p2a: Sunflora|177/312\n|-damage|p1a: Keldeo|198/273|[from] item: Life Orb\n|move|p2a: Sunflora|Dazzling Gleam|p1a: Keldeo\n|-supereffective|p1a: Keldeo\n|-damage|p1a: Keldeo|0 fnt\n|faint|p1a: Keldeo\n|\n|upkeep\n|\n|t:|1782798511\n|switch|p1a: Chi-Yu|Chi-Yu, L77|211/211\n|-ability|p1a: Chi-Yu|Beads of Ruin\n|turn|9\n|\n|t:|1782798516\n|move|p1a: Chi-Yu|Fire Blast|p2a: Sunflora\n|-supereffective|p2a: Sunflora\n|-damage|p2a: Sunflora|0 fnt\n|faint|p2a: Sunflora\n|\n|upkeep\n|\n|t:|1782798522\n|switch|p2a: Furret|Furret, L94, F|68/312\n|-item|p1a: Chi-Yu|Heavy-Duty Boots|[from] ability: Frisk|[of] p2a: Furret\n|turn|10\n|\n|t:|1782798532\n|move|p2a: Furret|Double-Edge|p1a: Chi-Yu\n|-damage|p1a: Chi-Yu|51/211\n|-damage|p2a: Furret|15/312|[from] Recoil\n|move|p1a: Chi-Yu|Nasty Plot|p1a: Chi-Yu\n|-boost|p1a: Chi-Yu|spa|2\n|\n|-heal|p2a: Furret|34/312|[from] item: Leftovers\n|upkeep\n|turn|11\n|\n|t:|1782798542\n|switch|p1a: Giratina|Giratina-Origin, L72|137/335\n|move|p2a: Furret|Double-Edge|p1a: Giratina\n|-immune|p1a: Giratina\n|\n|-heal|p2a: Furret|53/312|[from] item: Leftovers\n|upkeep\n|turn|12\n|\n|t:|1782798550\n|move|p2a: Furret|Knock Off|p1a: Giratina\n|-supereffective|p1a: Giratina\n|-damage|p1a: Giratina|31/335\n|move|p1a: Giratina|Draco Meteor|p2a: Furret\n|-damage|p2a: Furret|0 fnt\n|-unboost|p1a: Giratina|spa|2\n|faint|p2a: Furret\n|\n|upkeep\n|\n|t:|1782798566\n|switch|p2a: Minun|Minun, L95, M|268/268\n|turn|13\n|\n|t:|1782798574\n|move|p2a: Minun|Alluring Voice|p1a: Giratina\n|-supereffective|p1a: Giratina\n|-damage|p1a: Giratina|0 fnt\n|faint|p1a: Giratina\n|-damage|p2a: Minun|242/268|[from] item: Life Orb\n|\n|upkeep\n|\n|t:|1782798577\n|switch|p1a: Arbok|Arbok, L87, F|246/246\n|-ability|p1a: Arbok|Intimidate|boost\n|-unboost|p2a: Minun|atk|1\n|turn|14\n|\n|t:|1782798584\n|move|p2a: Minun|Thunderbolt|p1a: Arbok\n|-damage|p1a: Arbok|110/246\n|-damage|p2a: Minun|216/268|[from] item: Life Orb\n|move|p1a: Arbok|Earthquake|p2a: Minun\n|-supereffective|p2a: Minun\n|-damage|p2a: Minun|0 fnt\n|faint|p2a: Minun\n|\n|upkeep\n|\n|t:|1782798591\n|switch|p2a: Koraidon|Koraidon, L64|235/235\n|-weather|SunnyDay|[from] ability: Orichalcum Pulse|[of] p2a: Koraidon\n|-activate|p2a: Koraidon|Orichalcum Pulse|[source]\n|turn|15\n|\n|t:|1782798608\n|switch|p1a: Sunflora|Sunflora, M|312/312\n|move|p2a: Koraidon|Swords Dance|p2a: Koraidon\n|-boost|p2a: Koraidon|atk|2\n|\n|-weather|SunnyDay|[upkeep]\n|upkeep\n|turn|16\n|\n|t:|1782798617\n|move|p1a: Sunflora|Dazzling Gleam|p2a: Koraidon\n|-supereffective|p2a: Koraidon\n|-damage|p2a: Koraidon|0 fnt\n|faint|p2a: Koraidon\n|\n|-weather|SunnyDay|[upkeep]\n|upkeep\n|\n|t:|1782798623\n|switch|p2a: Cobalion|Cobalion, L80|277/277\n|turn|17\n|\n|t:|1782798629\n|switch|p1a: Arbok|Arbok, L87, F|110/246\n|-ability|p1a: Arbok|Intimidate|boost\n|-unboost|p2a: Cobalion|atk|1\n|move|p2a: Cobalion|Swords Dance|p2a: Cobalion\n|-boost|p2a: Cobalion|atk|2\n|\n|-weather|SunnyDay|[upkeep]\n|upkeep\n|turn|18\n|\n|t:|1782798638\n|move|p2a: Cobalion|Iron Head|p1a: Arbok\n|-damage|p1a: Arbok|0 fnt\n|faint|p1a: Arbok\n|\n|-weather|SunnyDay|[upkeep]\n|upkeep\n|\n|t:|1782798645\n|switch|p1a: Sunflora|Sunflora, M|312/312\n|turn|19\n|\n|t:|1782798650\n|move|p1a: Sunflora|Earth Power|p2a: Cobalion\n|-supereffective|p2a: Cobalion\n|-damage|p2a: Cobalion|0 fnt\n|faint|p2a: Cobalion\n|\n|win|Tinen\n|raw|Tinen's rating: 1136 &rarr; <strong>1161</strong><br />(+25 for winning)\n|raw|POKWE's rating: 1133 &rarr; <strong>1108</strong><br />(-25 for losing)\n", "inputlog": ">version f8ac14003a5f27e1bdc8d8c59608a773c1cb96e5\n>start {\"formatid\":\"gen9randombattle\",\"seed\":\"sodium,79d90dc284334c2e4580f00e07c7a373\",\"rated\":\"Rated battle\"}\n>player p1 {\"name\":\"Tinen\",\"avatar\":\"dancer\",\"rating\":1136,\"seed\":\"sodium,75684503fb0bf5c1d31b59e7b529fa91\"}\n>player p2 {\"name\":\"POKWE\",\"avatar\":\"266\",\"rating\":1133,\"seed\":\"sodium,d506b6cb69a9c6636c6212c139fe3c24\"}\n>p1 move coil\n>p2 move trick\n>p1 switch 2\n>p2 move doubleedge\n>p1 move dracometeor\n>p2 move knockoff\n>p1 move dracometeor\n>p2 move knockoff\n>p1 move dragontail\n>p2 move knockoff\n>p1 switch 4\n>p2 move foulplay\n>p1 move secretsword\n>p2 move bodypress\n>p2 switch 6\n>p1 move airslash\n>p2 move dazzlinggleam\n>p1 switch 6\n>p1 move fireblast\n>p2 move dazzlinggleam\n>p2 switch 2\n>p1 move nastyplot\n>p2 move doubleedge\n>p1 switch 4\n>p2 move doubleedge\n>p1 move dracometeor\n>p2 move knockoff\n>p2 switch 3\n>p1 move poltergeist\n>p2 move alluringvoice\n>p1 switch 2\n>p1 move earthquake\n>p2 move thunderbolt\n>p2 switch 5\n>p1 switch 5\n>p2 move swordsdance\n>p1 move dazzlinggleam\n>p2 move flareblitz\n>p2 switch 4\n>p1 switch 5\n>p2 move swordsdance\n>p1 move earthquake\n>p2 move ironhead\n>p1 switch 5\n>p1 move earthpower\n>p2 move ironhead", "uploadtime": 1782798653, "views": 3, "formatid": "gen9randombattle", "rating": 1108, "private": 0, "password": null, "player_dets": [{"name": "Tinen", "avatar": "dancer", "rating": 1136, "seed": "sodium,75684503fb0bf5c1d31b59e7b529fa91"}, {"name": "POKWE", "avatar": "266", "rating": 1133, "seed": "sodium,d506b6cb69a9c6636c6212c139fe3c24"}], "teams_full": [{"Arbok": {"name": "Arbok", "species": "Arbok", "speciesId": "arbok", "gender": "F", "shiny": false, "level": 87, "moves": ["coil", "earthquake", "trailblaze", "gunkshot"], "ability": "Intimidate", "evs": {"hp": 85, "atk": 85, "def": 85, "spa": 85, "spd": 85, "spe": 85}, "ivs": {"hp": 31, "atk": 31, "def": 31, "spa": 31, "spd": 31, "spe": 31}, "item": "Leftovers", "teraType": "Grass", "role": "Bulky Setup", "bvs": {"hp": 60, "atk": 95, "def": 69, "spa": 65, "spd": 79, "spe": 80}, "stats": {"hp": 246, "atk": 215, "def": 170, "spa": 163, "spd": 187, "spe": 189}, "types": ["Poison"]}, "Giratina": {"name": "Giratina", "species": "Giratina-Origin", "speciesId": "giratinaorigin", "gender": "N", "shiny": false, "level": 72, "moves": ["defog", "dracometeor", "poltergeist", "dragontail"], "ability": "Levitate", "evs": {"hp": 85, "atk": 85, "def": 85, "spa": 85, "spd": 85, "spe": 85}, "ivs": {"hp": 31, "atk": 31, "def": 31, "spa": 31, "spd": 31, "spe": 31}, "item": "Griseous Core", "teraType": "Dragon", "role": "Fast Attacker", "bvs": {"hp": 150, "atk": 120, "def": 100, "spa": 120, "spd": 100, "spe": 90}, "stats": {"hp": 335, "atk": 215, "def": 186, "spa": 215, "spd": 186, "spe": 172}, "types": ["Ghost", "Dragon"]}, "Dragalge": {"name": "Dragalge", "species": "Dragalge", "speciesId": "dragalge", "gender": "M", "shiny": false, "level": 88, "moves": ["dracometeor", "flipturn", "sludgewave", "focusblast"], "ability": "Adaptability", "evs": {"hp": 85, "atk": 85, "def": 85, "spa": 85, "spd": 85, "spe": 85}, "ivs": {"hp": 31, "atk": 31, "def": 31, "spa": 31, "spd": 31, "spe": 31}, "item": "Choice Specs", "teraType": "Fighting", "role": "Bulky Attacker", "bvs": {"hp": 65, "atk": 75, "def": 90, "spa": 97, "spd": 123, "spe": 44}, "stats": {"hp": 258, "atk": 182, "def": 209, "spa": 221, "spd": 267, "spe": 128}, "types": ["Poison", "Dragon"]}, "Keldeo": {"name": "Keldeo", "species": "Keldeo-Resolute", "speciesId": "keldeoresolute", "gender": "N", "shiny": false, "level": 79, "moves": ["hydropump", "secretsword", "calmmind", "airslash"], "ability": "Justified", "evs": {"hp": 85, "atk": 0, "def": 85, "spa": 85, "spd": 85, "spe": 85}, "ivs": {"hp": 31, "atk": 0, "def": 31, "spa": 31, "spd": 31, "spe": 31}, "item": "Life Orb", "teraType": "Water", "role": "Fast Attacker", "bvs": {"hp": 91, "atk": 72, "def": 90, "spa": 129, "spd": 90, "spe": 108}, "stats": {"hp": 273, "atk": 118, "def": 188, "spa": 249, "spd": 188, "spe": 216}, "types": ["Water", "Fighting"]}, "Sunflora": {"name": "Sunflora", "species": "Sunflora", "speciesId": "sunflora", "gender": "M", "shiny": false, "level": 100, "moves": ["earthpower", "leafstorm", "sludgebomb", "dazzlinggleam"], "ability": "Chlorophyll", "evs": {"hp": 85, "atk": 0, "def": 85, "spa": 85, "spd": 85, "spe": 85}, "ivs": {"hp": 31, "atk": 0, "def": 31, "spa": 31, "spd": 31, "spe": 31}, "item": "Choice Specs", "teraType": "Grass", "role": "Wallbreaker", "bvs": {"hp": 75, "atk": 75, "def": 55, "spa": 105, "spd": 85, "spe": 30}, "stats": {"hp": 312, "atk": 155, "def": 167, "spa": 267, "spd": 227, "spe": 117}, "types": ["Grass"]}, "Chi-Yu": {"name": "Chi-Yu", "species": "Chi-Yu", "speciesId": "chiyu", "gender": "N", "shiny": false, "level": 77, "moves": ["fireblast", "darkpulse", "nastyplot", "willowisp"], "ability": "Beads of Ruin", "evs": {"hp": 85, "atk": 0, "def": 85, "spa": 85, "spd": 85, "spe": 85}, "ivs": {"hp": 31, "atk": 0, "def": 31, "spa": 31, "spd": 31, "spe": 31}, "item": "Heavy-Duty Boots", "teraType": "Dark", "role": "Setup Sweeper", "bvs": {"hp": 55, "atk": 80, "def": 80, "spa": 135, "spd": 120, "spe": 100}, "stats": {"hp": 211, "atk": 128, "def": 168, "spa": 252, "spd": 229, "spe": 199}, "types": ["Dark", "Fire"]}}, {"Furret": {"name": "Furret", "species": "Furret", "speciesId": "furret", "gender": "F", "shiny": false, "level": 94, "moves": ["uturn", "doubleedge", "trick", "knockoff"], "ability": "Frisk", "evs": {"hp": 85, "atk": 85, "def": 85, "spa": 85, "spd": 85, "spe": 85}, "ivs": {"hp": 31, "atk": 31, "def": 31, "spa": 31, "spd": 31, "spe": 31}, "item": "Choice Band", "teraType": "Ghost", "role": "Wallbreaker", "bvs": {"hp": 85, "atk": 76, "def": 64, "spa": 45, "spd": 55, "spe": 90}, "stats": {"hp": 312, "atk": 196, "def": 174, "spa": 138, "spd": 157, "spe": 223}, "types": ["Normal"]}, "Bastiodon": {"name": "Bastiodon", "species": "Bastiodon", "speciesId": "bastiodon", "gender": "M", "shiny": false, "level": 89, "moves": ["bodypress", "irondefense", "rest", "foulplay"], "ability": "Soundproof", "evs": {"hp": 85, "atk": 0, "def": 85, "spa": 85, "spd": 85, "spe": 85}, "ivs": {"hp": 31, "atk": 0, "def": 31, "spa": 31, "spd": 31, "spe": 31}, "item": "Chesto Berry", "teraType": "Fighting", "role": "Bulky Setup", "bvs": {"hp": 60, "atk": 52, "def": 168, "spa": 47, "spd": 138, "spe": 30}, "stats": {"hp": 252, "atk": 97, "def": 350, "spa": 134, "spd": 296, "spe": 104}, "types": ["Rock", "Steel"]}, "Minun": {"name": "Minun", "species": "Minun", "speciesId": "minun", "gender": "M", "shiny": false, "level": 95, "moves": ["encore", "nastyplot", "alluringvoice", "thunderbolt"], "ability": "Volt Absorb", "evs": {"hp": 85, "atk": 0, "def": 85, "spa": 85, "spd": 85, "spe": 85}, "ivs": {"hp": 31, "atk": 0, "def": 31, "spa": 31, "spd": 31, "spe": 31}, "item": "Life Orb", "teraType": "Electric", "role": "Setup Sweeper", "bvs": {"hp": 60, "atk": 40, "def": 50, "spa": 75, "spd": 85, "spe": 95}, "stats": {"hp": 268, "atk": 81, "def": 149, "spa": 196, "spd": 215, "spe": 234}, "types": ["Electric"]}, "Cobalion": {"name": "Cobalion", "species": "Cobalion", "speciesId": "cobalion", "gender": "N", "shiny": false, "level": 80, "moves": ["ironhead", "closecombat", "taunt", "swordsdance"], "ability": "Justified", "evs": {"hp": 85, "atk": 85, "def": 85, "spa": 85, "spd": 85, "spe": 85}, "ivs": {"hp": 31, "atk": 31, "def": 31, "spa": 31, "spd": 31, "spe": 31}, "item": "Leftovers", "teraType": "Fighting", "role": "Fast Bulky Setup", "bvs": {"hp": 91, "atk": 90, "def": 129, "spa": 90, "spd": 72, "spe": 108}, "stats": {"hp": 277, "atk": 190, "def": 253, "spa": 190, "spd": 161, "spe": 219}, "types": ["Steel", "Fighting"]}, "Koraidon": {"name": "Koraidon", "species": "Koraidon", "speciesId": "koraidon", "gender": "N", "shiny": false, "level": 64, "moves": ["collisioncourse", "swordsdance", "scaleshot", "flareblitz"], "ability": "Orichalcum Pulse", "evs": {"hp": 85, "atk": 85, "def": 85, "spa": 85, "spd": 85, "spe": 85}, "ivs": {"hp": 31, "atk": 31, "def": 31, "spa": 31, "spd": 31, "spe": 31}, "item": "Loaded Dice", "teraType": "Fire", "role": "Setup Sweeper", "bvs": {"hp": 100, "atk": 135, "def": 115, "spa": 85, "spd": 100, "spe": 135}, "stats": {"hp": 235, "atk": 211, "def": 185, "spa": 147, "spd": 166, "spe": 211}, "types": ["Fighting", "Dragon"]}, "Sunflora": {"name": "Sunflora", "species": "Sunflora", "speciesId": "sunflora", "gender": "F", "shiny": false, "level": 100, "moves": ["leafstorm", "earthpower", "dazzlinggleam", "sludgebomb"], "ability": "Chlorophyll", "evs": {"hp": 85, "atk": 0, "def": 85, "spa": 85, "spd": 85, "spe": 85}, "ivs": {"hp": 31, "atk": 0, "def": 31, "spa": 31, "spd": 31, "spe": 31}, "item": "Choice Specs", "teraType": "Fairy", "role": "Wallbreaker", "bvs": {"hp": 75, "atk": 75, "def": 55, "spa": 105, "spd": 85, "spe": 30}, "stats": {"hp": 312, "atk": 155, "def": 167, "spa": 267, "spd": 227, "spe": 117}, "types": ["Grass"]}}]}