{"id": "gen9randombattle-2641393245", "format": "[Gen 9] Random Battle", "players": ["ure gae puhhy", "dfjionbvdfjkv"], "log": "|j|\u2606ure gae puhhy\n|j|\u2606dfjionbvdfjkv\n|t:|1782778009\n|gametype|singles\n|player|p1|ure gae puhhy|winona|1000\n|player|p2|dfjionbvdfjkv|burglar|1000\n|gen|9\n|tier|[Gen 9] Random Battle\n|rated|\n|rule|Species Clause: Limit one of each Pok\u00e9mon\n|rule|HP Percentage Mod: HP is shown in percentages\n|rule|Sleep Clause Mod: Limit one foe put to sleep\n|rule|Illusion Level Mod: Illusion disguises the Pok\u00e9mon's true level\n|\n|t:|1782778009\n|teamsize|p1|6\n|teamsize|p2|6\n|start\n|switch|p1a: Wyrdeer|Wyrdeer, L87, F|321/321\n|switch|p2a: Dewgong|Dewgong, L94, M|322/322\n|-ability|p1a: Wyrdeer|Intimidate|boost\n|-unboost|p2a: Dewgong|atk|1\n|turn|1\n|inactive|Battle timer is ON: inactive players will automatically lose when time's up. (requested by dfjionbvdfjkv)\n|c|\u2606ure gae puhhy|u suc block cooooooock\n|\n|t:|1782778030\n|move|p2a: Dewgong|Knock Off|p1a: Wyrdeer\n|-supereffective|p1a: Wyrdeer\n|-damage|p1a: Wyrdeer|219/321\n|-enditem|p1a: Wyrdeer|Assault Vest|[from] move: Knock Off|[of] p2a: Dewgong\n|move|p1a: Wyrdeer|Body Slam|p2a: Dewgong\n|-damage|p2a: Dewgong|232/322\n|-status|p2a: Dewgong|par\n|\n|upkeep\n|turn|2\n|c|\u2606ure gae puhhy|ez\n|\n|t:|1782778041\n|move|p1a: Wyrdeer|Earthquake|p2a: Dewgong\n|-damage|p2a: Dewgong|156/322 par\n|cant|p2a: Dewgong|par\n|\n|upkeep\n|turn|3\n|c|\u2606ure gae puhhy|smd\n|\n|t:|1782778051\n|move|p1a: Wyrdeer|Body Slam|p2a: Dewgong\n|-damage|p2a: Dewgong|66/322 par\n|move|p2a: Dewgong|Surf|p1a: Wyrdeer\n|-damage|p1a: Wyrdeer|126/321\n|\n|upkeep\n|turn|4\n|\n|t:|1782778060\n|move|p1a: Wyrdeer|Body Slam|p2a: Dewgong\n|-damage|p2a: Dewgong|0 fnt\n|faint|p2a: Dewgong\n|\n|upkeep\n|\n|t:|1782778065\n|switch|p2a: Furret|Furret, L94, F|312/312\n|turn|5\n|c|\u2606ure gae puhhy|wo youre gonna double edge\n|c|\u2606ure gae puhhy|sooooo orignal\n|\n|t:|1782778085\n|switch|p1a: Rhyperior|Rhyperior, L82, M|323/323\n|move|p2a: Furret|Double-Edge|p1a: Rhyperior\n|-resisted|p1a: Rhyperior\n|-damage|p1a: Rhyperior|249/323\n|-damage|p2a: Furret|288/312|[from] Recoil\n|\n|upkeep\n|turn|6\n|c|\u2606ure gae puhhy|ez\n|\n|t:|1782778094\n|switch|p2a: Luvdisc|Luvdisc, F|247/247\n|move|p1a: Rhyperior|Earthquake|p2a: Luvdisc\n|-damage|p2a: Luvdisc|103/247\n|\n|upkeep\n|turn|7\n|\n|t:|1782778101\n|switch|p1a: Kyogre|Kyogre, L71|259/259\n|-weather|RainDance|[from] ability: Drizzle|[of] p1a: Kyogre\n|move|p2a: Luvdisc|Substitute|p2a: Luvdisc\n|-start|p2a: Luvdisc|Substitute\n|-damage|p2a: Luvdisc|42/247\n|\n|-weather|RainDance|[upkeep]\n|upkeep\n|turn|8\n|\n|t:|1782778111\n|move|p2a: Luvdisc|Endeavor|p1a: Kyogre\n|-damage|p1a: Kyogre|42/259\n|move|p1a: Kyogre|Thunder|p2a: Luvdisc\n|-supereffective|p2a: Luvdisc\n|-end|p2a: Luvdisc|Substitute\n|\n|-weather|RainDance|[upkeep]\n|-heal|p1a: Kyogre|58/259|[from] item: Leftovers\n|upkeep\n|turn|9\n|\n|t:|1782778115\n|move|p2a: Luvdisc|Surf|p1a: Kyogre\n|-resisted|p1a: Kyogre\n|-damage|p1a: Kyogre|15/259\n|move|p1a: Kyogre|Thunder|p2a: Luvdisc\n|-supereffective|p2a: Luvdisc\n|-damage|p2a: Luvdisc|0 fnt\n|faint|p2a: Luvdisc\n|\n|-weather|RainDance|[upkeep]\n|-heal|p1a: Kyogre|31/259|[from] item: Leftovers\n|upkeep\n|\n|t:|1782778118\n|switch|p2a: Furret|Furret, L94, F|288/312\n|-item|p1a: Kyogre|Leftovers|[from] ability: Frisk|[of] p2a: Furret\n|turn|10\n|c|\u2606ure gae puhhy|ez\n|c|\u2606ure gae puhhy|ezzzzz\n|c|\u2606ure gae puhhy|ezzzzz\n|c|\u2606ure gae puhhy|ezzz\n|\n|t:|1782778129\n|switch|p1a: Rhyperior|Rhyperior, L82, M|249/323\n|move|p2a: Furret|U-turn|p1a: Rhyperior\n|-damage|p1a: Rhyperior|196/323\n|\n|t:|1782778133\n|switch|p2a: Iron Boulder|Iron Boulder, L77|265/265|[from] U-turn\n|-enditem|p2a: Iron Boulder|Booster Energy\n|-activate|p2a: Iron Boulder|ability: Quark Drive|[fromitem]\n|-start|p2a: Iron Boulder|quarkdrivespe\n|\n|-weather|RainDance|[upkeep]\n|upkeep\n|turn|11\n|c|\u2606ure gae puhhy|light work puhhhy\n|\n|t:|1782778140\n|-terastallize|p2a: Iron Boulder|Fighting\n|move|p2a: Iron Boulder|Swords Dance|p2a: Iron Boulder\n|-boost|p2a: Iron Boulder|atk|2\n|move|p1a: Rhyperior|Earthquake|p2a: Iron Boulder\n|-damage|p2a: Iron Boulder|102/265\n|\n|-weather|none\n|upkeep\n|turn|12\n|\n|t:|1782778147\n|move|p2a: Iron Boulder|Close Combat|p1a: Rhyperior\n|-supereffective|p1a: Rhyperior\n|-damage|p1a: Rhyperior|0 fnt\n|-unboost|p2a: Iron Boulder|def|1\n|-unboost|p2a: Iron Boulder|spd|1\n|faint|p1a: Rhyperior\n|\n|upkeep\n|\n|t:|1782778176\n|switch|p1a: Scovillain|Scovillain, L91, M|266/266\n|turn|13\n|\n|t:|1782778184\n|move|p1a: Scovillain|Protect|p1a: Scovillain\n|-singleturn|p1a: Scovillain|Protect\n|move|p2a: Iron Boulder|Mighty Cleave|p1a: Scovillain\n|-supereffective|p1a: Scovillain\n|-damage|p1a: Scovillain|0 fnt\n|faint|p1a: Scovillain\n|\n|upkeep\n|c|\u2606ure gae puhhy|da fuq\n|\n|t:|1782778198\n|switch|p1a: Sandaconda|Sandaconda, L84, F|258/258\n|turn|14\n|\n|t:|1782778208\n|move|p2a: Iron Boulder|Close Combat|p1a: Sandaconda\n|-damage|p1a: Sandaconda|75/258\n|-unboost|p2a: Iron Boulder|def|1\n|-unboost|p2a: Iron Boulder|spd|1\n|move|p1a: Sandaconda|Earthquake|p2a: Iron Boulder\n|-damage|p2a: Iron Boulder|0 fnt\n|faint|p2a: Iron Boulder\n|-end|p2a: Iron Boulder|Quark Drive|[silent]\n|\n|-heal|p1a: Sandaconda|91/258|[from] item: Leftovers\n|upkeep\n|\n|t:|1782778211\n|switch|p2a: Furret|Furret, L94, F|288/312\n|-item|p1a: Sandaconda|Leftovers|[from] ability: Frisk|[of] p2a: Furret\n|turn|15\n|\n|t:|1782778225\n|move|p2a: Furret|Double-Edge|p1a: Sandaconda\n|-damage|p1a: Sandaconda|0 fnt\n|faint|p1a: Sandaconda\n|-damage|p2a: Furret|258/312|[from] Recoil\n|\n|upkeep\n|\n|t:|1782778234\n|switch|p1a: Hydreigon|Hydreigon, L79, F|275/275\n|turn|16\n|\n|t:|1782778251\n|switch|p2a: Luxray|Luxray, L88, F|283/283\n|move|p1a: Hydreigon|Dark Pulse|p2a: Luxray\n|-damage|p2a: Luxray|150/283\n|\n|-status|p2a: Luxray|brn|[from] item: Flame Orb\n|upkeep\n|turn|17\n|\n|t:|1782778263\n|switch|p1a: Wyrdeer|Wyrdeer, L87, F|126/321\n|-ability|p1a: Wyrdeer|Intimidate|boost\n|-unboost|p2a: Luxray|atk|1\n|move|p2a: Luxray|Trailblaze|p1a: Wyrdeer\n|-damage|p1a: Wyrdeer|73/321\n|-boost|p2a: Luxray|spe|1\n|\n|-damage|p2a: Luxray|133/283 brn|[from] brn\n|upkeep\n|turn|18\n|\n|t:|1782778266\n|move|p2a: Luxray|Facade|p1a: Wyrdeer\n|-damage|p1a: Wyrdeer|0 fnt\n|faint|p1a: Wyrdeer\n|\n|-damage|p2a: Luxray|116/283 brn|[from] brn\n|upkeep\n|l|\u2606ure gae puhhy\n|inactive|ure gae puhhy disconnected and has a minute to reconnect!\n|player|p1|\n|inactive|ure gae puhhy has 30 seconds to reconnect!\n|inactive|ure gae puhhy has 20 seconds to reconnect!\n|inactive|ure gae puhhy has 15 seconds to reconnect!\n|inactive|ure gae puhhy has 10 seconds to reconnect!\n|inactive|ure gae puhhy has 5 seconds to reconnect!\n|-message|ure gae puhhy lost due to inactivity.\n|\n|win|dfjionbvdfjkv\n", "inputlog": ">version f8ac14003a5f27e1bdc8d8c59608a773c1cb96e5\n>start {\"formatid\":\"gen9randombattle\",\"seed\":\"sodium,16bccb10f1aa9e35210a5965a157643f\",\"rated\":\"Rated battle\"}\n>player p1 {\"name\":\"ure gae puhhy\",\"avatar\":\"winona\",\"rating\":1000,\"seed\":\"sodium,7c421024763b0ef30b53ae825b642d61\"}\n>player p2 {\"name\":\"dfjionbvdfjkv\",\"avatar\":\"burglar\",\"rating\":1000,\"seed\":\"sodium,07a00d26c9cb4140a747bfafd74af3f1\"}\n>chat \u2606ure gae puhhy|u suc block cooooooock\n>p1 move bodyslam\n>p2 move knockoff\n>chat \u2606ure gae puhhy|ez\n>p1 move earthquake\n>p2 move surf\n>chat \u2606ure gae puhhy|smd\n>p1 move bodyslam\n>p2 move surf\n>p1 move bodyslam\n>p2 move surf\n>p2 switch 2\n>chat \u2606ure gae puhhy|wo youre gonna double edge \n>chat \u2606ure gae puhhy|sooooo orignal \n>p1 switch 4\n>p2 move doubleedge\n>chat \u2606ure gae puhhy|ez\n>p1 move earthquake\n>p2 switch 3\n>p1 switch 6\n>p2 move substitute\n>p1 move thunder\n>p2 move endeavor\n>p1 move thunder\n>p2 move surf\n>p2 switch 3\n>chat \u2606ure gae puhhy|ez\n>chat \u2606ure gae puhhy|ezzzzz\n>chat \u2606ure gae puhhy|ezzzzz\n>chat \u2606ure gae puhhy|ezzz\n>p1 switch 6\n>p2 move uturn\n>p2 switch 5\n>chat \u2606ure gae puhhy|light work puhhhy\n>p1 move earthquake\n>p2 move swordsdance terastallize\n>p1 move earthquake\n>p2 move closecombat\n>p1 switch 3\n>p1 move protect\n>p2 move mightycleave\n>chat \u2606ure gae puhhy|da fuq\n>p1 switch 5\n>p1 move earthquake\n>p2 move closecombat\n>p2 switch 5\n>p1 move earthquake\n>p2 move doubleedge\n>p1 switch 2\n>p1 move darkpulse\n>p2 switch 4\n>p1 switch 4\n>p2 move trailblaze\n>p1 move earthquake\n>p2 move facade\n>forcelose p1", "uploadtime": 1782778024, "views": 1, "formatid": "gen9randombattle", "rating": null, "private": 0, "password": null, "player_dets": [{"name": "ure gae puhhy", "avatar": "winona", "rating": 1000, "seed": "sodium,7c421024763b0ef30b53ae825b642d61"}, {"name": "dfjionbvdfjkv", "avatar": "burglar", "rating": 1000, "seed": "sodium,07a00d26c9cb4140a747bfafd74af3f1"}], "teams_full": [{"Wyrdeer": {"name": "Wyrdeer", "species": "Wyrdeer", "speciesId": "wyrdeer", "gender": "F", "shiny": false, "level": 87, "moves": ["psychicnoise", "earthquake", "megahorn", "bodyslam"], "ability": "Intimidate", "evs": {"hp": 85, "atk": 85, "def": 85, "spa": 85, "spd": 85, "spe": 85}, "ivs": {"hp": 31, "atk": 31, "def": 31, "spa": 31, "spd": 31, "spe": 31}, "item": "Assault Vest", "teraType": "Ground", "role": "Bulky Attacker", "bvs": {"hp": 103, "atk": 105, "def": 72, "spa": 105, "spd": 75, "spe": 65}, "stats": {"hp": 321, "atk": 232, "def": 175, "spa": 232, "spd": 180, "spe": 163}, "types": ["Normal", "Psychic"]}, "Hydreigon": {"name": "Hydreigon", "species": "Hydreigon", "speciesId": "hydreigon", "gender": "F", "shiny": false, "level": 79, "moves": ["darkpulse", "flashcannon", "uturn", "dracometeor"], "ability": "Levitate", "evs": {"hp": 85, "atk": 85, "def": 85, "spa": 85, "spd": 85, "spe": 85}, "ivs": {"hp": 31, "atk": 31, "def": 31, "spa": 31, "spd": 31, "spe": 31}, "item": "Choice Specs", "teraType": "Dark", "role": "Fast Attacker", "bvs": {"hp": 92, "atk": 105, "def": 90, "spa": 125, "spd": 90, "spe": 98}, "stats": {"hp": 275, "atk": 211, "def": 188, "spa": 243, "spd": 188, "spe": 200}, "types": ["Dark", "Dragon"]}, "Scovillain": {"name": "Scovillain", "species": "Scovillain", "speciesId": "scovillain", "gender": "M", "shiny": false, "level": 91, "moves": ["protect", "substitute", "leechseed", "flamethrower"], "ability": "Chlorophyll", "evs": {"hp": 85, "atk": 0, "def": 85, "spa": 85, "spd": 85, "spe": 85}, "ivs": {"hp": 31, "atk": 0, "def": 31, "spa": 31, "spd": 31, "spe": 31}, "item": "Leftovers", "teraType": "Steel", "role": "Bulky Attacker", "bvs": {"hp": 65, "atk": 108, "def": 65, "spa": 108, "spd": 65, "spe": 75}, "stats": {"hp": 266, "atk": 201, "def": 170, "spa": 248, "spd": 170, "spe": 188}, "types": ["Grass", "Fire"]}, "Rhyperior": {"name": "Rhyperior", "species": "Rhyperior", "speciesId": "rhyperior", "gender": "M", "shiny": false, "level": 82, "moves": ["megahorn", "dragontail", "earthquake", "stoneedge"], "ability": "Solid Rock", "evs": {"hp": 85, "atk": 85, "def": 85, "spa": 85, "spd": 85, "spe": 85}, "ivs": {"hp": 31, "atk": 31, "def": 31, "spa": 31, "spd": 31, "spe": 31}, "item": "Assault Vest", "teraType": "Bug", "role": "Bulky Attacker", "bvs": {"hp": 115, "atk": 140, "def": 130, "spa": 55, "spd": 55, "spe": 40}, "stats": {"hp": 323, "atk": 277, "def": 260, "spa": 137, "spd": 137, "spe": 113}, "types": ["Ground", "Rock"]}, "Sandaconda": {"name": "Sandaconda", "species": "Sandaconda", "speciesId": "sandaconda", "gender": "F", "shiny": false, "level": 84, "moves": ["coil", "earthquake", "rest", "stoneedge"], "ability": "Shed Skin", "evs": {"hp": 85, "atk": 85, "def": 85, "spa": 85, "spd": 85, "spe": 85}, "ivs": {"hp": 31, "atk": 31, "def": 31, "spa": 31, "spd": 31, "spe": 31}, "item": "Leftovers", "teraType": "Dragon", "role": "Bulky Setup", "bvs": {"hp": 72, "atk": 107, "def": 125, "spa": 65, "spd": 70, "spe": 71}, "stats": {"hp": 258, "atk": 228, "def": 258, "spa": 157, "spd": 166, "spe": 167}, "types": ["Ground"]}, "Kyogre": {"name": "Kyogre", "species": "Kyogre", "speciesId": "kyogre", "gender": "N", "shiny": false, "level": 71, "moves": ["thunder", "icebeam", "calmmind", "originpulse"], "ability": "Drizzle", "evs": {"hp": 85, "atk": 0, "def": 85, "spa": 85, "spd": 85, "spe": 85}, "ivs": {"hp": 31, "atk": 0, "def": 31, "spa": 31, "spd": 31, "spe": 31}, "item": "Leftovers", "teraType": "Electric", "role": "Bulky Setup", "bvs": {"hp": 100, "atk": 100, "def": 90, "spa": 150, "spd": 140, "spe": 90}, "stats": {"hp": 259, "atk": 147, "def": 169, "spa": 254, "spd": 240, "spe": 169}, "types": ["Water"]}}, {"Dewgong": {"name": "Dewgong", "species": "Dewgong", "speciesId": "dewgong", "gender": "M", "shiny": false, "level": 94, "moves": ["surf", "knockoff", "tripleaxel", "flipturn"], "ability": "Thick Fat", "evs": {"hp": 85, "atk": 85, "def": 85, "spa": 85, "spd": 85, "spe": 85}, "ivs": {"hp": 31, "atk": 31, "def": 31, "spa": 31, "spd": 31, "spe": 31}, "item": "Assault Vest", "teraType": "Steel", "role": "Bulky Attacker", "bvs": {"hp": 90, "atk": 70, "def": 80, "spa": 70, "spd": 95, "spe": 70}, "stats": {"hp": 322, "atk": 185, "def": 204, "spa": 185, "spd": 232, "spe": 185}, "types": ["Water", "Ice"]}, "Furret": {"name": "Furret", "species": "Furret", "speciesId": "furret", "gender": "F", "shiny": false, "level": 94, "moves": ["trick", "uturn", "knockoff", "doubleedge"], "ability": "Frisk", "evs": {"hp": 85, "atk": 85, "def": 85, "spa": 85, "spd": 85, "spe": 85}, "ivs": {"hp": 31, "atk": 31, "def": 31, "spa": 31, "spd": 31, "spe": 31}, "item": "Choice Band", "teraType": "Ghost", "role": "Wallbreaker", "bvs": {"hp": 85, "atk": 76, "def": 64, "spa": 45, "spd": 55, "spe": 90}, "stats": {"hp": 312, "atk": 196, "def": 174, "spa": 138, "spd": 157, "spe": 223}, "types": ["Normal"]}, "Luvdisc": {"name": "Luvdisc", "species": "Luvdisc", "speciesId": "luvdisc", "gender": "F", "shiny": false, "level": 100, "moves": ["surf", "whirlpool", "endeavor", "substitute"], "ability": "Swift Swim", "evs": {"hp": 81, "atk": 0, "def": 85, "spa": 85, "spd": 85, "spe": 85}, "ivs": {"hp": 31, "atk": 0, "def": 31, "spa": 31, "spd": 31, "spe": 31}, "item": "Heavy-Duty Boots", "teraType": "Ground", "role": "Fast Support", "bvs": {"hp": 43, "atk": 30, "def": 55, "spa": 40, "spd": 65, "spe": 97}, "stats": {"hp": 247, "atk": 65, "def": 167, "spa": 137, "spd": 187, "spe": 251}, "types": ["Water"]}, "Luxray": {"name": "Luxray", "species": "Luxray", "speciesId": "luxray", "gender": "F", "shiny": false, "level": 88, "moves": ["supercellslam", "throatchop", "trailblaze", "facade"], "ability": "Guts", "evs": {"hp": 81, "atk": 85, "def": 85, "spa": 85, "spd": 85, "spe": 85}, "ivs": {"hp": 31, "atk": 31, "def": 31, "spa": 31, "spd": 31, "spe": 31}, "item": "Flame Orb", "teraType": "Normal", "role": "Setup Sweeper", "bvs": {"hp": 80, "atk": 120, "def": 79, "spa": 95, "spd": 79, "spe": 70}, "stats": {"hp": 283, "atk": 261, "def": 189, "spa": 217, "spd": 189, "spe": 173}, "types": ["Electric"]}, "Iron Boulder": {"name": "Iron Boulder", "species": "Iron Boulder", "speciesId": "ironboulder", "gender": "N", "shiny": false, "level": 77, "moves": ["closecombat", "mightycleave", "zenheadbutt", "swordsdance"], "ability": "Quark Drive", "evs": {"hp": 85, "atk": 85, "def": 85, "spa": 85, "spd": 85, "spe": 85}, "ivs": {"hp": 31, "atk": 31, "def": 31, "spa": 31, "spd": 31, "spe": 31}, "item": "Booster Energy", "teraType": "Fighting", "role": "Fast Bulky Setup", "bvs": {"hp": 90, "atk": 120, "def": 80, "spa": 68, "spd": 108, "spe": 124}, "stats": {"hp": 265, "atk": 229, "def": 168, "spa": 149, "spd": 211, "spe": 236}, "types": ["Rock", "Psychic"]}, "Zekrom": {"name": "Zekrom", "species": "Zekrom", "speciesId": "zekrom", "gender": "N", "shiny": false, "level": 71, "moves": ["boltstrike", "dragondance", "outrage", "substitute"], "ability": "Teravolt", "evs": {"hp": 85, "atk": 85, "def": 85, "spa": 85, "spd": 85, "spe": 85}, "ivs": {"hp": 31, "atk": 31, "def": 31, "spa": 31, "spd": 31, "spe": 31}, "item": "Leftovers", "teraType": "Steel", "role": "Setup Sweeper", "bvs": {"hp": 100, "atk": 150, "def": 120, "spa": 120, "spd": 100, "spe": 90}, "stats": {"hp": 259, "atk": 254, "def": 212, "spa": 212, "spd": 183, "spe": 169}, "types": ["Dragon", "Electric"]}}]}