{"id": "gen9randombattle-2641198795", "format": "[Gen 9] Random Battle", "players": ["randbatsluvr", "lokhand"], "log": "|j|\u2606randbatsluvr\n|j|\u2606lokhand\n|t:|1782752620\n|gametype|singles\n|player|p1|randbatsluvr|169|1178\n|player|p2|lokhand|hilbert|1149\n|gen|9\n|tier|[Gen 9] Random Battle\n|rated|\n|rule|Species Clause: Limit one of each Pok\u00e9mon\n|rule|HP Percentage Mod: HP is shown in percentages\n|rule|Sleep Clause Mod: Limit one foe put to sleep\n|rule|Illusion Level Mod: Illusion disguises the Pok\u00e9mon's true level\n|\n|t:|1782752620\n|teamsize|p1|6\n|teamsize|p2|6\n|start\n|switch|p1a: Enamorus|Enamorus, L79, F|247/247\n|switch|p2a: Rhydon|Rhydon, L85, M|317/317\n|turn|1\n|inactive|Battle timer is ON: inactive players will automatically lose when time's up. (requested by randbatsluvr)\n|\n|t:|1782752643\n|switch|p1a: Keldeo|Keldeo-Resolute, L79|273/273\n|move|p2a: Rhydon|Stealth Rock|p1a: Keldeo\n|-sidestart|p1: randbatsluvr|move: Stealth Rock\n|\n|upkeep\n|turn|2\n|\n|t:|1782752665\n|switch|p2a: Flapple|Flapple, L88, M|266/266\n|move|p1a: Keldeo|Hydro Pump|p2a: Flapple\n|-resisted|p2a: Flapple\n|-damage|p2a: Flapple|211/266\n|-damage|p1a: Keldeo|246/273|[from] item: Life Orb\n|\n|upkeep\n|turn|3\n|\n|t:|1782752675\n|switch|p1a: Enamorus|Enamorus, L79, F|247/247\n|-damage|p1a: Enamorus|186/247|[from] Stealth Rock\n|move|p2a: Flapple|Dragon Dance|p2a: Flapple\n|-boost|p2a: Flapple|atk|1\n|-boost|p2a: Flapple|spe|1\n|\n|-heal|p1a: Enamorus|201/247|[from] item: Leftovers\n|upkeep\n|turn|4\n|\n|t:|1782752696\n|-terastallize|p2a: Flapple|Fire\n|move|p2a: Flapple|Tera Blast|p1a: Enamorus|[anim] Tera Blast Fire\n|-damage|p1a: Enamorus|0 fnt\n|faint|p1a: Enamorus\n|\n|upkeep\n|\n|t:|1782752696\n|switch|p1a: Keldeo|Keldeo-Resolute, L79|246/273\n|-damage|p1a: Keldeo|229/273|[from] Stealth Rock\n|turn|5\n|\n|t:|1782752708\n|move|p2a: Flapple|Grav Apple|p1a: Keldeo\n|-supereffective|p1a: Keldeo\n|-damage|p1a: Keldeo|0 fnt\n|faint|p1a: Keldeo\n|\n|upkeep\n|\n|t:|1782752709\n|switch|p1a: Quagsire|Quagsire, L84, M|297/297\n|-damage|p1a: Quagsire|279/297|[from] Stealth Rock\n|turn|6\n|\n|t:|1782752717\n|-terastallize|p1a: Quagsire|Steel\n|move|p2a: Flapple|Grav Apple|p1a: Quagsire\n|-resisted|p1a: Quagsire\n|-damage|p1a: Quagsire|198/297\n|-unboost|p1a: Quagsire|def|1\n|move|p1a: Quagsire|Earthquake|p2a: Flapple\n|-supereffective|p2a: Flapple\n|-damage|p2a: Flapple|23/266\n|\n|-heal|p1a: Quagsire|216/297|[from] item: Leftovers\n|upkeep\n|turn|7\n|\n|t:|1782752735\n|move|p2a: Flapple|Tera Blast|p1a: Quagsire|[anim] Tera Blast Fire\n|-supereffective|p1a: Quagsire\n|-damage|p1a: Quagsire|0 fnt\n|faint|p1a: Quagsire\n|\n|upkeep\n|\n|t:|1782752736\n|switch|p1a: Dipplin|Dipplin, L88, M|284/284\n|-damage|p1a: Dipplin|249/284|[from] Stealth Rock\n|turn|8\n|\n|t:|1782752746\n|move|p1a: Dipplin|Sucker Punch|p2a: Flapple\n|-damage|p2a: Flapple|0 fnt\n|faint|p2a: Flapple\n|\n|upkeep\n|\n|t:|1782752763\n|switch|p2a: Lokix|Lokix, L82, F|251/251\n|turn|9\n|\n|t:|1782752773\n|move|p2a: Lokix|First Impression|p1a: Dipplin\n|-supereffective|p1a: Dipplin\n|-damage|p1a: Dipplin|129/284\n|-damage|p2a: Lokix|226/251|[from] item: Life Orb\n|move|p1a: Dipplin|Dragon Pulse|p2a: Lokix\n|-damage|p2a: Lokix|81/251\n|\n|upkeep\n|turn|10\n|\n|t:|1782752782\n|move|p2a: Lokix|Leech Life|p1a: Dipplin\n|-supereffective|p1a: Dipplin\n|-damage|p1a: Dipplin|4/284\n|-heal|p2a: Lokix|144/251|[from] drain|[of] p1a: Dipplin\n|-damage|p2a: Lokix|119/251|[from] item: Life Orb\n|move|p1a: Dipplin|Dragon Pulse|p2a: Lokix\n|-damage|p2a: Lokix|0 fnt\n|faint|p2a: Lokix\n|\n|upkeep\n|\n|t:|1782752793\n|switch|p2a: Clefable|Clefable, L83, F|293/293\n|turn|11\n|\n|t:|1782752800\n|switch|p1a: Emboar|Emboar, L84, M|322/322\n|-damage|p1a: Emboar|282/322|[from] Stealth Rock\n|move|p2a: Clefable|Knock Off|p1a: Emboar\n|-resisted|p1a: Emboar\n|-damage|p1a: Emboar|252/322\n|-enditem|p1a: Emboar|Leftovers|[from] move: Knock Off|[of] p2a: Clefable\n|\n|upkeep\n|turn|12\n|\n|t:|1782752823\n|switch|p2a: Mudsdale|Mudsdale, L83, F|302/302\n|move|p1a: Emboar|Flare Blitz|p2a: Mudsdale\n|-damage|p2a: Mudsdale|119/302\n|-ability|p2a: Mudsdale|Stamina|boost\n|-boost|p2a: Mudsdale|def|1\n|-damage|p1a: Emboar|192/322|[from] Recoil\n|\n|-heal|p2a: Mudsdale|137/302|[from] item: Leftovers\n|upkeep\n|turn|13\n|\n|t:|1782752838\n|move|p1a: Emboar|Flare Blitz|p2a: Mudsdale\n|-damage|p2a: Mudsdale|16/302\n|-ability|p2a: Mudsdale|Stamina|boost\n|-boost|p2a: Mudsdale|def|1\n|-damage|p1a: Emboar|152/322|[from] Recoil\n|move|p2a: Mudsdale|Earthquake|p1a: Emboar\n|-supereffective|p1a: Emboar\n|-damage|p1a: Emboar|0 fnt\n|faint|p1a: Emboar\n|\n|-heal|p2a: Mudsdale|34/302|[from] item: Leftovers\n|upkeep\n|\n|t:|1782752840\n|switch|p1a: Sableye|Sableye, L88, F|231/231\n|-damage|p1a: Sableye|203/231|[from] Stealth Rock\n|turn|14\n|\n|t:|1782752858\n|move|p1a: Sableye|Knock Off|p2a: Mudsdale\n|-damage|p2a: Mudsdale|0 fnt\n|-enditem|p2a: Mudsdale|Leftovers|[from] move: Knock Off|[of] p1a: Sableye\n|faint|p2a: Mudsdale\n|\n|-heal|p1a: Sableye|217/231|[from] item: Leftovers\n|upkeep\n|inactive|lokhand has 120 seconds left.\n|\n|t:|1782752884\n|switch|p2a: Rhydon|Rhydon, L85, M|317/317\n|turn|15\n|\n|t:|1782752895\n|move|p1a: Sableye|Will-O-Wisp|p2a: Rhydon\n|-status|p2a: Rhydon|brn\n|move|p2a: Rhydon|Stone Edge|p1a: Sableye\n|-damage|p1a: Sableye|145/231\n|\n|-heal|p1a: Sableye|159/231|[from] item: Leftovers\n|-damage|p2a: Rhydon|298/317 brn|[from] brn\n|upkeep\n|turn|16\n|\n|t:|1782752910\n|move|p1a: Sableye|Knock Off|p2a: Rhydon\n|-damage|p2a: Rhydon|250/317 brn\n|-enditem|p2a: Rhydon|Eviolite|[from] move: Knock Off|[of] p1a: Sableye\n|move|p2a: Rhydon|Megahorn|p1a: Sableye\n|-damage|p1a: Sableye|94/231\n|\n|-heal|p1a: Sableye|108/231|[from] item: Leftovers\n|-damage|p2a: Rhydon|231/317 brn|[from] brn\n|upkeep\n|turn|17\n|\n|t:|1782752925\n|move|p1a: Sableye|Knock Off|p2a: Rhydon\n|-damage|p2a: Rhydon|182/317 brn\n|move|p2a: Rhydon|Stone Edge|p1a: Sableye\n|-damage|p1a: Sableye|34/231\n|\n|-heal|p1a: Sableye|48/231|[from] item: Leftovers\n|-damage|p2a: Rhydon|163/317 brn|[from] brn\n|upkeep\n|turn|18\n|\n|t:|1782752935\n|move|p1a: Sableye|Encore|p2a: Rhydon\n|-start|p2a: Rhydon|Encore\n|move|p2a: Rhydon|Stone Edge|p1a: Sableye\n|-crit|p1a: Sableye\n|-damage|p1a: Sableye|0 fnt\n|faint|p1a: Sableye\n|\n|-damage|p2a: Rhydon|144/317 brn|[from] brn\n|upkeep\n|\n|t:|1782752935\n|switch|p1a: Dipplin|Dipplin, L88, M|4/284\n|-damage|p1a: Dipplin|0 fnt|[from] Stealth Rock\n|faint|p1a: Dipplin\n|\n|win|lokhand\n|raw|randbatsluvr's rating: 1201 &rarr; <strong>1172</strong><br />(-29 for losing)\n|raw|lokhand's rating: 1149 &rarr; <strong>1178</strong><br />(+29 for winning)\n|l|\u2606randbatsluvr\n|player|p1|\n|l|\u2606lokhand\n|player|p2|\n|j|\u2606lokhand\n|player|p2|lokhand|hilbert|\n|l|\u2606lokhand\n|player|p2|\n|j|\u2606lokhand\n|player|p2|lokhand|hilbert|\n", "inputlog": ">version f8ac14003a5f27e1bdc8d8c59608a773c1cb96e5\n>start {\"formatid\":\"gen9randombattle\",\"seed\":\"sodium,f6ced0dda8d8df88f8e83a143fb93593\",\"rated\":\"Rated battle\"}\n>player p1 {\"name\":\"randbatsluvr\",\"avatar\":\"169\",\"rating\":1178,\"seed\":\"sodium,7c6cb45aad85fd288195cfa8a1ac2bab\"}\n>player p2 {\"name\":\"lokhand\",\"avatar\":\"hilbert\",\"rating\":1149,\"seed\":\"sodium,c4e9ece529c3dc4a07d600c423531aed\"}\n>p1 switch 4\n>p2 move stealthrock\n>p1 move hydropump\n>p2 switch 4\n>p1 switch 4\n>p2 move dragondance\n>p1 move moonblast\n>p2 move terablast terastallize\n>p1 switch 4\n>p1 move hydropump\n>p2 move gravapple\n>p1 switch 6\n>p1 move earthquake terastallize\n>p2 move gravapple\n>p1 move icebeam\n>p2 move terablast\n>p1 switch 5\n>p1 move suckerpunch\n>p2 move outrage\n>p2 switch 5\n>p1 move dragonpulse\n>p2 move firstimpression\n>p1 move dragonpulse\n>p2 move leechlife\n>p2 switch 3\n>p1 switch 3\n>p2 move knockoff\n>p1 move flareblitz\n>p2 switch 2\n>p1 move flareblitz\n>p2 move earthquake\n>p1 switch 2\n>p1 move knockoff\n>p2 move earthquake\n>p2 switch 4\n>p1 move willowisp\n>p2 move stoneedge\n>p1 move knockoff\n>p2 move megahorn\n>p1 move knockoff\n>p2 move stoneedge\n>p1 move encore\n>p2 move stoneedge\n>p1 switch 3", "uploadtime": 1782753290, "views": 4, "formatid": "gen9randombattle", "rating": 1172, "private": 0, "password": null, "player_dets": [{"name": "randbatsluvr", "avatar": "169", "rating": 1178, "seed": "sodium,7c6cb45aad85fd288195cfa8a1ac2bab"}, {"name": "lokhand", "avatar": "hilbert", "rating": 1149, "seed": "sodium,c4e9ece529c3dc4a07d600c423531aed"}], "teams_full": [{"Enamorus": {"name": "Enamorus", "species": "Enamorus", "speciesId": "enamorus", "gender": "F", "shiny": false, "level": 79, "moves": ["substitute", "calmmind", "earthpower", "moonblast"], "ability": "Cute Charm", "evs": {"hp": 85, "atk": 0, "def": 85, "spa": 85, "spd": 85, "spe": 85}, "ivs": {"hp": 31, "atk": 0, "def": 31, "spa": 31, "spd": 31, "spe": 31}, "item": "Leftovers", "teraType": "Ground", "role": "Fast Bulky Setup", "bvs": {"hp": 74, "atk": 115, "def": 70, "spa": 135, "spd": 80, "spe": 106}, "stats": {"hp": 247, "atk": 186, "def": 156, "spa": 259, "spd": 172, "spe": 213}, "types": ["Fairy", "Flying"]}, "Sableye": {"name": "Sableye", "species": "Sableye", "speciesId": "sableye", "gender": "F", "shiny": false, "level": 88, "moves": ["knockoff", "willowisp", "recover", "encore"], "ability": "Prankster", "evs": {"hp": 85, "atk": 85, "def": 85, "spa": 85, "spd": 85, "spe": 85}, "ivs": {"hp": 31, "atk": 31, "def": 31, "spa": 31, "spd": 31, "spe": 31}, "item": "Leftovers", "teraType": "Steel", "role": "Bulky Support", "bvs": {"hp": 50, "atk": 75, "def": 75, "spa": 65, "spd": 65, "spe": 50}, "stats": {"hp": 231, "atk": 182, "def": 182, "spa": 165, "spd": 165, "spe": 138}, "types": ["Dark", "Ghost"]}, "Emboar": {"name": "Emboar", "species": "Emboar", "speciesId": "emboar", "gender": "M", "shiny": false, "level": 84, "moves": ["drainpunch", "flareblitz", "bulkup", "trailblaze"], "ability": "Reckless", "evs": {"hp": 85, "atk": 85, "def": 85, "spa": 85, "spd": 85, "spe": 85}, "ivs": {"hp": 31, "atk": 31, "def": 31, "spa": 31, "spd": 31, "spe": 31}, "item": "Leftovers", "teraType": "Fighting", "role": "Bulky Setup", "bvs": {"hp": 110, "atk": 123, "def": 65, "spa": 100, "spd": 65, "spe": 65}, "stats": {"hp": 322, "atk": 255, "def": 157, "spa": 216, "spd": 157, "spe": 157}, "types": ["Fire", "Fighting"]}, "Keldeo": {"name": "Keldeo", "species": "Keldeo-Resolute", "speciesId": "keldeoresolute", "gender": "N", "shiny": false, "level": 79, "moves": ["secretsword", "vacuumwave", "hydropump", "calmmind"], "ability": "Justified", "evs": {"hp": 85, "atk": 0, "def": 85, "spa": 85, "spd": 85, "spe": 85}, "ivs": {"hp": 31, "atk": 0, "def": 31, "spa": 31, "spd": 31, "spe": 31}, "item": "Life Orb", "teraType": "Water", "role": "Fast Attacker", "bvs": {"hp": 91, "atk": 72, "def": 90, "spa": 129, "spd": 90, "spe": 108}, "stats": {"hp": 273, "atk": 118, "def": 188, "spa": 249, "spd": 188, "spe": 216}, "types": ["Water", "Fighting"]}, "Dipplin": {"name": "Dipplin", "species": "Dipplin", "speciesId": "dipplin", "gender": "M", "shiny": false, "level": 88, "moves": ["suckerpunch", "recover", "gigadrain", "dragonpulse"], "ability": "Sticky Hold", "evs": {"hp": 85, "atk": 85, "def": 85, "spa": 85, "spd": 85, "spe": 85}, "ivs": {"hp": 31, "atk": 31, "def": 31, "spa": 31, "spd": 31, "spe": 31}, "item": "Eviolite", "teraType": "Steel", "role": "Bulky Attacker", "bvs": {"hp": 80, "atk": 80, "def": 110, "spa": 95, "spd": 80, "spe": 40}, "stats": {"hp": 284, "atk": 191, "def": 244, "spa": 217, "spd": 191, "spe": 121}, "types": ["Grass", "Dragon"]}, "Quagsire": {"name": "Quagsire", "species": "Quagsire", "speciesId": "quagsire", "gender": "M", "shiny": false, "level": 84, "moves": ["earthquake", "toxic", "recover", "icebeam"], "ability": "Unaware", "evs": {"hp": 85, "atk": 85, "def": 85, "spa": 85, "spd": 85, "spe": 85}, "ivs": {"hp": 31, "atk": 31, "def": 31, "spa": 31, "spd": 31, "spe": 31}, "item": "Leftovers", "teraType": "Steel", "role": "Bulky Support", "bvs": {"hp": 95, "atk": 85, "def": 85, "spa": 65, "spd": 65, "spe": 35}, "stats": {"hp": 297, "atk": 191, "def": 191, "spa": 157, "spd": 157, "spe": 107}, "types": ["Water", "Ground"]}}, {"Rhydon": {"name": "Rhydon", "species": "Rhydon", "speciesId": "rhydon", "gender": "M", "shiny": false, "level": 85, "moves": ["stealthrock", "earthquake", "megahorn", "stoneedge"], "ability": "Lightning Rod", "evs": {"hp": 85, "atk": 85, "def": 85, "spa": 85, "spd": 85, "spe": 85}, "ivs": {"hp": 31, "atk": 31, "def": 31, "spa": 31, "spd": 31, "spe": 31}, "item": "Eviolite", "teraType": "Dragon", "role": "Bulky Attacker", "bvs": {"hp": 105, "atk": 130, "def": 120, "spa": 45, "spd": 45, "spe": 40}, "stats": {"hp": 317, "atk": 270, "def": 253, "spa": 125, "spd": 125, "spe": 117}, "types": ["Ground", "Rock"]}, "Mudsdale": {"name": "Mudsdale", "species": "Mudsdale", "speciesId": "mudsdale", "gender": "F", "shiny": false, "level": 83, "moves": ["roar", "earthquake", "heavyslam", "stoneedge"], "ability": "Stamina", "evs": {"hp": 85, "atk": 85, "def": 85, "spa": 85, "spd": 85, "spe": 85}, "ivs": {"hp": 31, "atk": 31, "def": 31, "spa": 31, "spd": 31, "spe": 31}, "item": "Leftovers", "teraType": "Steel", "role": "Bulky Attacker", "bvs": {"hp": 100, "atk": 125, "def": 100, "spa": 55, "spd": 85, "spe": 35}, "stats": {"hp": 302, "atk": 255, "def": 214, "spa": 139, "spd": 189, "spe": 106}, "types": ["Ground"]}, "Clefable": {"name": "Clefable", "species": "Clefable", "speciesId": "clefable", "gender": "F", "shiny": false, "level": 83, "moves": ["moonblast", "moonlight", "knockoff", "fireblast"], "ability": "Unaware", "evs": {"hp": 85, "atk": 85, "def": 85, "spa": 85, "spd": 85, "spe": 85}, "ivs": {"hp": 31, "atk": 31, "def": 31, "spa": 31, "spd": 31, "spe": 31}, "item": "Leftovers", "teraType": "Steel", "role": "Bulky Support", "bvs": {"hp": 95, "atk": 70, "def": 73, "spa": 95, "spd": 90, "spe": 60}, "stats": {"hp": 293, "atk": 164, "def": 169, "spa": 205, "spd": 197, "spe": 147}, "types": ["Fairy"]}, "Flapple": {"name": "Flapple", "species": "Flapple", "speciesId": "flapple", "gender": "M", "shiny": false, "level": 88, "moves": ["terablast", "dragondance", "outrage", "gravapple"], "ability": "Hustle", "evs": {"hp": 85, "atk": 85, "def": 85, "spa": 85, "spd": 85, "spe": 85}, "ivs": {"hp": 31, "atk": 31, "def": 31, "spa": 31, "spd": 31, "spe": 31}, "item": "Lum Berry", "teraType": "Fire", "role": "Tera Blast user", "bvs": {"hp": 70, "atk": 110, "def": 80, "spa": 95, "spd": 60, "spe": 70}, "stats": {"hp": 266, "atk": 244, "def": 191, "spa": 217, "spd": 156, "spe": 173}, "types": ["Grass", "Dragon"]}, "Lokix": {"name": "Lokix", "species": "Lokix", "speciesId": "lokix", "gender": "F", "shiny": false, "level": 82, "moves": ["firstimpression", "suckerpunch", "leechlife", "knockoff"], "ability": "Tinted Lens", "evs": {"hp": 85, "atk": 85, "def": 85, "spa": 85, "spd": 85, "spe": 85}, "ivs": {"hp": 31, "atk": 31, "def": 31, "spa": 31, "spd": 31, "spe": 31}, "item": "Life Orb", "teraType": "Bug", "role": "Wallbreaker", "bvs": {"hp": 71, "atk": 102, "def": 78, "spa": 52, "spd": 55, "spe": 92}, "stats": {"hp": 251, "atk": 214, "def": 175, "spa": 132, "spd": 137, "spe": 198}, "types": ["Bug", "Dark"]}, "Vaporeon": {"name": "Vaporeon", "species": "Vaporeon", "speciesId": "vaporeon", "gender": "F", "shiny": false, "level": 86, "moves": ["scald", "wish", "protect", "calmmind"], "ability": "Water Absorb", "evs": {"hp": 85, "atk": 0, "def": 85, "spa": 85, "spd": 85, "spe": 85}, "ivs": {"hp": 31, "atk": 0, "def": 31, "spa": 31, "spd": 31, "spe": 31}, "item": "Leftovers", "teraType": "Ghost", "role": "Bulky Setup", "bvs": {"hp": 130, "atk": 65, "def": 60, "spa": 110, "spd": 95, "spe": 65}, "stats": {"hp": 364, "atk": 116, "def": 152, "spa": 238, "spd": 213, "spe": 161}, "types": ["Water"]}}]}