{"id": "gen9randombattle-2641517759", "format": "[Gen 9] Random Battle", "players": ["Astinov", "sarodiya"], "log": "|badge|p1|bronze|gen9randombattle|100-9\n|html|<div class=\"broadcast-red\"><strong>This battle is required to be public due to one or more player having a season medal.</strong><br />During the public phase, you can discuss the state of the ladder <a href=\"/seasondiscussion\">in a special chatroom.</a></div>\n|uhtml|medal-msg|<div class=\"broadcast-blue\">Curious what those medals under the avatar are? PS now has Ladder Seasons! For more information, check out the <a href=\"https://www.smogon.com/forums/threads/3740067/\">thread on Smogon.</a></div>\n|j|\u2606Astinov\n|j|\u2606sarodiya\n|t:|1782799025\n|gametype|singles\n|player|p1|Astinov|102|2281\n|player|p2|sarodiya|265|2211\n|gen|9\n|tier|[Gen 9] Random Battle\n|rated|\n|rule|Species Clause: Limit one of each Pok\u00e9mon\n|rule|HP Percentage Mod: HP is shown in percentages\n|rule|Sleep Clause Mod: Limit one foe put to sleep\n|rule|Illusion Level Mod: Illusion disguises the Pok\u00e9mon's true level\n|\n|t:|1782799025\n|teamsize|p1|6\n|teamsize|p2|6\n|start\n|switch|p1a: Sceptile|Sceptile, L87, M|264/264\n|switch|p2a: Chimecho|Chimecho, L93, M|290/290\n|turn|1\n|inactive|Battle timer is ON: inactive players will automatically lose when time's up. (requested by sarodiya)\n|\n|t:|1782799044\n|move|p1a: Sceptile|Leaf Storm|p2a: Chimecho\n|-damage|p2a: Chimecho|99/290\n|-unboost|p1a: Sceptile|spa|2\n|-damage|p1a: Sceptile|238/264|[from] item: Life Orb\n|move|p2a: Chimecho|Cosmic Power|p2a: Chimecho\n|-boost|p2a: Chimecho|def|1\n|-boost|p2a: Chimecho|spd|1\n|\n|-heal|p2a: Chimecho|117/290|[from] item: Leftovers\n|upkeep\n|turn|2\n|\n|t:|1782799056\n|switch|p1a: Mimikyu|Mimikyu, L79, F|216/216\n|move|p2a: Chimecho|Recover|p2a: Chimecho\n|-heal|p2a: Chimecho|262/290\n|\n|-heal|p2a: Chimecho|280/290|[from] item: Leftovers\n|upkeep\n|turn|3\n|\n|t:|1782799062\n|move|p1a: Mimikyu|Swords Dance|p1a: Mimikyu\n|-boost|p1a: Mimikyu|atk|2\n|move|p2a: Chimecho|Dazzling Gleam|p1a: Mimikyu\n|-activate|p1a: Mimikyu|ability: Disguise\n|-damage|p1a: Mimikyu|216/216\n|detailschange|p1a: Mimikyu|Mimikyu-Busted, L79, F\n|-damage|p1a: Mimikyu|189/216|[from] pokemon: Mimikyu-Busted\n|\n|-heal|p2a: Chimecho|290/290|[from] item: Leftovers\n|upkeep\n|turn|4\n|\n|t:|1782799082\n|switch|p2a: Hippowdon|Hippowdon, L82, F|311/311\n|-weather|Sandstorm|[from] ability: Sand Stream|[of] p2a: Hippowdon\n|move|p1a: Mimikyu|Shadow Claw|p2a: Hippowdon\n|-damage|p2a: Hippowdon|173/311\n|-damage|p1a: Mimikyu|153/216|[from] item: Rocky Helmet|[of] p2a: Hippowdon\n|-damage|p1a: Mimikyu|132/216|[from] item: Life Orb\n|\n|-weather|Sandstorm|[upkeep]\n|-damage|p1a: Mimikyu|119/216|[from] Sandstorm\n|upkeep\n|turn|5\n|\n|t:|1782799091\n|switch|p1a: Heatran|Heatran, L79, F|273/273\n|-item|p1a: Heatran|Air Balloon\n|move|p2a: Hippowdon|Slack Off|p2a: Hippowdon\n|-heal|p2a: Hippowdon|311/311\n|\n|-weather|Sandstorm|[upkeep]\n|upkeep\n|turn|6\n|\n|t:|1782799098\n|move|p1a: Heatran|Magma Storm|p2a: Hippowdon\n|-damage|p2a: Hippowdon|169/311\n|-activate|p2a: Hippowdon|move: Magma Storm|[of] p1a: Heatran\n|move|p2a: Hippowdon|Stone Edge|p1a: Heatran\n|-damage|p1a: Heatran|206/273\n|-enditem|p1a: Heatran|Air Balloon\n|\n|-weather|Sandstorm|[upkeep]\n|-damage|p2a: Hippowdon|131/311|[from] move: Magma Storm|[partiallytrapped]\n|upkeep\n|turn|7\n|inactive|Astinov has 120 seconds left.\n|\n|t:|1782799138\n|move|p1a: Heatran|Magma Storm|p2a: Hippowdon\n|-damage|p2a: Hippowdon|0 fnt\n|faint|p2a: Hippowdon\n|\n|-weather|Sandstorm|[upkeep]\n|upkeep\n|\n|t:|1782799155\n|switch|p2a: Ludicolo|Ludicolo, L90, M|290/290\n|turn|8\n|inactive|Astinov has 120 seconds left.\n|\n|t:|1782799179\n|switch|p1a: Sceptile|Sceptile, L87, M|238/264\n|move|p2a: Ludicolo|Hydro Pump|p1a: Sceptile\n|-resisted|p1a: Sceptile\n|-damage|p1a: Sceptile|148/264\n|\n|-weather|none\n|upkeep\n|turn|9\n|\n|t:|1782799207\n|switch|p2a: Bellossom|Bellossom, L84, F|263/263\n|move|p1a: Sceptile|Leaf Storm|p2a: Bellossom\n|-resisted|p2a: Bellossom\n|-damage|p2a: Bellossom|167/263\n|-unboost|p1a: Sceptile|spa|2\n|-damage|p1a: Sceptile|122/264|[from] item: Life Orb\n|\n|-heal|p2a: Bellossom|183/263|[from] item: Leftovers\n|upkeep\n|turn|10\n|\n|t:|1782799215\n|switch|p1a: Heatran|Heatran, L79, F|206/273\n|move|p2a: Bellossom|Quiver Dance|p2a: Bellossom\n|-boost|p2a: Bellossom|spa|1\n|-boost|p2a: Bellossom|spd|1\n|-boost|p2a: Bellossom|spe|1\n|\n|-heal|p2a: Bellossom|199/263|[from] item: Leftovers\n|upkeep\n|turn|11\n|inactive|Astinov has 90 seconds left.\n|\n|t:|1782799248\n|-terastallize|p2a: Bellossom|Fire\n|move|p2a: Bellossom|Quiver Dance|p2a: Bellossom\n|-boost|p2a: Bellossom|spa|1\n|-boost|p2a: Bellossom|spd|1\n|-boost|p2a: Bellossom|spe|1\n|move|p1a: Heatran|Magma Storm|p2a: Bellossom\n|-resisted|p2a: Bellossom\n|-damage|p2a: Bellossom|170/263\n|-activate|p2a: Bellossom|move: Magma Storm|[of] p1a: Heatran\n|\n|-heal|p2a: Bellossom|186/263|[from] item: Leftovers\n|-damage|p2a: Bellossom|154/263|[from] move: Magma Storm|[partiallytrapped]\n|upkeep\n|turn|12\n|\n|t:|1782799251\n|move|p2a: Bellossom|Quiver Dance|p2a: Bellossom\n|-boost|p2a: Bellossom|spa|1\n|-boost|p2a: Bellossom|spd|1\n|-boost|p2a: Bellossom|spe|1\n|move|p1a: Heatran|Earth Power|p2a: Bellossom\n|-supereffective|p2a: Bellossom\n|-damage|p2a: Bellossom|98/263\n|\n|-heal|p2a: Bellossom|114/263|[from] item: Leftovers\n|-damage|p2a: Bellossom|82/263|[from] move: Magma Storm|[partiallytrapped]\n|upkeep\n|turn|13\n|inactive|Astinov has 90 seconds left.\n|\n|t:|1782799261\n|move|p2a: Bellossom|Strength Sap|p1a: Heatran\n|-unboost|p1a: Heatran|atk|1\n|-heal|p2a: Bellossom|263/263\n|move|p1a: Heatran|Earth Power|p2a: Bellossom\n|-supereffective|p2a: Bellossom\n|-damage|p2a: Bellossom|209/263\n|\n|-heal|p2a: Bellossom|225/263|[from] item: Leftovers\n|-damage|p2a: Bellossom|193/263|[from] move: Magma Storm|[partiallytrapped]\n|upkeep\n|turn|14\n|\n|t:|1782799264\n|move|p2a: Bellossom|Quiver Dance|p2a: Bellossom\n|-boost|p2a: Bellossom|spa|1\n|-boost|p2a: Bellossom|spd|1\n|-boost|p2a: Bellossom|spe|1\n|move|p1a: Heatran|Earth Power|p2a: Bellossom\n|-supereffective|p2a: Bellossom\n|-damage|p2a: Bellossom|145/263\n|\n|-heal|p2a: Bellossom|161/263|[from] item: Leftovers\n|-damage|p2a: Bellossom|129/263|[from] move: Magma Storm|[partiallytrapped]\n|upkeep\n|turn|15\n|\n|t:|1782799268\n|move|p2a: Bellossom|Quiver Dance|p2a: Bellossom\n|-boost|p2a: Bellossom|spa|1\n|-boost|p2a: Bellossom|spd|1\n|-boost|p2a: Bellossom|spe|1\n|move|p1a: Heatran|Earth Power|p2a: Bellossom\n|-supereffective|p2a: Bellossom\n|-damage|p2a: Bellossom|89/263\n|\n|-heal|p2a: Bellossom|105/263|[from] item: Leftovers\n|-end|p2a: Bellossom|Magma Storm|[partiallytrapped]\n|upkeep\n|turn|16\n|\n|t:|1782799273\n|move|p2a: Bellossom|Strength Sap|p1a: Heatran\n|-unboost|p1a: Heatran|atk|1\n|-heal|p2a: Bellossom|230/263\n|move|p1a: Heatran|Magma Storm|p2a: Bellossom\n|-resisted|p2a: Bellossom\n|-damage|p2a: Bellossom|214/263\n|-activate|p2a: Bellossom|move: Magma Storm|[of] p1a: Heatran\n|\n|-heal|p2a: Bellossom|230/263|[from] item: Leftovers\n|-damage|p2a: Bellossom|198/263|[from] move: Magma Storm|[partiallytrapped]\n|upkeep\n|turn|17\n|\n|t:|1782799275\n|move|p2a: Bellossom|Quiver Dance|p2a: Bellossom\n|-boost|p2a: Bellossom|spa|1\n|-boost|p2a: Bellossom|spd|1\n|-boost|p2a: Bellossom|spe|1\n|move|p1a: Heatran|Earth Power|p2a: Bellossom\n|-supereffective|p2a: Bellossom\n|-damage|p2a: Bellossom|162/263\n|\n|-heal|p2a: Bellossom|178/263|[from] item: Leftovers\n|-damage|p2a: Bellossom|146/263|[from] move: Magma Storm|[partiallytrapped]\n|upkeep\n|turn|18\n|\n|t:|1782799279\n|move|p2a: Bellossom|Giga Drain|p1a: Heatran\n|-resisted|p1a: Heatran\n|-damage|p1a: Heatran|143/273\n|-heal|p2a: Bellossom|178/263|[from] drain|[of] p1a: Heatran\n|move|p1a: Heatran|Earth Power|p2a: Bellossom\n|-supereffective|p2a: Bellossom\n|-damage|p2a: Bellossom|146/263\n|\n|-heal|p2a: Bellossom|162/263|[from] item: Leftovers\n|-damage|p2a: Bellossom|130/263|[from] move: Magma Storm|[partiallytrapped]\n|upkeep\n|turn|19\n|\n|t:|1782799281\n|move|p2a: Bellossom|Giga Drain|p1a: Heatran\n|-resisted|p1a: Heatran\n|-damage|p1a: Heatran|78/273\n|-heal|p2a: Bellossom|163/263|[from] drain|[of] p1a: Heatran\n|move|p1a: Heatran|Earth Power|p2a: Bellossom\n|-supereffective|p2a: Bellossom\n|-damage|p2a: Bellossom|129/263\n|-unboost|p2a: Bellossom|spd|1\n|\n|-heal|p2a: Bellossom|145/263|[from] item: Leftovers\n|-damage|p2a: Bellossom|113/263|[from] move: Magma Storm|[partiallytrapped]\n|upkeep\n|turn|20\n|\n|t:|1782799292\n|move|p2a: Bellossom|Giga Drain|p1a: Heatran\n|-resisted|p1a: Heatran\n|-damage|p1a: Heatran|12/273\n|-heal|p2a: Bellossom|146/263|[from] drain|[of] p1a: Heatran\n|move|p1a: Heatran|Earth Power|p2a: Bellossom\n|-supereffective|p2a: Bellossom\n|-damage|p2a: Bellossom|106/263\n|\n|-heal|p2a: Bellossom|122/263|[from] item: Leftovers\n|-end|p2a: Bellossom|Magma Storm|[partiallytrapped]\n|upkeep\n|turn|21\n|\n|t:|1782799302\n|move|p2a: Bellossom|Strength Sap|p1a: Heatran\n|-unboost|p1a: Heatran|atk|1\n|-heal|p2a: Bellossom|216/263\n|move|p1a: Heatran|Magma Storm|p2a: Bellossom|[miss]\n|-miss|p1a: Heatran|p2a: Bellossom\n|\n|-heal|p2a: Bellossom|232/263|[from] item: Leftovers\n|upkeep\n|turn|22\n|\n|t:|1782799311\n|move|p2a: Bellossom|Quiver Dance|p2a: Bellossom\n|-boost|p2a: Bellossom|spa|0\n|-boost|p2a: Bellossom|spd|1\n|-boost|p2a: Bellossom|spe|0\n|move|p1a: Heatran|Magma Storm|p2a: Bellossom\n|-resisted|p2a: Bellossom\n|-crit|p2a: Bellossom\n|-damage|p2a: Bellossom|153/263\n|-activate|p2a: Bellossom|move: Magma Storm|[of] p1a: Heatran\n|\n|-heal|p2a: Bellossom|169/263|[from] item: Leftovers\n|-damage|p2a: Bellossom|137/263|[from] move: Magma Storm|[partiallytrapped]\n|upkeep\n|turn|23\n|\n|t:|1782799322\n|move|p2a: Bellossom|Giga Drain|p1a: Heatran\n|-resisted|p1a: Heatran\n|-damage|p1a: Heatran|0 fnt\n|-heal|p2a: Bellossom|143/263|[from] drain|[of] p1a: Heatran\n|faint|p1a: Heatran\n|\n|-heal|p2a: Bellossom|159/263|[from] item: Leftovers\n|-end|p2a: Bellossom|Magma Storm|[partiallytrapped]|[silent]\n|upkeep\n|\n|t:|1782799330\n|switch|p1a: Blaziken|Blaziken, L76, M|247/247\n|turn|24\n|\n|t:|1782799343\n|move|p2a: Bellossom|Strength Sap|p1a: Blaziken\n|-unboost|p1a: Blaziken|atk|1\n|-heal|p2a: Bellossom|263/263\n|move|p1a: Blaziken|Close Combat|p2a: Bellossom\n|-damage|p2a: Bellossom|169/263\n|-unboost|p1a: Blaziken|def|1\n|-unboost|p1a: Blaziken|spd|1\n|-damage|p1a: Blaziken|223/247|[from] item: Life Orb\n|\n|-heal|p2a: Bellossom|185/263|[from] item: Leftovers\n|-ability|p1a: Blaziken|Speed Boost|boost\n|-boost|p1a: Blaziken|spe|1\n|upkeep\n|turn|25\n|\n|t:|1782799360\n|move|p2a: Bellossom|Strength Sap|p1a: Blaziken\n|-unboost|p1a: Blaziken|atk|1\n|-heal|p2a: Bellossom|263/263\n|move|p1a: Blaziken|Close Combat|p2a: Bellossom\n|-damage|p2a: Bellossom|193/263\n|-unboost|p1a: Blaziken|def|1\n|-unboost|p1a: Blaziken|spd|1\n|-damage|p1a: Blaziken|199/247|[from] item: Life Orb\n|\n|-heal|p2a: Bellossom|209/263|[from] item: Leftovers\n|-ability|p1a: Blaziken|Speed Boost|boost\n|-boost|p1a: Blaziken|spe|1\n|upkeep\n|turn|26\n|\n|t:|1782799368\n|move|p2a: Bellossom|Tera Blast|p1a: Blaziken|[anim] Tera Blast Fire\n|-resisted|p1a: Blaziken\n|-damage|p1a: Blaziken|0 fnt\n|faint|p1a: Blaziken\n|\n|-heal|p2a: Bellossom|225/263|[from] item: Leftovers\n|upkeep\n|-message|Astinov forfeited.\n|\n|win|sarodiya\n", "inputlog": ">version f8ac14003a5f27e1bdc8d8c59608a773c1cb96e5\n>start {\"formatid\":\"gen9randombattle\",\"seed\":\"sodium,64c51b43acda0f3c642ecbaa7a556cd4\",\"rated\":\"Rated battle\"}\n>player p1 {\"name\":\"Astinov\",\"avatar\":\"102\",\"rating\":2281,\"seed\":\"sodium,eb285e8b7ae9c0a3f0f0b722f37a1bd4\"}\n>player p2 {\"name\":\"sarodiya\",\"avatar\":\"265\",\"rating\":2211,\"seed\":\"sodium,e0a6a11930845b0045fe216f37bbe605\"}\n>p1 move leafstorm\n>p2 move cosmicpower\n>p1 switch 3\n>p2 move recover\n>p1 move swordsdance\n>p2 move dazzlinggleam\n>p1 move shadowclaw\n>p2 switch 5\n>p1 switch 4\n>p2 move slackoff\n>p1 move magmastorm\n>p2 move stoneedge\n>p1 move magmastorm\n>p2 move earthquake\n>p2 switch 3\n>p1 switch 3\n>p2 move hydropump\n>p1 move leafstorm\n>p2 switch 2\n>p1 switch 3\n>p2 move quiverdance\n>p1 move magmastorm\n>p2 move quiverdance terastallize\n>p1 move earthpower\n>p2 move quiverdance\n>p1 move earthpower\n>p2 move strengthsap\n>p1 move earthpower\n>p2 move quiverdance\n>p1 move earthpower\n>p2 move quiverdance\n>p1 move magmastorm\n>p2 move strengthsap\n>p1 move earthpower\n>p2 move quiverdance\n>p1 move earthpower\n>p2 move gigadrain\n>p1 move earthpower\n>p2 move gigadrain\n>p1 move earthpower\n>p2 move gigadrain\n>p1 move magmastorm\n>p2 move strengthsap\n>p1 move magmastorm\n>p2 move quiverdance\n>p1 move stealthrock\n>p2 move gigadrain\n>p1 switch 5\n>p1 move closecombat\n>p2 move strengthsap\n>p1 move closecombat\n>p2 move strengthsap\n>p1 move swordsdance\n>p2 move terablast\n>forcelose p1", "uploadtime": 1782799027, "views": 3, "formatid": "gen9randombattle", "rating": null, "private": 0, "password": null, "player_dets": [{"name": "Astinov", "avatar": "102", "rating": 2281, "seed": "sodium,eb285e8b7ae9c0a3f0f0b722f37a1bd4"}, {"name": "sarodiya", "avatar": "265", "rating": 2211, "seed": "sodium,e0a6a11930845b0045fe216f37bbe605"}], "teams_full": [{"Sceptile": {"name": "Sceptile", "species": "Sceptile", "speciesId": "sceptile", "gender": "M", "shiny": false, "level": 87, "moves": ["focusblast", "rockslide", "earthquake", "leafstorm"], "ability": "Overgrow", "evs": {"hp": 85, "atk": 85, "def": 85, "spa": 85, "spd": 85, "spe": 85}, "ivs": {"hp": 31, "atk": 31, "def": 31, "spa": 31, "spd": 31, "spe": 31}, "item": "Life Orb", "teraType": "Grass", "role": "Fast Attacker", "bvs": {"hp": 70, "atk": 85, "def": 65, "spa": 105, "spd": 85, "spe": 120}, "stats": {"hp": 264, "atk": 198, "def": 163, "spa": 232, "spd": 198, "spe": 259}, "types": ["Grass"]}, "Zamazenta": {"name": "Zamazenta", "species": "Zamazenta", "speciesId": "zamazenta", "gender": "N", "shiny": false, "level": 71, "moves": ["bodypress", "irondefense", "ironhead", "substitute"], "ability": "Dauntless Shield", "evs": {"hp": 85, "atk": 85, "def": 85, "spa": 85, "spd": 85, "spe": 85}, "ivs": {"hp": 31, "atk": 31, "def": 31, "spa": 31, "spd": 31, "spe": 31}, "item": "Leftovers", "teraType": "Steel", "role": "Bulky Setup", "bvs": {"hp": 92, "atk": 120, "def": 115, "spa": 80, "spd": 115, "spe": 138}, "stats": {"hp": 248, "atk": 212, "def": 205, "spa": 155, "spd": 205, "spe": 237}, "types": ["Fighting"]}, "Mimikyu": {"name": "Mimikyu", "species": "Mimikyu", "speciesId": "mimikyu", "gender": "F", "shiny": false, "level": 79, "moves": ["swordsdance", "shadowclaw", "shadowsneak", "playrough"], "ability": "Disguise", "evs": {"hp": 85, "atk": 85, "def": 85, "spa": 85, "spd": 85, "spe": 85}, "ivs": {"hp": 31, "atk": 31, "def": 31, "spa": 31, "spd": 31, "spe": 31}, "item": "Life Orb", "teraType": "Fairy", "role": "Fast Bulky Setup", "bvs": {"hp": 55, "atk": 90, "def": 80, "spa": 50, "spd": 105, "spe": 96}, "stats": {"hp": 216, "atk": 188, "def": 172, "spa": 125, "spd": 211, "spe": 197}, "types": ["Ghost", "Fairy"]}, "Heatran": {"name": "Heatran", "species": "Heatran", "speciesId": "heatran", "gender": "F", "shiny": false, "level": 79, "moves": ["heavyslam", "earthpower", "magmastorm", "stealthrock"], "ability": "Flash Fire", "evs": {"hp": 85, "atk": 85, "def": 85, "spa": 85, "spd": 85, "spe": 85}, "ivs": {"hp": 31, "atk": 31, "def": 31, "spa": 31, "spd": 31, "spe": 31}, "item": "Air Balloon", "teraType": "Flying", "role": "Bulky Support", "bvs": {"hp": 91, "atk": 90, "def": 106, "spa": 130, "spd": 106, "spe": 77}, "stats": {"hp": 273, "atk": 188, "def": 213, "spa": 251, "spd": 213, "spe": 167}, "types": ["Fire", "Steel"]}, "Blaziken": {"name": "Blaziken", "species": "Blaziken", "speciesId": "blaziken", "gender": "M", "shiny": false, "level": 76, "moves": ["knockoff", "flareblitz", "closecombat", "swordsdance"], "ability": "Speed Boost", "evs": {"hp": 85, "atk": 85, "def": 85, "spa": 85, "spd": 85, "spe": 85}, "ivs": {"hp": 31, "atk": 31, "def": 31, "spa": 31, "spd": 31, "spe": 31}, "item": "Life Orb", "teraType": "Dark", "role": "Setup Sweeper", "bvs": {"hp": 80, "atk": 120, "def": 70, "spa": 110, "spd": 70, "spe": 80}, "stats": {"hp": 247, "atk": 226, "def": 150, "spa": 211, "spd": 150, "spe": 166}, "types": ["Fire", "Fighting"]}, "Deoxys": {"name": "Deoxys", "species": "Deoxys", "speciesId": "deoxys", "gender": "N", "shiny": false, "level": 74, "moves": ["knockoff", "extremespeed", "psychoboost", "superpower"], "ability": "Pressure", "evs": {"hp": 85, "atk": 85, "def": 85, "spa": 85, "spd": 85, "spe": 85}, "ivs": {"hp": 31, "atk": 31, "def": 31, "spa": 31, "spd": 31, "spe": 31}, "item": "Life Orb", "teraType": "Dark", "role": "Fast Attacker", "bvs": {"hp": 50, "atk": 150, "def": 50, "spa": 150, "spd": 50, "spe": 150}, "stats": {"hp": 196, "atk": 265, "def": 117, "spa": 265, "spd": 117, "spe": 265}, "types": ["Psychic"]}}, {"Chimecho": {"name": "Chimecho", "species": "Chimecho", "speciesId": "chimecho", "gender": "M", "shiny": false, "level": 93, "moves": ["storedpower", "dazzlinggleam", "recover", "cosmicpower"], "ability": "Levitate", "evs": {"hp": 85, "atk": 0, "def": 85, "spa": 85, "spd": 85, "spe": 85}, "ivs": {"hp": 31, "atk": 0, "def": 31, "spa": 31, "spd": 31, "spe": 31}, "item": "Leftovers", "teraType": "Steel", "role": "Bulky Attacker", "bvs": {"hp": 75, "atk": 50, "def": 80, "spa": 95, "spd": 90, "spe": 65}, "stats": {"hp": 290, "atk": 98, "def": 202, "spa": 230, "spd": 220, "spe": 174}, "types": ["Psychic"]}, "Bellossom": {"name": "Bellossom", "species": "Bellossom", "speciesId": "bellossom", "gender": "F", "shiny": false, "level": 84, "moves": ["terablast", "strengthsap", "quiverdance", "gigadrain"], "ability": "Chlorophyll", "evs": {"hp": 85, "atk": 0, "def": 85, "spa": 85, "spd": 85, "spe": 85}, "ivs": {"hp": 31, "atk": 0, "def": 31, "spa": 31, "spd": 31, "spe": 31}, "item": "Leftovers", "teraType": "Fire", "role": "Tera Blast user", "bvs": {"hp": 75, "atk": 80, "def": 95, "spa": 90, "spd": 100, "spe": 50}, "stats": {"hp": 263, "atk": 139, "def": 208, "spa": 199, "spd": 216, "spe": 132}, "types": ["Grass"]}, "Ludicolo": {"name": "Ludicolo", "species": "Ludicolo", "speciesId": "ludicolo", "gender": "M", "shiny": false, "level": 90, "moves": ["gigadrain", "hydropump", "leafstorm", "icebeam"], "ability": "Swift Swim", "evs": {"hp": 85, "atk": 0, "def": 85, "spa": 85, "spd": 85, "spe": 85}, "ivs": {"hp": 31, "atk": 0, "def": 31, "spa": 31, "spd": 31, "spe": 31}, "item": "Choice Specs", "teraType": "Grass", "role": "Fast Attacker", "bvs": {"hp": 80, "atk": 70, "def": 70, "spa": 90, "spd": 100, "spe": 70}, "stats": {"hp": 290, "atk": 131, "def": 177, "spa": 213, "spd": 231, "spe": 177}, "types": ["Water", "Grass"]}, "Dragonite": {"name": "Dragonite", "species": "Dragonite", "speciesId": "dragonite", "gender": "M", "shiny": false, "level": 74, "moves": ["earthquake", "outrage", "dragondance", "ironhead"], "ability": "Multiscale", "evs": {"hp": 85, "atk": 85, "def": 85, "spa": 85, "spd": 85, "spe": 85}, "ivs": {"hp": 31, "atk": 31, "def": 31, "spa": 31, "spd": 31, "spe": 31}, "item": "Heavy-Duty Boots", "teraType": "Steel", "role": "Setup Sweeper", "bvs": {"hp": 91, "atk": 134, "def": 95, "spa": 100, "spd": 100, "spe": 80}, "stats": {"hp": 257, "atk": 241, "def": 184, "spa": 191, "spd": 191, "spe": 161}, "types": ["Dragon", "Flying"]}, "Hippowdon": {"name": "Hippowdon", "species": "Hippowdon", "speciesId": "hippowdon", "gender": "F", "shiny": false, "level": 82, "moves": ["whirlwind", "slackoff", "stoneedge", "earthquake"], "ability": "Sand Stream", "evs": {"hp": 85, "atk": 85, "def": 85, "spa": 85, "spd": 85, "spe": 85}, "ivs": {"hp": 31, "atk": 31, "def": 31, "spa": 31, "spd": 31, "spe": 31}, "item": "Rocky Helmet", "teraType": "Rock", "role": "Bulky Support", "bvs": {"hp": 108, "atk": 112, "def": 118, "spa": 68, "spd": 72, "spe": 47}, "stats": {"hp": 311, "atk": 231, "def": 241, "spa": 159, "spd": 165, "spe": 124}, "types": ["Ground"]}, "Toxicroak": {"name": "Toxicroak", "species": "Toxicroak", "speciesId": "toxicroak", "gender": "F", "shiny": false, "level": 84, "moves": ["gunkshot", "swordsdance", "knockoff", "closecombat"], "ability": "Dry Skin", "evs": {"hp": 85, "atk": 85, "def": 85, "spa": 85, "spd": 85, "spe": 85}, "ivs": {"hp": 31, "atk": 31, "def": 31, "spa": 31, "spd": 31, "spe": 31}, "item": "Life Orb", "teraType": "Dark", "role": "Fast Attacker", "bvs": {"hp": 83, "atk": 106, "def": 65, "spa": 86, "spd": 65, "spe": 85}, "stats": {"hp": 277, "atk": 226, "def": 157, "spa": 193, "spd": 157, "spe": 191}, "types": ["Poison", "Fighting"]}}]}