{"id": "gen9randombattle-2641503299", "format": "[Gen 9] Random Battle", "players": ["stoogetv", "gengis khann"], "log": "|j|\u2606stoogetv\n|j|\u2606gengis khann\n|t:|1782795955\n|gametype|singles\n|player|p1|stoogetv|boarder|2034\n|player|p2|gengis khann|2|2071\n|gen|9\n|tier|[Gen 9] Random Battle\n|rated|\n|rule|Species Clause: Limit one of each Pok\u00e9mon\n|rule|HP Percentage Mod: HP is shown in percentages\n|rule|Sleep Clause Mod: Limit one foe put to sleep\n|rule|Illusion Level Mod: Illusion disguises the Pok\u00e9mon's true level\n|\n|t:|1782795955\n|teamsize|p1|6\n|teamsize|p2|6\n|start\n|switch|p1a: Ninetales|Ninetales, L85, M|263/263\n|switch|p2a: Dusknoir|Dusknoir, L89, M|225/225\n|-weather|SunnyDay|[from] ability: Drought|[of] p1a: Ninetales\n|-item|p1a: Ninetales|Heavy-Duty Boots|[from] ability: Frisk|[of] p2a: Dusknoir\n|turn|1\n|inactive|Battle timer is ON: inactive players will automatically lose when time's up. (requested by stoogetv)\n|\n|t:|1782795995\n|switch|p1a: Arcanine|Arcanine, L84, F|288/288\n|-ability|p1a: Arcanine|Intimidate|boost\n|-unboost|p2a: Dusknoir|atk|1\n|move|p2a: Dusknoir|Poltergeist|p1a: Arcanine\n|-activate|p1a: Arcanine|move: Poltergeist|Heavy-Duty Boots\n|-damage|p1a: Arcanine|198/288\n|\n|-weather|SunnyDay|[upkeep]\n|upkeep\n|turn|2\n|\n|t:|1782796005\n|switch|p1a: Cinccino|Cinccino, L83, M|260/260\n|move|p2a: Dusknoir|Pain Split|p1a: Cinccino\n|-sethp|p1a: Cinccino|242/260|[from] move: Pain Split|[silent]\n|-sethp|p2a: Dusknoir|225/225|[from] move: Pain Split\n|\n|-weather|SunnyDay|[upkeep]\n|upkeep\n|turn|3\n|\n|t:|1782796013\n|-singleturn|p2a: Dusknoir|move: Focus Punch\n|move|p1a: Cinccino|U-turn|p2a: Dusknoir\n|-resisted|p2a: Dusknoir\n|-damage|p2a: Dusknoir|209/225\n|\n|t:|1782796018\n|switch|p1a: Arcanine|Arcanine, L84, F|198/288|[from] U-turn\n|-ability|p1a: Arcanine|Intimidate|boost\n|-unboost|p2a: Dusknoir|atk|1\n|cant|p2a: Dusknoir|Focus Punch|Focus Punch\n|\n|-weather|SunnyDay|[upkeep]\n|-heal|p2a: Dusknoir|223/225|[from] item: Leftovers\n|upkeep\n|turn|4\n|\n|t:|1782796027\n|switch|p2a: Skeledirge|Skeledirge, L79, F|294/294\n|move|p1a: Arcanine|Will-O-Wisp|p2a: Skeledirge\n|-immune|p2a: Skeledirge\n|\n|-weather|SunnyDay|[upkeep]\n|upkeep\n|turn|5\n|\n|t:|1782796037\n|switch|p1a: Ninetales|Ninetales, L85, M|263/263\n|move|p2a: Skeledirge|Torch Song|p1a: Ninetales\n|-resisted|p1a: Ninetales\n|-damage|p1a: Ninetales|203/263\n|-boost|p2a: Skeledirge|spa|1\n|\n|-weather|none\n|upkeep\n|turn|6\n|\n|t:|1782796043\n|move|p1a: Ninetales|Scorching Sands|p2a: Skeledirge\n|-supereffective|p2a: Skeledirge\n|-damage|p2a: Skeledirge|190/294\n|move|p2a: Skeledirge|Flame Charge|p1a: Ninetales\n|-resisted|p1a: Ninetales\n|-damage|p1a: Ninetales|182/263\n|-boost|p2a: Skeledirge|spe|1\n|\n|upkeep\n|turn|7\n|\n|t:|1782796050\n|move|p2a: Skeledirge|Torch Song|p1a: Ninetales\n|-resisted|p1a: Ninetales\n|-damage|p1a: Ninetales|122/263\n|-boost|p2a: Skeledirge|spa|1\n|move|p1a: Ninetales|Scorching Sands|p2a: Skeledirge\n|-supereffective|p2a: Skeledirge\n|-crit|p2a: Skeledirge\n|-damage|p2a: Skeledirge|38/294\n|\n|upkeep\n|turn|8\n|inactive|stoogetv has 120 seconds left.\n|\n|t:|1782796089\n|move|p2a: Skeledirge|Slack Off|p2a: Skeledirge\n|-heal|p2a: Skeledirge|185/294\n|move|p1a: Ninetales|Scorching Sands|p2a: Skeledirge\n|-supereffective|p2a: Skeledirge\n|-damage|p2a: Skeledirge|75/294\n|\n|upkeep\n|turn|9\n|\n|t:|1782796094\n|move|p2a: Skeledirge|Slack Off|p2a: Skeledirge\n|-heal|p2a: Skeledirge|222/294\n|move|p1a: Ninetales|Scorching Sands|p2a: Skeledirge\n|-supereffective|p2a: Skeledirge\n|-damage|p2a: Skeledirge|110/294\n|\n|upkeep\n|turn|10\n|\n|t:|1782796100\n|move|p2a: Skeledirge|Slack Off|p2a: Skeledirge\n|-heal|p2a: Skeledirge|257/294\n|move|p1a: Ninetales|Scorching Sands|p2a: Skeledirge\n|-supereffective|p2a: Skeledirge\n|-damage|p2a: Skeledirge|155/294\n|\n|upkeep\n|turn|11\n|\n|t:|1782796105\n|move|p2a: Skeledirge|Slack Off|p2a: Skeledirge\n|-heal|p2a: Skeledirge|294/294\n|move|p1a: Ninetales|Scorching Sands|p2a: Skeledirge\n|-supereffective|p2a: Skeledirge\n|-damage|p2a: Skeledirge|182/294\n|\n|upkeep\n|turn|12\n|\n|t:|1782796111\n|move|p2a: Skeledirge|Flame Charge|p1a: Ninetales\n|-resisted|p1a: Ninetales\n|-damage|p1a: Ninetales|99/263\n|-boost|p2a: Skeledirge|spe|1\n|move|p1a: Ninetales|Scorching Sands|p2a: Skeledirge\n|-supereffective|p2a: Skeledirge\n|-damage|p2a: Skeledirge|78/294\n|\n|upkeep\n|turn|13\n|\n|t:|1782796117\n|move|p2a: Skeledirge|Slack Off|p2a: Skeledirge\n|-heal|p2a: Skeledirge|225/294\n|move|p1a: Ninetales|Scorching Sands|p2a: Skeledirge\n|-supereffective|p2a: Skeledirge\n|-damage|p2a: Skeledirge|109/294\n|\n|upkeep\n|turn|14\n|\n|t:|1782796125\n|move|p2a: Skeledirge|Slack Off|p2a: Skeledirge\n|-heal|p2a: Skeledirge|256/294\n|move|p1a: Ninetales|Scorching Sands|p2a: Skeledirge\n|-supereffective|p2a: Skeledirge\n|-damage|p2a: Skeledirge|142/294\n|\n|upkeep\n|turn|15\n|\n|t:|1782796130\n|move|p2a: Skeledirge|Shadow Ball|p1a: Ninetales\n|-damage|p1a: Ninetales|0 fnt\n|faint|p1a: Ninetales\n|\n|upkeep\n|\n|t:|1782796141\n|switch|p1a: Kommo-o|Kommo-o, L78, M|245/245\n|turn|16\n|\n|t:|1782796148\n|move|p2a: Skeledirge|Slack Off|p2a: Skeledirge\n|-heal|p2a: Skeledirge|289/294\n|move|p1a: Kommo-o|Clanging Scales|p2a: Skeledirge\n|-damage|p2a: Skeledirge|159/294\n|-unboost|p1a: Kommo-o|def|1\n|-enditem|p1a: Kommo-o|Throat Spray\n|-boost|p1a: Kommo-o|spa|1|[from] item: Throat Spray\n|\n|upkeep\n|turn|17\n|\n|t:|1782796157\n|-terastallize|p2a: Skeledirge|Fairy\n|move|p2a: Skeledirge|Slack Off|p2a: Skeledirge\n|-heal|p2a: Skeledirge|294/294\n|move|p1a: Kommo-o|Clanging Scales|p2a: Skeledirge\n|-immune|p2a: Skeledirge\n|\n|upkeep\n|turn|18\n|\n|t:|1782796161\n|move|p2a: Skeledirge|Torch Song|p1a: Kommo-o\n|-immune|p1a: Kommo-o|[from] ability: Soundproof\n|move|p1a: Kommo-o|Iron Head|p2a: Skeledirge\n|-supereffective|p2a: Skeledirge\n|-damage|p2a: Skeledirge|182/294\n|\n|upkeep\n|turn|19\n|\n|t:|1782796171\n|-terastallize|p1a: Kommo-o|Steel\n|move|p2a: Skeledirge|Shadow Ball|p1a: Kommo-o\n|-damage|p1a: Kommo-o|86/245\n|-unboost|p1a: Kommo-o|spd|1\n|move|p1a: Kommo-o|Iron Head|p2a: Skeledirge\n|-supereffective|p2a: Skeledirge\n|-damage|p2a: Skeledirge|26/294\n|\n|upkeep\n|turn|20\n|\n|t:|1782796181\n|move|p2a: Skeledirge|Shadow Ball|p1a: Kommo-o\n|-damage|p1a: Kommo-o|0 fnt\n|faint|p1a: Kommo-o\n|\n|upkeep\n|\n|t:|1782796188\n|switch|p1a: Delibird|Delibird, F|252/252\n|turn|21\n|\n|t:|1782796191\n|move|p1a: Delibird|Ice Shard|p2a: Skeledirge\n|-damage|p2a: Skeledirge|0 fnt\n|faint|p2a: Skeledirge\n|\n|upkeep\n|\n|t:|1782796197\n|switch|p2a: Slowking|Slowking, L88, M|310/310\n|turn|22\n|\n|t:|1782796207\n|move|p1a: Delibird|Brave Bird|p2a: Slowking\n|-damage|p2a: Slowking|117/310\n|-damage|p1a: Delibird|188/252|[from] Recoil\n|move|p2a: Slowking|Thunder Wave|p1a: Delibird\n|-status|p1a: Delibird|par\n|\n|-heal|p2a: Slowking|136/310|[from] item: Leftovers\n|upkeep\n|turn|23\n|\n|t:|1782796214\n|switch|p2a: Iron Thorns|Iron Thorns, L83|302/302\n|cant|p1a: Delibird|par\n|\n|upkeep\n|turn|24\n|\n|t:|1782796222\n|move|p2a: Iron Thorns|Volt Switch|p1a: Delibird\n|-supereffective|p1a: Delibird\n|-damage|p1a: Delibird|30/252 par\n|\n|t:|1782796227\n|-end|p2a: Iron Thorns|Quark Drive|[silent]\n|switch|p2a: Weezing|Weezing-Galar, L86, M|252/252|[from] Volt Switch\n|cant|p1a: Delibird|par\n|\n|upkeep\n|turn|25\n|\n|t:|1782796233\n|cant|p1a: Delibird|par\n|move|p2a: Weezing|Strange Steam|p1a: Delibird\n|-damage|p1a: Delibird|0 fnt\n|faint|p1a: Delibird\n|\n|upkeep\n|\n|t:|1782796247\n|switch|p1a: Arcanine|Arcanine, L84, F|198/288\n|-ability|p1a: Arcanine|Intimidate|boost\n|-unboost|p2a: Weezing|atk|1\n|turn|26\n|\n|t:|1782796251\n|switch|p1a: Archaludon|Archaludon, L78, M|268/268\n|switch|p2a: Slowking|Slowking, L88, M|239/310\n|\n|-heal|p2a: Slowking|258/310|[from] item: Leftovers\n|upkeep\n|turn|27\n|\n|t:|1782796257\n|move|p1a: Archaludon|Swords Dance|p1a: Archaludon\n|-boost|p1a: Archaludon|atk|2\n|move|p2a: Slowking|Thunder Wave|p1a: Archaludon\n|-status|p1a: Archaludon|par\n|-enditem|p1a: Archaludon|Lum Berry|[eat]\n|-curestatus|p1a: Archaludon|par|[msg]\n|\n|-heal|p2a: Slowking|277/310|[from] item: Leftovers\n|upkeep\n|turn|28\n|\n|t:|1782796265\n|move|p1a: Archaludon|Earthquake|p2a: Slowking\n|-crit|p2a: Slowking\n|-damage|p2a: Slowking|74/310\n|move|p2a: Slowking|Thunder Wave|p1a: Archaludon|[miss]\n|-miss|p2a: Slowking|p1a: Archaludon\n|\n|-heal|p2a: Slowking|93/310|[from] item: Leftovers\n|upkeep\n|turn|29\n|\n|t:|1782796272\n|switch|p2a: Weezing|Weezing-Galar, L86, M|252/252\n|move|p1a: Archaludon|Earthquake|p2a: Weezing\n|-immune|p2a: Weezing|[from] ability: Levitate\n|\n|upkeep\n|turn|30\n|\n|t:|1782796274\n|move|p1a: Archaludon|Iron Head|p2a: Weezing\n|-supereffective|p2a: Weezing\n|-damage|p2a: Weezing|16/252\n|move|p2a: Weezing|Will-O-Wisp|p1a: Archaludon\n|-status|p1a: Archaludon|brn\n|\n|-heal|p2a: Weezing|31/252|[from] item: Leftovers\n|-damage|p1a: Archaludon|252/268 brn|[from] brn\n|upkeep\n|turn|31\n|\n|t:|1782796280\n|move|p1a: Archaludon|Swords Dance|p1a: Archaludon\n|-boost|p1a: Archaludon|atk|2\n|move|p2a: Weezing|Strange Steam|p1a: Archaludon\n|-damage|p1a: Archaludon|141/268 brn\n|-start|p1a: Archaludon|confusion\n|-ability|p1a: Archaludon|Stamina|boost\n|-boost|p1a: Archaludon|def|1\n|\n|-heal|p2a: Weezing|46/252|[from] item: Leftovers\n|-damage|p1a: Archaludon|125/268 brn|[from] brn\n|upkeep\n|turn|32\n|\n|t:|1782796282\n|-activate|p1a: Archaludon|confusion\n|-damage|p1a: Archaludon|82/268 brn|[from] confusion\n|move|p2a: Weezing|Strange Steam|p1a: Archaludon|[miss]\n|-miss|p2a: Weezing|p1a: Archaludon\n|\n|-heal|p2a: Weezing|61/252|[from] item: Leftovers\n|-damage|p1a: Archaludon|66/268 brn|[from] brn\n|upkeep\n|turn|33\n|\n|t:|1782796286\n|-end|p1a: Archaludon|confusion\n|move|p1a: Archaludon|Iron Head|p2a: Weezing\n|-supereffective|p2a: Weezing\n|-damage|p2a: Weezing|0 fnt\n|faint|p2a: Weezing\n|\n|-damage|p1a: Archaludon|50/268 brn|[from] brn\n|upkeep\n|\n|t:|1782796288\n|switch|p2a: Slowking|Slowking, L88, M|196/310\n|turn|34\n|\n|t:|1782796291\n|move|p1a: Archaludon|Outrage|p2a: Slowking\n|-damage|p2a: Slowking|22/310\n|move|p2a: Slowking|Slack Off|p2a: Slowking\n|-heal|p2a: Slowking|177/310\n|\n|-heal|p2a: Slowking|196/310|[from] item: Leftovers\n|-damage|p1a: Archaludon|34/268 brn|[from] brn\n|upkeep\n|turn|35\n|\n|t:|1782796298\n|move|p1a: Archaludon|Outrage|p2a: Slowking|[from] lockedmove\n|-damage|p2a: Slowking|31/310\n|move|p2a: Slowking|Slack Off|p2a: Slowking\n|-heal|p2a: Slowking|186/310\n|\n|-heal|p2a: Slowking|205/310|[from] item: Leftovers\n|-damage|p1a: Archaludon|18/268 brn|[from] brn\n|upkeep\n|turn|36\n|\n|t:|1782796302\n|move|p1a: Archaludon|Outrage|p2a: Slowking|[from] lockedmove\n|-damage|p2a: Slowking|24/310\n|-start|p1a: Archaludon|confusion|[fatigue]\n|move|p2a: Slowking|Slack Off|p2a: Slowking\n|-heal|p2a: Slowking|179/310\n|\n|-heal|p2a: Slowking|198/310|[from] item: Leftovers\n|-damage|p1a: Archaludon|2/268 brn|[from] brn\n|upkeep\n|turn|37\n|\n|t:|1782796307\n|-activate|p1a: Archaludon|confusion\n|-damage|p1a: Archaludon|0 fnt|[from] confusion\n|faint|p1a: Archaludon\n|move|p2a: Slowking|Slack Off|p2a: Slowking\n|-heal|p2a: Slowking|310/310\n|\n|upkeep\n|\n|t:|1782796310\n|switch|p1a: Cinccino|Cinccino, L83, M|242/260\n|turn|38\n|\n|t:|1782796322\n|switch|p2a: Iron Thorns|Iron Thorns, L83|302/302\n|move|p1a: Cinccino|Bullet Seed|p2a: Iron Thorns\n|-supereffective|p2a: Iron Thorns\n|-damage|p2a: Iron Thorns|258/302\n|-supereffective|p2a: Iron Thorns\n|-damage|p2a: Iron Thorns|216/302\n|-supereffective|p2a: Iron Thorns\n|-damage|p2a: Iron Thorns|174/302\n|-supereffective|p2a: Iron Thorns\n|-damage|p2a: Iron Thorns|128/302\n|-hitcount|p2a: Iron Thorns|4\n|\n|upkeep\n|turn|39\n|\n|t:|1782796330\n|move|p1a: Cinccino|Bullet Seed|p2a: Iron Thorns\n|-supereffective|p2a: Iron Thorns\n|-damage|p2a: Iron Thorns|80/302\n|-supereffective|p2a: Iron Thorns\n|-damage|p2a: Iron Thorns|30/302\n|-supereffective|p2a: Iron Thorns\n|-damage|p2a: Iron Thorns|0 fnt\n|faint|p2a: Iron Thorns\n|-end|p2a: Iron Thorns|Quark Drive|[silent]\n|-hitcount|p2: Iron Thorns|3\n|\n|upkeep\n|\n|t:|1782796334\n|switch|p2a: Lurantis|Lurantis, L87, F|264/264\n|turn|40\n|\n|t:|1782796338\n|move|p1a: Cinccino|Triple Axel|p2a: Lurantis\n|-supereffective|p2a: Lurantis\n|-crit|p2a: Lurantis\n|-damage|p2a: Lurantis|200/264\n|-supereffective|p2a: Lurantis\n|-damage|p2a: Lurantis|118/264\n|-supereffective|p2a: Lurantis\n|-damage|p2a: Lurantis|2/264\n|-hitcount|p2a: Lurantis|3\n|move|p2a: Lurantis|Superpower|p1a: Cinccino\n|-supereffective|p1a: Cinccino\n|-damage|p1a: Cinccino|0 fnt\n|-boost|p2a: Lurantis|atk|1\n|-boost|p2a: Lurantis|def|1\n|faint|p1a: Cinccino\n|\n|-heal|p2a: Lurantis|18/264|[from] item: Leftovers\n|upkeep\n|\n|t:|1782796344\n|switch|p1a: Arcanine|Arcanine, L84, F|198/288\n|-ability|p1a: Arcanine|Intimidate|boost\n|-boost|p2a: Lurantis|atk|1\n|turn|41\n|\n|t:|1782796347\n|move|p1a: Arcanine|Flare Blitz|p2a: Lurantis\n|-supereffective|p2a: Lurantis\n|-damage|p2a: Lurantis|0 fnt\n|faint|p2a: Lurantis\n|-damage|p1a: Arcanine|192/288|[from] Recoil\n|\n|upkeep\n|\n|t:|1782796348\n|switch|p2a: Slowking|Slowking, L88, M|310/310\n|turn|42\n|\n|t:|1782796355\n|move|p1a: Arcanine|Extreme Speed|p2a: Slowking\n|-damage|p2a: Slowking|250/310\n|move|p2a: Slowking|Scald|p1a: Arcanine\n|-supereffective|p1a: Arcanine\n|-damage|p1a: Arcanine|4/288\n|\n|-heal|p2a: Slowking|269/310|[from] item: Leftovers\n|upkeep\n|turn|43\n|\n|t:|1782796361\n|move|p1a: Arcanine|Extreme Speed|p2a: Slowking\n|-damage|p2a: Slowking|208/310\n|move|p2a: Slowking|Scald|p1a: Arcanine\n|-supereffective|p1a: Arcanine\n|-damage|p1a: Arcanine|0 fnt\n|faint|p1a: Arcanine\n|\n|win|gengis khann\n|raw|stoogetv's rating: 2034 &rarr; <strong>2016</strong><br />(-18 for losing)\n|raw|gengis khann's rating: 2071 &rarr; <strong>2089</strong><br />(+18 for winning)\n", "inputlog": ">version f8ac14003a5f27e1bdc8d8c59608a773c1cb96e5\n>start {\"formatid\":\"gen9randombattle\",\"seed\":\"sodium,94ffbf5b08ec4098fe5ae2043ddd7cef\",\"rated\":\"Rated battle\"}\n>player p1 {\"name\":\"stoogetv\",\"avatar\":\"boarder\",\"rating\":2034,\"seed\":\"sodium,bad5c12319989d86224dcfbf58c278ab\"}\n>player p2 {\"name\":\"gengis khann\",\"avatar\":\"2\",\"rating\":2071,\"seed\":\"sodium,fa243ae8a71295aeadb151b2981e07fd\"}\n>p1 switch 3\n>p2 move poltergeist\n>p1 switch 2\n>p2 move painsplit\n>p1 move uturn\n>p2 move focuspunch\n>p1 switch 2\n>p1 move willowisp\n>p2 switch 4\n>p1 switch 3\n>p2 move torchsong\n>p1 move scorchingsands\n>p2 move flamecharge\n>p1 move scorchingsands\n>p2 move torchsong\n>p1 move scorchingsands\n>p2 move slackoff\n>p1 move scorchingsands\n>p2 move slackoff\n>p1 move scorchingsands\n>p2 move slackoff\n>p1 move scorchingsands\n>p2 move slackoff\n>p1 move scorchingsands\n>p2 move flamecharge\n>p1 move scorchingsands\n>p2 move slackoff\n>p1 move scorchingsands\n>p2 move slackoff\n>p1 move scorchingsands\n>p2 move shadowball\n>p1 switch 5\n>p1 move clangingscales\n>p2 move slackoff\n>p1 move clangingscales\n>p2 move slackoff terastallize\n>p1 move ironhead\n>p2 move torchsong\n>p1 move ironhead terastallize\n>p2 move shadowball\n>p1 move ironhead\n>p2 move shadowball\n>p1 switch 4\n>p1 move iceshard\n>p2 move torchsong\n>p2 switch 3\n>p1 move bravebird\n>p2 move thunderwave\n>p1 move bravebird\n>p2 switch 2\n>p1 move drillrun\n>p2 move voltswitch\n>p2 switch 5\n>p1 move iceshard\n>p2 move strangesteam\n>p1 switch 3\n>p1 switch 6\n>p2 switch 2\n>p1 move swordsdance\n>p2 move thunderwave\n>p1 move earthquake\n>p2 move thunderwave\n>p1 move earthquake\n>p2 switch 2\n>p1 move ironhead\n>p2 move willowisp\n>p1 move swordsdance\n>p2 move strangesteam\n>p1 move ironhead\n>p2 move strangesteam\n>p1 move ironhead\n>p2 move strangesteam\n>p2 switch 2\n>p1 move outrage\n>p2 move slackoff\n>p1 move outrage\n>p2 move slackoff\n>p1 move outrage\n>p2 move slackoff\n>p1 move outrage\n>p2 move slackoff\n>p1 switch 2\n>p1 move bulletseed\n>p2 switch 5\n>p1 move bulletseed\n>p2 move wildcharge\n>p2 switch 6\n>p1 move tripleaxel\n>p2 move superpower\n>p1 switch 6\n>p1 move flareblitz\n>p2 move superpower\n>p2 switch 5\n>p1 move extremespeed\n>p2 move scald\n>p1 move extremespeed\n>p2 move scald", "uploadtime": 1782795957, "views": 5, "formatid": "gen9randombattle", "rating": 2016, "private": 0, "password": null, "player_dets": [{"name": "stoogetv", "avatar": "boarder", "rating": 2034, "seed": "sodium,bad5c12319989d86224dcfbf58c278ab"}, {"name": "gengis khann", "avatar": "2", "rating": 2071, "seed": "sodium,fa243ae8a71295aeadb151b2981e07fd"}], "teams_full": [{"Ninetales": {"name": "Ninetales", "species": "Ninetales", "speciesId": "ninetales", "gender": "M", "shiny": false, "level": 85, "moves": ["fireblast", "scorchingsands", "solarbeam", "nastyplot"], "ability": "Drought", "evs": {"hp": 85, "atk": 0, "def": 85, "spa": 85, "spd": 85, "spe": 85}, "ivs": {"hp": 31, "atk": 0, "def": 31, "spa": 31, "spd": 31, "spe": 31}, "item": "Heavy-Duty Boots", "teraType": "Grass", "role": "Setup Sweeper", "bvs": {"hp": 73, "atk": 76, "def": 75, "spa": 81, "spd": 100, "spe": 100}, "stats": {"hp": 263, "atk": 134, "def": 176, "spa": 186, "spd": 219, "spe": 219}, "types": ["Fire"]}, "Cinccino": {"name": "Cinccino", "species": "Cinccino", "speciesId": "cinccino", "gender": "M", "shiny": false, "level": 83, "moves": ["uturn", "tripleaxel", "tailslap", "bulletseed"], "ability": "Technician", "evs": {"hp": 85, "atk": 85, "def": 85, "spa": 85, "spd": 85, "spe": 85}, "ivs": {"hp": 31, "atk": 31, "def": 31, "spa": 31, "spd": 31, "spe": 31}, "item": "Loaded Dice", "teraType": "Ice", "role": "Fast Attacker", "bvs": {"hp": 75, "atk": 95, "def": 60, "spa": 65, "spd": 60, "spe": 115}, "stats": {"hp": 260, "atk": 205, "def": 147, "spa": 156, "spd": 147, "spe": 239}, "types": ["Normal"]}, "Arcanine": {"name": "Arcanine", "species": "Arcanine", "speciesId": "arcanine", "gender": "F", "shiny": false, "level": 84, "moves": ["morningsun", "willowisp", "extremespeed", "flareblitz"], "ability": "Intimidate", "evs": {"hp": 85, "atk": 85, "def": 85, "spa": 85, "spd": 85, "spe": 85}, "ivs": {"hp": 31, "atk": 31, "def": 31, "spa": 31, "spd": 31, "spe": 31}, "item": "Heavy-Duty Boots", "teraType": "Normal", "role": "Bulky Attacker", "bvs": {"hp": 90, "atk": 110, "def": 80, "spa": 100, "spd": 80, "spe": 95}, "stats": {"hp": 288, "atk": 233, "def": 183, "spa": 216, "spd": 183, "spe": 208}, "types": ["Fire"]}, "Delibird": {"name": "Delibird", "species": "Delibird", "speciesId": "delibird", "gender": "F", "shiny": false, "level": 100, "moves": ["drillrun", "iceshard", "icespinner", "bravebird"], "ability": "Hustle", "evs": {"hp": 85, "atk": 85, "def": 85, "spa": 85, "spd": 85, "spe": 85}, "ivs": {"hp": 31, "atk": 31, "def": 31, "spa": 31, "spd": 31, "spe": 31}, "item": "Heavy-Duty Boots", "teraType": "Ground", "role": "Fast Attacker", "bvs": {"hp": 45, "atk": 55, "def": 45, "spa": 65, "spd": 45, "spe": 75}, "stats": {"hp": 252, "atk": 167, "def": 147, "spa": 187, "spd": 147, "spe": 207}, "types": ["Ice", "Flying"]}, "Kommo-o": {"name": "Kommo-o", "species": "Kommo-o", "speciesId": "kommoo", "gender": "M", "shiny": false, "level": 78, "moves": ["clangingscales", "clangoroussoul", "drainpunch", "ironhead"], "ability": "Soundproof", "evs": {"hp": 85, "atk": 85, "def": 85, "spa": 85, "spd": 85, "spe": 85}, "ivs": {"hp": 31, "atk": 31, "def": 31, "spa": 31, "spd": 31, "spe": 31}, "item": "Throat Spray", "teraType": "Steel", "role": "Fast Bulky Setup", "bvs": {"hp": 75, "atk": 110, "def": 125, "spa": 100, "spd": 105, "spe": 85}, "stats": {"hp": 245, "atk": 217, "def": 240, "spa": 201, "spd": 209, "spe": 178}, "types": ["Dragon", "Fighting"]}, "Archaludon": {"name": "Archaludon", "species": "Archaludon", "speciesId": "archaludon", "gender": "M", "shiny": false, "level": 78, "moves": ["earthquake", "swordsdance", "outrage", "ironhead"], "ability": "Stamina", "evs": {"hp": 85, "atk": 85, "def": 85, "spa": 85, "spd": 85, "spe": 85}, "ivs": {"hp": 31, "atk": 31, "def": 31, "spa": 31, "spd": 31, "spe": 31}, "item": "Lum Berry", "teraType": "Ground", "role": "Bulky Setup", "bvs": {"hp": 90, "atk": 105, "def": 130, "spa": 125, "spd": 65, "spe": 85}, "stats": {"hp": 268, "atk": 209, "def": 248, "spa": 240, "spd": 146, "spe": 178}, "types": ["Steel", "Dragon"]}}, {"Dusknoir": {"name": "Dusknoir", "species": "Dusknoir", "speciesId": "dusknoir", "gender": "M", "shiny": false, "level": 89, "moves": ["substitute", "painsplit", "poltergeist", "focuspunch"], "ability": "Frisk", "evs": {"hp": 85, "atk": 85, "def": 85, "spa": 85, "spd": 85, "spe": 85}, "ivs": {"hp": 31, "atk": 31, "def": 31, "spa": 31, "spd": 31, "spe": 31}, "item": "Leftovers", "teraType": "Fighting", "role": "Bulky Attacker", "bvs": {"hp": 45, "atk": 100, "def": 135, "spa": 65, "spd": 135, "spe": 45}, "stats": {"hp": 225, "atk": 229, "def": 291, "spa": 166, "spd": 291, "spe": 131}, "types": ["Ghost"]}, "Iron Thorns": {"name": "Iron Thorns", "species": "Iron Thorns", "speciesId": "ironthorns", "gender": "N", "shiny": false, "level": 83, "moves": ["wildcharge", "icepunch", "voltswitch", "stoneedge"], "ability": "Quark Drive", "evs": {"hp": 85, "atk": 85, "def": 85, "spa": 85, "spd": 85, "spe": 85}, "ivs": {"hp": 31, "atk": 31, "def": 31, "spa": 31, "spd": 31, "spe": 31}, "item": "Assault Vest", "teraType": "Flying", "role": "Fast Support", "bvs": {"hp": 100, "atk": 134, "def": 110, "spa": 70, "spd": 84, "spe": 72}, "stats": {"hp": 302, "atk": 270, "def": 230, "spa": 164, "spd": 187, "spe": 167}, "types": ["Rock", "Electric"]}, "Slowking": {"name": "Slowking", "species": "Slowking", "speciesId": "slowking", "gender": "M", "shiny": false, "level": 88, "moves": ["thunderwave", "psychicnoise", "slackoff", "scald"], "ability": "Regenerator", "evs": {"hp": 85, "atk": 0, "def": 85, "spa": 85, "spd": 85, "spe": 85}, "ivs": {"hp": 31, "atk": 0, "def": 31, "spa": 31, "spd": 31, "spe": 31}, "item": "Leftovers", "teraType": "Fairy", "role": "Bulky Attacker", "bvs": {"hp": 95, "atk": 75, "def": 80, "spa": 100, "spd": 110, "spe": 30}, "stats": {"hp": 310, "atk": 137, "def": 191, "spa": 226, "spd": 244, "spe": 103}, "types": ["Water", "Psychic"]}, "Skeledirge": {"name": "Skeledirge", "species": "Skeledirge", "speciesId": "skeledirge", "gender": "F", "shiny": false, "level": 79, "moves": ["slackoff", "shadowball", "torchsong", "flamecharge"], "ability": "Unaware", "evs": {"hp": 85, "atk": 85, "def": 85, "spa": 85, "spd": 85, "spe": 85}, "ivs": {"hp": 31, "atk": 31, "def": 31, "spa": 31, "spd": 31, "spe": 31}, "item": "Heavy-Duty Boots", "teraType": "Fairy", "role": "Bulky Attacker", "bvs": {"hp": 104, "atk": 75, "def": 100, "spa": 110, "spd": 75, "spe": 66}, "stats": {"hp": 294, "atk": 164, "def": 204, "spa": 219, "spd": 164, "spe": 150}, "types": ["Fire", "Ghost"]}, "Weezing": {"name": "Weezing", "species": "Weezing-Galar", "speciesId": "weezinggalar", "gender": "M", "shiny": false, "level": 86, "moves": ["gunkshot", "strangesteam", "defog", "willowisp"], "ability": "Levitate", "evs": {"hp": 85, "atk": 85, "def": 85, "spa": 85, "spd": 85, "spe": 85}, "ivs": {"hp": 31, "atk": 31, "def": 31, "spa": 31, "spd": 31, "spe": 31}, "item": "Leftovers", "teraType": "Steel", "role": "Bulky Support", "bvs": {"hp": 65, "atk": 90, "def": 120, "spa": 85, "spd": 70, "spe": 60}, "stats": {"hp": 252, "atk": 204, "def": 256, "spa": 195, "spd": 170, "spe": 152}, "types": ["Poison", "Fairy"]}, "Lurantis": {"name": "Lurantis", "species": "Lurantis", "speciesId": "lurantis", "gender": "F", "shiny": false, "level": 87, "moves": ["superpower", "knockoff", "leafstorm", "synthesis"], "ability": "Contrary", "evs": {"hp": 85, "atk": 85, "def": 85, "spa": 85, "spd": 85, "spe": 85}, "ivs": {"hp": 31, "atk": 31, "def": 31, "spa": 31, "spd": 31, "spe": 31}, "item": "Leftovers", "teraType": "Fighting", "role": "Bulky Attacker", "bvs": {"hp": 70, "atk": 105, "def": 90, "spa": 80, "spd": 90, "spe": 45}, "stats": {"hp": 264, "atk": 232, "def": 206, "spa": 189, "spd": 206, "spe": 128}, "types": ["Grass"]}}]}