{"id": "gen9randombattle-2641560474", "format": "[Gen 9] Random Battle", "players": ["a rabbit", "gothampaladin"], "log": "|badge|p1|bronze|gen9randombattle|100-9\n|html|<div class=\"broadcast-red\"><strong>This battle is required to be public due to one or more player having a season medal.</strong><br />During the public phase, you can discuss the state of the ladder <a href=\"/seasondiscussion\">in a special chatroom.</a></div>\n|uhtml|medal-msg|<div class=\"broadcast-blue\">Curious what those medals under the avatar are? PS now has Ladder Seasons! For more information, check out the <a href=\"https://www.smogon.com/forums/threads/3740067/\">thread on Smogon.</a></div>\n|j|\u2606a rabbit\n|j|\u2606gothampaladin\n|t:|1782808169\n|gametype|singles\n|player|p1|a rabbit|#scl2breakers|2289\n|player|p2|gothampaladin|flannery|2212\n|gen|9\n|tier|[Gen 9] Random Battle\n|rated|\n|rule|Species Clause: Limit one of each Pok\u00e9mon\n|rule|HP Percentage Mod: HP is shown in percentages\n|rule|Sleep Clause Mod: Limit one foe put to sleep\n|rule|Illusion Level Mod: Illusion disguises the Pok\u00e9mon's true level\n|\n|t:|1782808169\n|teamsize|p1|6\n|teamsize|p2|6\n|start\n|switch|p1a: Zebstrika|Zebstrika, L87, M|272/272\n|switch|p2a: Hoopa|Hoopa, L85|275/275\n|turn|1\n|\n|t:|1782808186\n|switch|p1a: Malamar|Malamar, L82, M|275/275\n|switch|p2a: Clodsire|Clodsire, L81, F|343/343\n|\n|upkeep\n|turn|2\n|\n|t:|1782808192\n|move|p1a: Malamar|Superpower|p2a: Clodsire\n|-resisted|p2a: Clodsire\n|-damage|p2a: Clodsire|287/343\n|-boost|p1a: Malamar|atk|1\n|-boost|p1a: Malamar|def|1\n|move|p2a: Clodsire|Toxic Spikes|p1a: Malamar\n|-sidestart|p1: a rabbit|move: Toxic Spikes\n|\n|-heal|p2a: Clodsire|308/343|[from] item: Leftovers\n|upkeep\n|turn|3\n|\n|t:|1782808199\n|move|p1a: Malamar|Psycho Cut|p2a: Clodsire\n|-supereffective|p2a: Clodsire\n|-damage|p2a: Clodsire|132/343\n|move|p2a: Clodsire|Poison Jab|p1a: Malamar\n|-damage|p1a: Malamar|202/275\n|\n|-heal|p2a: Clodsire|153/343|[from] item: Leftovers\n|upkeep\n|turn|4\n|\n|t:|1782808207\n|-terastallize|p2a: Clodsire|Flying\n|move|p1a: Malamar|Knock Off|p2a: Clodsire\n|-damage|p2a: Clodsire|20/343\n|-enditem|p2a: Clodsire|Leftovers|[from] move: Knock Off|[of] p1a: Malamar\n|move|p2a: Clodsire|Recover|p2a: Clodsire\n|-heal|p2a: Clodsire|192/343\n|\n|upkeep\n|turn|5\n|\n|t:|1782808212\n|move|p1a: Malamar|Psycho Cut|p2a: Clodsire\n|-damage|p2a: Clodsire|107/343\n|move|p2a: Clodsire|Recover|p2a: Clodsire\n|-heal|p2a: Clodsire|279/343\n|\n|upkeep\n|turn|6\n|\n|t:|1782808217\n|move|p1a: Malamar|Psycho Cut|p2a: Clodsire\n|-crit|p2a: Clodsire\n|-damage|p2a: Clodsire|141/343\n|move|p2a: Clodsire|Poison Jab|p1a: Malamar\n|-damage|p1a: Malamar|135/275\n|\n|upkeep\n|turn|7\n|\n|t:|1782808222\n|move|p1a: Malamar|Superpower|p2a: Clodsire\n|-resisted|p2a: Clodsire\n|-damage|p2a: Clodsire|85/343\n|-boost|p1a: Malamar|atk|1\n|-boost|p1a: Malamar|def|1\n|move|p2a: Clodsire|Recover|p2a: Clodsire\n|-heal|p2a: Clodsire|257/343\n|\n|upkeep\n|turn|8\n|\n|t:|1782808226\n|move|p1a: Malamar|Superpower|p2a: Clodsire\n|-resisted|p2a: Clodsire\n|-damage|p2a: Clodsire|201/343\n|-boost|p1a: Malamar|atk|1\n|-boost|p1a: Malamar|def|1\n|move|p2a: Clodsire|Poison Jab|p1a: Malamar\n|-damage|p1a: Malamar|72/275\n|-status|p1a: Malamar|psn\n|\n|-damage|p1a: Malamar|38/275 psn|[from] psn\n|upkeep\n|turn|9\n|\n|t:|1782808228\n|move|p1a: Malamar|Rest|p1a: Malamar\n|-status|p1a: Malamar|slp|[from] move: Rest\n|-heal|p1a: Malamar|275/275 slp|[silent]\n|-enditem|p1a: Malamar|Chesto Berry|[eat]\n|-curestatus|p1a: Malamar|slp|[msg]\n|move|p2a: Clodsire|Poison Jab|p1a: Malamar\n|-damage|p1a: Malamar|208/275\n|\n|upkeep\n|turn|10\n|\n|t:|1782808232\n|move|p1a: Malamar|Psycho Cut|p2a: Clodsire\n|-damage|p2a: Clodsire|111/343\n|move|p2a: Clodsire|Poison Jab|p1a: Malamar\n|-damage|p1a: Malamar|144/275\n|\n|upkeep\n|turn|11\n|\n|t:|1782808235\n|move|p1a: Malamar|Knock Off|p2a: Clodsire\n|-damage|p2a: Clodsire|32/343\n|move|p2a: Clodsire|Recover|p2a: Clodsire\n|-heal|p2a: Clodsire|204/343\n|\n|upkeep\n|turn|12\n|\n|t:|1782808241\n|move|p1a: Malamar|Knock Off|p2a: Clodsire\n|-damage|p2a: Clodsire|122/343\n|move|p2a: Clodsire|Recover|p2a: Clodsire\n|-heal|p2a: Clodsire|294/343\n|\n|upkeep\n|turn|13\n|\n|t:|1782808243\n|move|p1a: Malamar|Knock Off|p2a: Clodsire\n|-damage|p2a: Clodsire|215/343\n|move|p2a: Clodsire|Poison Jab|p1a: Malamar\n|-damage|p1a: Malamar|72/275\n|\n|upkeep\n|turn|14\n|\n|t:|1782808247\n|move|p1a: Malamar|Rest|p1a: Malamar\n|-status|p1a: Malamar|slp|[from] move: Rest\n|-heal|p1a: Malamar|275/275 slp|[silent]\n|move|p2a: Clodsire|Earthquake|p1a: Malamar\n|-damage|p1a: Malamar|190/275 slp\n|\n|upkeep\n|turn|15\n|\n|t:|1782808261\n|switch|p2a: Hoopa|Hoopa, L85|275/275\n|cant|p1a: Malamar|slp\n|\n|upkeep\n|turn|16\n|inactive|Battle timer is ON: inactive players will automatically lose when time's up. (requested by gothampaladin)\n|\n|t:|1782808280\n|move|p2a: Hoopa|Shadow Ball|p1a: Malamar\n|-damage|p1a: Malamar|0 fnt\n|faint|p1a: Malamar\n|-damage|p2a: Hoopa|248/275|[from] item: Life Orb\n|\n|upkeep\n|\n|t:|1782808286\n|switch|p1a: Klefki|Klefki, L84, F|233/233\n|turn|17\n|\n|t:|1782808294\n|switch|p2a: Jolteon|Jolteon, L84, F|246/246\n|move|p1a: Klefki|Foul Play|p2a: Jolteon\n|-damage|p2a: Jolteon|199/246\n|\n|-heal|p2a: Jolteon|214/246|[from] item: Leftovers\n|upkeep\n|turn|18\n|\n|t:|1782808309\n|switch|p1a: Gogoat|Gogoat, L88, F|360/360\n|-status|p1a: Gogoat|psn\n|move|p2a: Jolteon|Substitute|p2a: Jolteon\n|-start|p2a: Jolteon|Substitute\n|-damage|p2a: Jolteon|153/246\n|\n|-heal|p2a: Jolteon|168/246|[from] item: Leftovers\n|-damage|p1a: Gogoat|315/360 psn|[from] psn\n|upkeep\n|turn|19\n|\n|t:|1782808318\n|move|p2a: Jolteon|Tera Blast|p1a: Gogoat\n|-damage|p1a: Gogoat|254/360 psn\n|move|p1a: Gogoat|Horn Leech|p2a: Jolteon\n|-end|p2a: Jolteon|Substitute\n|-heal|p1a: Gogoat|285/360 psn|[from] drain|[of] p2a: Jolteon\n|\n|-heal|p2a: Jolteon|183/246|[from] item: Leftovers\n|-heal|p1a: Gogoat|307/360 psn|[from] item: Leftovers\n|-damage|p1a: Gogoat|262/360 psn|[from] psn\n|upkeep\n|turn|20\n|\n|t:|1782808328\n|switch|p2a: Araquanid|Araquanid, L82, F|246/246\n|switch|p1a: Maushold|Maushold, L76|238/238\n|-status|p1a: Maushold|psn\n|\n|-damage|p1a: Maushold|209/238 psn|[from] psn\n|upkeep\n|turn|21\n|\n|t:|1782808333\n|move|p1a: Maushold|Tidy Up|p1a: Maushold\n|-sideend|p1: a rabbit|Toxic Spikes\n|-activate|p1a: Maushold|move: Tidy Up\n|-boost|p1a: Maushold|atk|1\n|-boost|p1a: Maushold|spe|1\n|move|p2a: Araquanid|Liquidation|p1a: Maushold\n|-damage|p1a: Maushold|46/238 psn\n|-unboost|p1a: Maushold|def|1\n|\n|-damage|p1a: Maushold|17/238 psn|[from] psn\n|upkeep\n|turn|22\n|\n|t:|1782808338\n|switch|p2a: Duraludon|Duraludon, L82, M|249/249\n|move|p1a: Maushold|Population Bomb|p2a: Duraludon\n|-resisted|p2a: Duraludon\n|-damage|p2a: Duraludon|240/249\n|-resisted|p2a: Duraludon\n|-damage|p2a: Duraludon|232/249\n|-resisted|p2a: Duraludon\n|-damage|p2a: Duraludon|223/249\n|-resisted|p2a: Duraludon\n|-damage|p2a: Duraludon|214/249\n|-resisted|p2a: Duraludon\n|-damage|p2a: Duraludon|206/249\n|-resisted|p2a: Duraludon\n|-damage|p2a: Duraludon|198/249\n|-resisted|p2a: Duraludon\n|-damage|p2a: Duraludon|188/249\n|-resisted|p2a: Duraludon\n|-damage|p2a: Duraludon|179/249\n|-resisted|p2a: Duraludon\n|-damage|p2a: Duraludon|170/249\n|-resisted|p2a: Duraludon\n|-damage|p2a: Duraludon|161/249\n|-hitcount|p2a: Duraludon|10\n|\n|-damage|p1a: Maushold|0 fnt|[from] psn\n|faint|p1a: Maushold\n|upkeep\n|\n|t:|1782808345\n|switch|p1a: Zebstrika|Zebstrika, L87, M|272/272\n|turn|23\n|\n|t:|1782808349\n|-terastallize|p1a: Zebstrika|Ground\n|move|p1a: Zebstrika|High Horsepower|p2a: Duraludon\n|-supereffective|p2a: Duraludon\n|-damage|p2a: Duraludon|10/249\n|-damage|p1a: Zebstrika|245/272|[from] item: Life Orb\n|move|p2a: Duraludon|Draco Meteor|p1a: Zebstrika\n|-damage|p1a: Zebstrika|64/272\n|-unboost|p2a: Duraludon|spa|2\n|\n|upkeep\n|turn|24\n|\n|t:|1782808354\n|move|p1a: Zebstrika|High Horsepower|p2a: Duraludon\n|-supereffective|p2a: Duraludon\n|-damage|p2a: Duraludon|0 fnt\n|faint|p2a: Duraludon\n|-damage|p1a: Zebstrika|37/272|[from] item: Life Orb\n|\n|upkeep\n|\n|t:|1782808366\n|switch|p2a: Jolteon|Jolteon, L84, F|183/246\n|turn|25\n|\n|t:|1782808370\n|switch|p1a: Gogoat|Gogoat, L88, F|262/360 psn\n|move|p2a: Jolteon|Tera Blast|p1a: Gogoat\n|-damage|p1a: Gogoat|200/360 psn\n|\n|-heal|p2a: Jolteon|198/246|[from] item: Leftovers\n|-heal|p1a: Gogoat|222/360 psn|[from] item: Leftovers\n|-damage|p1a: Gogoat|177/360 psn|[from] psn\n|upkeep\n|turn|26\n|\n|t:|1782808379\n|switch|p2a: Araquanid|Araquanid, L82, F|246/246\n|move|p1a: Gogoat|Milk Drink|p1a: Gogoat\n|-heal|p1a: Gogoat|357/360 psn\n|\n|-heal|p1a: Gogoat|360/360 psn|[from] item: Leftovers\n|-damage|p1a: Gogoat|315/360 psn|[from] psn\n|upkeep\n|turn|27\n|\n|t:|1782808384\n|move|p1a: Gogoat|Bulk Up|p1a: Gogoat\n|-boost|p1a: Gogoat|atk|1\n|-boost|p1a: Gogoat|def|1\n|move|p2a: Araquanid|Sticky Web|p1a: Gogoat\n|-sidestart|p1: a rabbit|move: Sticky Web\n|\n|-heal|p1a: Gogoat|337/360 psn|[from] item: Leftovers\n|-damage|p1a: Gogoat|292/360 psn|[from] psn\n|upkeep\n|turn|28\n|\n|t:|1782808390\n|switch|p2a: Clodsire|Clodsire, L81, F, tera:Flying|215/343\n|move|p1a: Gogoat|Horn Leech|p2a: Clodsire\n|-resisted|p2a: Clodsire\n|-damage|p2a: Clodsire|149/343\n|-heal|p1a: Gogoat|325/360 psn|[from] drain|[of] p2a: Clodsire\n|\n|-heal|p1a: Gogoat|347/360 psn|[from] item: Leftovers\n|-damage|p1a: Gogoat|302/360 psn|[from] psn\n|upkeep\n|turn|29\n|\n|t:|1782808397\n|switch|p1a: Azelf|Azelf, L82|257/257\n|move|p2a: Clodsire|Recover|p2a: Clodsire\n|-heal|p2a: Clodsire|321/343\n|\n|upkeep\n|turn|30\n|\n|t:|1782808402\n|switch|p2a: Jolteon|Jolteon, L84, F|198/246\n|move|p1a: Azelf|Psychic|p2a: Jolteon\n|-damage|p2a: Jolteon|72/246\n|-damage|p1a: Azelf|232/257|[from] item: Life Orb\n|\n|-heal|p2a: Jolteon|87/246|[from] item: Leftovers\n|upkeep\n|turn|31\n|\n|t:|1782808407\n|switch|p1a: Gogoat|Gogoat, L88, F|302/360 psn\n|-activate|p1a: Gogoat|move: Sticky Web\n|-unboost|p1a: Gogoat|spe|1\n|move|p2a: Jolteon|Thunderbolt|p1a: Gogoat\n|-resisted|p1a: Gogoat\n|-damage|p1a: Gogoat|251/360 psn\n|\n|-heal|p2a: Jolteon|102/246|[from] item: Leftovers\n|-heal|p1a: Gogoat|273/360 psn|[from] item: Leftovers\n|-damage|p1a: Gogoat|228/360 psn|[from] psn\n|upkeep\n|turn|32\n|\n|t:|1782808412\n|move|p2a: Jolteon|Calm Mind|p2a: Jolteon\n|-boost|p2a: Jolteon|spa|1\n|-boost|p2a: Jolteon|spd|1\n|move|p1a: Gogoat|Horn Leech|p2a: Jolteon\n|-crit|p2a: Jolteon\n|-damage|p2a: Jolteon|0 fnt\n|-heal|p1a: Gogoat|279/360 psn|[from] drain|[of] p2a: Jolteon\n|faint|p2a: Jolteon\n|\n|-heal|p1a: Gogoat|301/360 psn|[from] item: Leftovers\n|-damage|p1a: Gogoat|256/360 psn|[from] psn\n|upkeep\n|\n|t:|1782808416\n|switch|p2a: Kommo-o|Kommo-o, L78, F|245/245\n|turn|33\n|\n|t:|1782808419\n|switch|p1a: Klefki|Klefki, L84, F|233/233\n|-activate|p1a: Klefki|move: Sticky Web\n|-unboost|p1a: Klefki|spe|1\n|move|p2a: Kommo-o|Clangorous Soul|p2a: Kommo-o\n|-boost|p2a: Kommo-o|atk|1\n|-boost|p2a: Kommo-o|def|1\n|-boost|p2a: Kommo-o|spa|1\n|-boost|p2a: Kommo-o|spd|1\n|-boost|p2a: Kommo-o|spe|1\n|-damage|p2a: Kommo-o|165/245\n|-enditem|p2a: Kommo-o|Throat Spray\n|-boost|p2a: Kommo-o|spa|1|[from] item: Throat Spray\n|\n|upkeep\n|turn|34\n|\n|t:|1782808424\n|move|p2a: Kommo-o|Drain Punch|p1a: Klefki\n|-damage|p1a: Klefki|121/233\n|-heal|p2a: Kommo-o|221/245|[from] drain|[of] p1a: Klefki\n|move|p1a: Klefki|Dazzling Gleam|p2a: Kommo-o\n|-supereffective|p2a: Kommo-o\n|-damage|p2a: Kommo-o|25/245\n|\n|-heal|p1a: Klefki|135/233|[from] item: Leftovers\n|upkeep\n|turn|35\n|\n|t:|1782808432\n|move|p2a: Kommo-o|Drain Punch|p1a: Klefki\n|-damage|p1a: Klefki|29/233\n|-heal|p2a: Kommo-o|78/245|[from] drain|[of] p1a: Klefki\n|move|p1a: Klefki|Dazzling Gleam|p2a: Kommo-o\n|-supereffective|p2a: Kommo-o\n|-damage|p2a: Kommo-o|0 fnt\n|faint|p2a: Kommo-o\n|\n|-heal|p1a: Klefki|43/233|[from] item: Leftovers\n|upkeep\n|\n|t:|1782808437\n|switch|p2a: Araquanid|Araquanid, L82, F|246/246\n|turn|36\n|\n|t:|1782808460\n|switch|p1a: Gogoat|Gogoat, L88, F|256/360 psn\n|-activate|p1a: Gogoat|move: Sticky Web\n|-unboost|p1a: Gogoat|spe|1\n|move|p2a: Araquanid|Liquidation|p1a: Gogoat\n|-resisted|p1a: Gogoat\n|-damage|p1a: Gogoat|173/360 psn\n|\n|-heal|p1a: Gogoat|195/360 psn|[from] item: Leftovers\n|-damage|p1a: Gogoat|150/360 psn|[from] psn\n|upkeep\n|turn|37\n|\n|t:|1782808468\n|move|p2a: Araquanid|Leech Life|p1a: Gogoat\n|-supereffective|p1a: Gogoat\n|-damage|p1a: Gogoat|0 fnt\n|faint|p1a: Gogoat\n|\n|upkeep\n|\n|t:|1782808471\n|switch|p1a: Zebstrika|Zebstrika, L87, M, tera:Ground|37/272\n|-activate|p1a: Zebstrika|move: Sticky Web\n|-unboost|p1a: Zebstrika|spe|1\n|turn|38\n|\n|t:|1782808478\n|switch|p2a: Clodsire|Clodsire, L81, F, tera:Flying|321/343\n|move|p1a: Zebstrika|Supercell Slam|p2a: Clodsire\n|-supereffective|p2a: Clodsire\n|-damage|p2a: Clodsire|0 fnt\n|faint|p2a: Clodsire\n|-damage|p1a: Zebstrika|10/272|[from] item: Life Orb\n|\n|upkeep\n|\n|t:|1782808484\n|switch|p2a: Hoopa|Hoopa, L85|248/275\n|turn|39\n|\n|t:|1782808487\n|switch|p1a: Klefki|Klefki, L84, F|43/233\n|-activate|p1a: Klefki|move: Sticky Web\n|-unboost|p1a: Klefki|spe|1\n|move|p2a: Hoopa|Shadow Ball|p1a: Klefki\n|-damage|p1a: Klefki|0 fnt\n|faint|p1a: Klefki\n|-damage|p2a: Hoopa|221/275|[from] item: Life Orb\n|\n|upkeep\n|\n|t:|1782808489\n|switch|p1a: Azelf|Azelf, L82|232/257\n|turn|40\n|\n|t:|1782808495\n|switch|p1a: Zebstrika|Zebstrika, L87, M, tera:Ground|10/272\n|-activate|p1a: Zebstrika|move: Sticky Web\n|-unboost|p1a: Zebstrika|spe|1\n|switch|p2a: Araquanid|Araquanid, L82, F|246/246\n|\n|upkeep\n|turn|41\n|\n|t:|1782808501\n|switch|p2a: Hoopa|Hoopa, L85|221/275\n|move|p1a: Zebstrika|Supercell Slam|p2a: Hoopa|[miss]\n|-miss|p1a: Zebstrika|p2a: Hoopa\n|-damage|p1a: Zebstrika|0 fnt|[from] supercellslam\n|faint|p1a: Zebstrika\n|\n|upkeep\n|-message|a rabbit forfeited.\n|\n|win|gothampaladin\n", "inputlog": ">version f8ac14003a5f27e1bdc8d8c59608a773c1cb96e5\n>start {\"formatid\":\"gen9randombattle\",\"seed\":\"sodium,91a1771dfa7a939717d657587f84d821\",\"rated\":\"Rated battle\"}\n>player p1 {\"name\":\"a rabbit\",\"avatar\":\"#scl2breakers\",\"rating\":2289,\"seed\":\"sodium,3c7113900315438f5978e77b585e7262\"}\n>player p2 {\"name\":\"gothampaladin\",\"avatar\":\"flannery\",\"rating\":2212,\"seed\":\"sodium,d7cff75b74be89569efebb8cddc86b0b\"}\n>p1 switch 2\n>p2 switch 4\n>p1 move superpower\n>p2 move toxicspikes\n>p1 move psychocut\n>p2 move poisonjab\n>p1 move knockoff\n>p2 move recover terastallize\n>p1 move psychocut\n>p2 move recover\n>p1 move psychocut\n>p2 move poisonjab\n>p1 move superpower\n>p2 move recover\n>p1 move superpower\n>p2 move poisonjab\n>p1 move rest\n>p2 move poisonjab\n>p1 move psychocut\n>p2 move poisonjab\n>p1 move knockoff\n>p2 move recover\n>p1 move knockoff\n>p2 move recover\n>p1 move knockoff\n>p2 move poisonjab\n>p1 move rest\n>p2 move earthquake\n>p1 move knockoff\n>p2 switch 4\n>p1 move knockoff\n>p2 move shadowball\n>p1 switch 5\n>p1 move foulplay\n>p2 switch 6\n>p1 switch 4\n>p2 move substitute\n>p1 move hornleech\n>p2 move terablast\n>p1 switch 3\n>p2 switch 2\n>p1 move tidyup\n>p2 move liquidation\n>p1 move populationbomb\n>p2 switch 5\n>p1 switch 2\n>p1 move highhorsepower terastallize\n>p2 move dracometeor\n>p1 move highhorsepower\n>p2 move bodypress\n>p2 switch 2\n>p1 switch 3\n>p2 move terablast\n>p1 move milkdrink\n>p2 switch 5\n>p1 move bulkup\n>p2 move stickyweb\n>p1 move hornleech\n>p2 switch 4\n>p1 switch 6\n>p2 move recover\n>p1 move psychic\n>p2 switch 5\n>p1 switch 6\n>p2 move thunderbolt\n>p1 move hornleech\n>p2 move calmmind\n>p2 switch 3\n>p1 switch 4\n>p2 move clangoroussoul\n>p1 move dazzlinggleam\n>p2 move drainpunch\n>p1 move dazzlinggleam\n>p2 move drainpunch\n>p2 switch 4\n>p1 switch 4\n>p2 move liquidation\n>p1 move hornleech\n>p2 move leechlife\n>p1 switch 3\n>p1 move supercellslam\n>p2 switch 5\n>p2 switch 6\n>p1 switch 4\n>p2 move shadowball\n>p1 switch 6\n>p1 switch 4\n>p2 switch 5\n>p1 move supercellslam\n>p2 switch 5\n>forcelose p1", "uploadtime": 1782808172, "views": 3, "formatid": "gen9randombattle", "rating": null, "private": 0, "password": null, "player_dets": [{"name": "a rabbit", "avatar": "#scl2breakers", "rating": 2289, "seed": "sodium,3c7113900315438f5978e77b585e7262"}, {"name": "gothampaladin", "avatar": "flannery", "rating": 2212, "seed": "sodium,d7cff75b74be89569efebb8cddc86b0b"}], "teams_full": [{"Zebstrika": {"name": "Zebstrika", "species": "Zebstrika", "speciesId": "zebstrika", "gender": "M", "shiny": false, "level": 87, "moves": ["supercellslam", "voltswitch", "overheat", "highhorsepower"], "ability": "Sap Sipper", "evs": {"hp": 85, "atk": 85, "def": 85, "spa": 85, "spd": 85, "spe": 85}, "ivs": {"hp": 31, "atk": 31, "def": 31, "spa": 31, "spd": 31, "spe": 31}, "item": "Life Orb", "teraType": "Ground", "role": "Fast Attacker", "bvs": {"hp": 75, "atk": 100, "def": 63, "spa": 80, "spd": 63, "spe": 116}, "stats": {"hp": 272, "atk": 224, "def": 159, "spa": 189, "spd": 159, "spe": 252}, "types": ["Electric"]}, "Malamar": {"name": "Malamar", "species": "Malamar", "speciesId": "malamar", "gender": "M", "shiny": false, "level": 82, "moves": ["knockoff", "superpower", "psychocut", "rest"], "ability": "Contrary", "evs": {"hp": 85, "atk": 85, "def": 85, "spa": 85, "spd": 85, "spe": 85}, "ivs": {"hp": 31, "atk": 31, "def": 31, "spa": 31, "spd": 31, "spe": 31}, "item": "Chesto Berry", "teraType": "Fighting", "role": "Fast Bulky Setup", "bvs": {"hp": 86, "atk": 92, "def": 88, "spa": 68, "spd": 75, "spe": 73}, "stats": {"hp": 275, "atk": 198, "def": 191, "spa": 159, "spd": 170, "spe": 167}, "types": ["Dark", "Psychic"]}, "Maushold": {"name": "Maushold", "species": "Maushold", "speciesId": "maushold", "gender": "N", "shiny": false, "level": 76, "moves": ["populationbomb", "tidyup", "encore", "bite"], "ability": "Technician", "evs": {"hp": 85, "atk": 85, "def": 85, "spa": 85, "spd": 85, "spe": 85}, "ivs": {"hp": 31, "atk": 31, "def": 31, "spa": 31, "spd": 31, "spe": 31}, "item": "Wide Lens", "teraType": "Ghost", "role": "Setup Sweeper", "bvs": {"hp": 74, "atk": 75, "def": 70, "spa": 65, "spd": 75, "spe": 111}, "stats": {"hp": 238, "atk": 158, "def": 150, "spa": 143, "spd": 158, "spe": 213}, "types": ["Normal"]}, "Gogoat": {"name": "Gogoat", "species": "Gogoat", "speciesId": "gogoat", "gender": "F", "shiny": false, "level": 88, "moves": ["hornleech", "milkdrink", "bulkup", "earthquake"], "ability": "Sap Sipper", "evs": {"hp": 85, "atk": 85, "def": 85, "spa": 85, "spd": 85, "spe": 85}, "ivs": {"hp": 31, "atk": 31, "def": 31, "spa": 31, "spd": 31, "spe": 31}, "item": "Leftovers", "teraType": "Ground", "role": "Bulky Setup", "bvs": {"hp": 123, "atk": 100, "def": 62, "spa": 97, "spd": 81, "spe": 68}, "stats": {"hp": 360, "atk": 226, "def": 159, "spa": 221, "spd": 193, "spe": 170}, "types": ["Grass"]}, "Klefki": {"name": "Klefki", "species": "Klefki", "speciesId": "klefki", "gender": "F", "shiny": false, "level": 84, "moves": ["foulplay", "thunderwave", "dazzlinggleam", "spikes"], "ability": "Prankster", "evs": {"hp": 85, "atk": 0, "def": 85, "spa": 85, "spd": 85, "spe": 85}, "ivs": {"hp": 31, "atk": 0, "def": 31, "spa": 31, "spd": 31, "spe": 31}, "item": "Leftovers", "teraType": "Flying", "role": "Bulky Attacker", "bvs": {"hp": 57, "atk": 80, "def": 91, "spa": 80, "spd": 87, "spe": 75}, "stats": {"hp": 233, "atk": 139, "def": 201, "spa": 183, "spd": 194, "spe": 174}, "types": ["Steel", "Fairy"]}, "Azelf": {"name": "Azelf", "species": "Azelf", "speciesId": "azelf", "gender": "N", "shiny": false, "level": 82, "moves": ["taunt", "explosion", "psychic", "fireblast"], "ability": "Levitate", "evs": {"hp": 85, "atk": 85, "def": 85, "spa": 85, "spd": 85, "spe": 85}, "ivs": {"hp": 31, "atk": 31, "def": 31, "spa": 31, "spd": 31, "spe": 31}, "item": "Life Orb", "teraType": "Fire", "role": "Fast Support", "bvs": {"hp": 75, "atk": 125, "def": 70, "spa": 125, "spd": 70, "spe": 115}, "stats": {"hp": 257, "atk": 252, "def": 162, "spa": 252, "spd": 162, "spe": 236}, "types": ["Psychic"]}}, {"Hoopa": {"name": "Hoopa", "species": "Hoopa", "speciesId": "hoopa", "gender": "N", "shiny": false, "level": 85, "moves": ["nastyplot", "psyshock", "focusblast", "shadowball"], "ability": "Magician", "evs": {"hp": 85, "atk": 0, "def": 85, "spa": 85, "spd": 85, "spe": 85}, "ivs": {"hp": 31, "atk": 0, "def": 31, "spa": 31, "spd": 31, "spe": 31}, "item": "Life Orb", "teraType": "Fighting", "role": "Fast Attacker", "bvs": {"hp": 80, "atk": 110, "def": 60, "spa": 150, "spd": 130, "spe": 70}, "stats": {"hp": 275, "atk": 192, "def": 151, "spa": 304, "spd": 270, "spe": 168}, "types": ["Psychic", "Ghost"]}, "Araquanid": {"name": "Araquanid", "species": "Araquanid", "speciesId": "araquanid", "gender": "F", "shiny": false, "level": 82, "moves": ["stickyweb", "hydropump", "leechlife", "liquidation"], "ability": "Water Bubble", "evs": {"hp": 85, "atk": 85, "def": 85, "spa": 85, "spd": 85, "spe": 85}, "ivs": {"hp": 31, "atk": 31, "def": 31, "spa": 31, "spd": 31, "spe": 31}, "item": "Heavy-Duty Boots", "teraType": "Water", "role": "Bulky Attacker", "bvs": {"hp": 68, "atk": 70, "def": 92, "spa": 50, "spd": 132, "spe": 42}, "stats": {"hp": 246, "atk": 162, "def": 198, "spa": 129, "spd": 264, "spe": 116}, "types": ["Water", "Bug"]}, "Kommo-o": {"name": "Kommo-o", "species": "Kommo-o", "speciesId": "kommoo", "gender": "F", "shiny": false, "level": 78, "moves": ["drainpunch", "clangingscales", "clangoroussoul", "boomburst"], "ability": "Soundproof", "evs": {"hp": 85, "atk": 85, "def": 85, "spa": 85, "spd": 85, "spe": 85}, "ivs": {"hp": 31, "atk": 31, "def": 31, "spa": 31, "spd": 31, "spe": 31}, "item": "Throat Spray", "teraType": "Normal", "role": "Fast Bulky Setup", "bvs": {"hp": 75, "atk": 110, "def": 125, "spa": 100, "spd": 105, "spe": 85}, "stats": {"hp": 245, "atk": 217, "def": 240, "spa": 201, "spd": 209, "spe": 178}, "types": ["Dragon", "Fighting"]}, "Clodsire": {"name": "Clodsire", "species": "Clodsire", "speciesId": "clodsire", "gender": "F", "shiny": false, "level": 81, "moves": ["poisonjab", "toxicspikes", "recover", "earthquake"], "ability": "Unaware", "evs": {"hp": 85, "atk": 85, "def": 85, "spa": 85, "spd": 85, "spe": 85}, "ivs": {"hp": 31, "atk": 31, "def": 31, "spa": 31, "spd": 31, "spe": 31}, "item": "Leftovers", "teraType": "Flying", "role": "Bulky Attacker", "bvs": {"hp": 130, "atk": 75, "def": 60, "spa": 45, "spd": 100, "spe": 20}, "stats": {"hp": 343, "atk": 168, "def": 144, "spa": 120, "spd": 209, "spe": 79}, "types": ["Poison", "Ground"]}, "Duraludon": {"name": "Duraludon", "species": "Duraludon", "speciesId": "duraludon", "gender": "M", "shiny": false, "level": 82, "moves": ["bodypress", "dracometeor", "thunderwave", "flashcannon"], "ability": "Light Metal", "evs": {"hp": 85, "atk": 0, "def": 85, "spa": 85, "spd": 85, "spe": 85}, "ivs": {"hp": 31, "atk": 0, "def": 31, "spa": 31, "spd": 31, "spe": 31}, "item": "Eviolite", "teraType": "Fighting", "role": "Bulky Attacker", "bvs": {"hp": 70, "atk": 95, "def": 115, "spa": 120, "spd": 50, "spe": 85}, "stats": {"hp": 249, "atk": 160, "def": 236, "spa": 244, "spd": 129, "spe": 187}, "types": ["Steel", "Dragon"]}, "Jolteon": {"name": "Jolteon", "species": "Jolteon", "speciesId": "jolteon", "gender": "F", "shiny": false, "level": 84, "moves": ["thunderbolt", "calmmind", "terablast", "substitute"], "ability": "Volt Absorb", "evs": {"hp": 85, "atk": 0, "def": 85, "spa": 85, "spd": 85, "spe": 85}, "ivs": {"hp": 31, "atk": 0, "def": 31, "spa": 31, "spd": 31, "spe": 31}, "item": "Leftovers", "teraType": "Ice", "role": "Tera Blast user", "bvs": {"hp": 65, "atk": 65, "def": 60, "spa": 110, "spd": 95, "spe": 130}, "stats": {"hp": 246, "atk": 114, "def": 149, "spa": 233, "spd": 208, "spe": 267}, "types": ["Electric"]}}]}