{"id": "gen9randombattle-2641672719", "format": "[Gen 9] Random Battle", "players": ["LizarDune", "Mr.Superfreak"], "log": "|badge|p1|bronze|gen9randombattle|100-9\n|html|<div class=\"broadcast-red\"><strong>This battle is required to be public due to one or more player having a season medal.</strong><br />During the public phase, you can discuss the state of the ladder <a href=\"/seasondiscussion\">in a special chatroom.</a></div>\n|uhtml|medal-msg|<div class=\"broadcast-blue\">Curious what those medals under the avatar are? PS now has Ladder Seasons! For more information, check out the <a href=\"https://www.smogon.com/forums/threads/3740067/\">thread on Smogon.</a></div>\n|badge|p2|bronze|gen9randombattle|100-9\n|uhtml|medal-msg|<div class=\"broadcast-blue\">Curious what those medals under the avatar are? PS now has Ladder Seasons! For more information, check out the <a href=\"https://www.smogon.com/forums/threads/3740067/\">thread on Smogon.</a></div>\n|j|\u2606LizarDune\n|j|\u2606Mr.Superfreak\n|t:|1782828016\n|gametype|singles\n|player|p1|LizarDune|musician|2294\n|player|p2|Mr.Superfreak|ballguy|2351\n|gen|9\n|tier|[Gen 9] Random Battle\n|rated|\n|rule|Species Clause: Limit one of each Pok\u00e9mon\n|rule|HP Percentage Mod: HP is shown in percentages\n|rule|Sleep Clause Mod: Limit one foe put to sleep\n|rule|Illusion Level Mod: Illusion disguises the Pok\u00e9mon's true level\n|\n|t:|1782828016\n|teamsize|p1|6\n|teamsize|p2|6\n|start\n|switch|p1a: Ursaring|Ursaring, L84, F|288/288\n|switch|p2a: Cloyster|Cloyster, L80, M|211/211\n|turn|1\n|inactive|Battle timer is ON: inactive players will automatically lose when time's up. (requested by LizarDune)\n|\n|t:|1782828034\n|switch|p1a: Gothitelle|Gothitelle, L90, F|272/272\n|move|p2a: Cloyster|Shell Smash|p2a: Cloyster\n|-unboost|p2a: Cloyster|def|1\n|-unboost|p2a: Cloyster|spd|1\n|-boost|p2a: Cloyster|atk|2\n|-boost|p2a: Cloyster|spa|2\n|-boost|p2a: Cloyster|spe|2\n|-enditem|p2a: Cloyster|White Herb\n|-clearnegativeboost|p2a: Cloyster|[silent]\n|\n|upkeep\n|turn|2\n|\n|t:|1782828049\n|move|p2a: Cloyster|Icicle Spear|p1a: Gothitelle\n|-damage|p1a: Gothitelle|232/272\n|-damage|p1a: Gothitelle|187/272\n|-damage|p1a: Gothitelle|144/272\n|-damage|p1a: Gothitelle|98/272\n|-crit|p1a: Gothitelle\n|-damage|p1a: Gothitelle|28/272\n|-hitcount|p1a: Gothitelle|5\n|move|p1a: Gothitelle|Thunderbolt|p2a: Cloyster\n|-supereffective|p2a: Cloyster\n|-crit|p2a: Cloyster\n|-damage|p2a: Cloyster|0 fnt\n|faint|p2a: Cloyster\n|\n|-heal|p1a: Gothitelle|45/272|[from] item: Leftovers\n|upkeep\n|\n|t:|1782828058\n|switch|p2a: Minun|Minun, L95, F|268/268\n|turn|3\n|\n|t:|1782828078\n|switch|p1a: Ursaring|Ursaring, L84, F|288/288\n|move|p2a: Minun|Nasty Plot|p2a: Minun\n|-boost|p2a: Minun|spa|2\n|\n|upkeep\n|turn|4\n|\n|t:|1782828082\n|-terastallize|p2a: Minun|Grass\n|move|p2a: Minun|Thunderbolt|p1a: Ursaring\n|-damage|p1a: Ursaring|92/288\n|-damage|p2a: Minun|242/268|[from] item: Life Orb\n|move|p1a: Ursaring|Earthquake|p2a: Minun\n|-resisted|p2a: Minun\n|-damage|p2a: Minun|179/268\n|\n|upkeep\n|turn|5\n|\n|t:|1782828091\n|switch|p1a: Gothitelle|Gothitelle, L90, F|45/272\n|move|p2a: Minun|Thunderbolt|p1a: Gothitelle\n|-damage|p1a: Gothitelle|0 fnt\n|faint|p1a: Gothitelle\n|-damage|p2a: Minun|153/268|[from] item: Life Orb\n|\n|upkeep\n|j| AbrarS\n|\n|t:|1782828101\n|switch|p1a: Iron Moth|Iron Moth, L78|253/253\n|turn|6\n|\n|t:|1782828104\n|move|p2a: Minun|Thunderbolt|p1a: Iron Moth\n|-damage|p1a: Iron Moth|10/253\n|-damage|p2a: Minun|127/268|[from] item: Life Orb\n|move|p1a: Iron Moth|Sludge Wave|p2a: Minun\n|-supereffective|p2a: Minun\n|-damage|p2a: Minun|0 fnt\n|faint|p2a: Minun\n|\n|upkeep\n|\n|t:|1782828110\n|switch|p2a: Latias|Latias, L79, F|256/256\n|turn|7\n|\n|t:|1782828119\n|move|p2a: Latias|Psyshock|p1a: Iron Moth\n|-supereffective|p1a: Iron Moth\n|-damage|p1a: Iron Moth|0 fnt\n|faint|p1a: Iron Moth\n|-end|p1a: Iron Moth|Quark Drive|[silent]\n|\n|upkeep\n|\n|t:|1782828133\n|switch|p1a: Morpeko|Morpeko, L88, F|245/245\n|turn|8\n|\n|t:|1782828142\n|move|p1a: Morpeko|Knock Off|p2a: Latias\n|-supereffective|p2a: Latias\n|-damage|p2a: Latias|14/256\n|-enditem|p2a: Latias|Soul Dew|[from] move: Knock Off|[of] p1a: Morpeko\n|move|p2a: Latias|Draco Meteor|p1a: Morpeko\n|-damage|p1a: Morpeko|83/245\n|-unboost|p2a: Latias|spa|2\n|\n|-heal|p1a: Morpeko|98/245|[from] item: Leftovers\n|-formechange|p1a: Morpeko|Morpeko-Hangry||[from] ability: Hunger Switch\n|upkeep\n|turn|9\n|j| PKV Pokevin\n|\n|t:|1782828157\n|move|p1a: Morpeko|Aura Wheel|p2a: Latias\n|-supereffective|p2a: Latias\n|-damage|p2a: Latias|0 fnt\n|-boost|p1a: Morpeko|spe|1\n|faint|p2a: Latias\n|\n|-heal|p1a: Morpeko|113/245|[from] item: Leftovers\n|-formechange|p1a: Morpeko|Morpeko||[from] ability: Hunger Switch\n|upkeep\n|\n|t:|1782828161\n|switch|p2a: Scovillain|Scovillain, L91, M|266/266\n|turn|10\n|\n|t:|1782828174\n|move|p1a: Morpeko|Knock Off|p2a: Scovillain\n|-damage|p2a: Scovillain|142/266\n|-enditem|p2a: Scovillain|Heavy-Duty Boots|[from] move: Knock Off|[of] p1a: Morpeko\n|move|p2a: Scovillain|Energy Ball|p1a: Morpeko\n|-damage|p1a: Morpeko|0 fnt\n|faint|p1a: Morpeko\n|\n|upkeep\n|\n|t:|1782828195\n|switch|p1a: Comfey|Comfey, L85, F|225/225\n|turn|11\n|\n|t:|1782828199\n|switch|p2a: Hypno|Hypno, L95, M|315/315\n|move|p1a: Comfey|Calm Mind|p1a: Comfey\n|-boost|p1a: Comfey|spa|1\n|-boost|p1a: Comfey|spd|1\n|\n|upkeep\n|turn|12\n|\n|t:|1782828206\n|switch|p1a: Ursaring|Ursaring, L84, F|92/288\n|move|p2a: Hypno|Toxic|p1a: Ursaring\n|-status|p1a: Ursaring|tox\n|\n|-damage|p1a: Ursaring|74/288 tox|[from] psn\n|upkeep\n|turn|13\n|\n|t:|1782828210\n|move|p2a: Hypno|Psychic Noise|p1a: Ursaring\n|-crit|p1a: Ursaring\n|-damage|p1a: Ursaring|0 fnt\n|faint|p1a: Ursaring\n|\n|upkeep\n|\n|t:|1782828212\n|switch|p1a: Vigoroth|Vigoroth, L85, F|275/275\n|turn|14\n|\n|t:|1782828225\n|move|p1a: Vigoroth|Knock Off|p2a: Hypno\n|-supereffective|p2a: Hypno\n|-damage|p2a: Hypno|179/315\n|-enditem|p2a: Hypno|Leftovers|[from] move: Knock Off|[of] p1a: Vigoroth\n|move|p2a: Hypno|Toxic|p1a: Vigoroth\n|-status|p1a: Vigoroth|tox\n|\n|-damage|p1a: Vigoroth|258/275 tox|[from] psn\n|upkeep\n|turn|15\n|\n|t:|1782828248\n|switch|p2a: Pelipper|Pelipper, L86, F|243/243\n|-weather|RainDance|[from] ability: Drizzle|[of] p2a: Pelipper\n|move|p1a: Vigoroth|Body Slam|p2a: Pelipper\n|-damage|p2a: Pelipper|171/243\n|\n|-weather|RainDance|[upkeep]\n|-damage|p1a: Vigoroth|224/275 tox|[from] psn\n|upkeep\n|turn|16\n|\n|t:|1782828266\n|move|p1a: Vigoroth|Knock Off|p2a: Pelipper\n|-crit|p2a: Pelipper\n|-damage|p2a: Pelipper|93/243\n|-enditem|p2a: Pelipper|Choice Specs|[from] move: Knock Off|[of] p1a: Vigoroth\n|move|p2a: Pelipper|Weather Ball|p1a: Vigoroth\n|-damage|p1a: Vigoroth|79/275 tox\n|\n|-weather|RainDance|[upkeep]\n|-damage|p1a: Vigoroth|28/275 tox|[from] psn\n|upkeep\n|turn|17\n|\n|t:|1782828270\n|move|p1a: Vigoroth|Knock Off|p2a: Pelipper\n|-damage|p2a: Pelipper|53/243\n|move|p2a: Pelipper|U-turn|p1a: Vigoroth\n|-damage|p1a: Vigoroth|5/275 tox\n|\n|t:|1782828273\n|switch|p2a: Hypno|Hypno, L95, M|179/315|[from] U-turn\n|\n|-weather|RainDance|[upkeep]\n|-damage|p1a: Vigoroth|0 fnt|[from] psn\n|faint|p1a: Vigoroth\n|upkeep\n|\n|t:|1782828275\n|switch|p1a: Comfey|Comfey, L85, F|225/225\n|turn|18\n|\n|t:|1782828279\n|move|p1a: Comfey|Calm Mind|p1a: Comfey\n|-boost|p1a: Comfey|spa|1\n|-boost|p1a: Comfey|spd|1\n|move|p2a: Hypno|Toxic|p1a: Comfey|[miss]\n|-miss|p2a: Hypno|p1a: Comfey\n|\n|-weather|RainDance|[upkeep]\n|upkeep\n|turn|19\n|\n|t:|1782828287\n|move|p1a: Comfey|Calm Mind|p1a: Comfey\n|-boost|p1a: Comfey|spa|1\n|-boost|p1a: Comfey|spd|1\n|move|p2a: Hypno|Toxic|p1a: Comfey|[miss]\n|-miss|p2a: Hypno|p1a: Comfey\n|\n|-weather|none\n|upkeep\n|turn|20\n|\n|t:|1782828294\n|-terastallize|p1a: Comfey|Ground\n|move|p1a: Comfey|Tera Blast|p2a: Hypno|[anim] Tera Blast Ground\n|-damage|p2a: Hypno|59/315\n|move|p2a: Hypno|Psychic Noise|p1a: Comfey\n|-damage|p1a: Comfey|188/225\n|-start|p1a: Comfey|move: Heal Block\n|\n|upkeep\n|turn|21\n|\n|t:|1782828298\n|move|p1a: Comfey|Tera Blast|p2a: Hypno|[anim] Tera Blast Ground\n|-damage|p2a: Hypno|0 fnt\n|faint|p2a: Hypno\n|\n|-end|p1a: Comfey|move: Heal Block\n|upkeep\n|\n|t:|1782828301\n|switch|p2a: Scovillain|Scovillain, L91, M|142/266\n|turn|22\n|\n|t:|1782828304\n|move|p1a: Comfey|Tera Blast|p2a: Scovillain|[anim] Tera Blast Ground\n|-damage|p2a: Scovillain|0 fnt\n|faint|p2a: Scovillain\n|\n|-heal|p1a: Comfey|202/225|[from] item: Leftovers\n|upkeep\n|\n|t:|1782828306\n|switch|p2a: Pelipper|Pelipper, L86, F|53/243\n|-weather|RainDance|[from] ability: Drizzle|[of] p2a: Pelipper\n|turn|23\n|\n|t:|1782828309\n|move|p1a: Comfey|Draining Kiss|p2a: Pelipper\n|-damage|p2a: Pelipper|0 fnt\n|-heal|p1a: Comfey|225/225|[from] drain|[of] p2a: Pelipper\n|faint|p2a: Pelipper\n|\n|win|LizarDune\n", "inputlog": ">version f8ac14003a5f27e1bdc8d8c59608a773c1cb96e5\n>start {\"formatid\":\"gen9randombattle\",\"seed\":\"sodium,725840ae6335f66fd0820188ae33f750\",\"rated\":\"Rated battle\"}\n>player p1 {\"name\":\"LizarDune\",\"avatar\":\"musician\",\"rating\":2294,\"seed\":\"sodium,864112ea4c389b4d4c941f93bd83cefb\"}\n>player p2 {\"name\":\"Mr.Superfreak\",\"avatar\":\"ballguy\",\"rating\":2351,\"seed\":\"sodium,914bfeed6cc4d9370cacd7bfd04b29e6\"}\n>p1 switch 2\n>p2 move shellsmash\n>p1 move thunderbolt\n>p2 move iciclespear\n>p2 switch 6\n>p1 switch 2\n>p2 move nastyplot\n>p1 move earthquake\n>p2 move thunderbolt terastallize\n>p1 switch 2\n>p2 move thunderbolt\n>p1 switch 6\n>p1 move sludgewave\n>p2 move thunderbolt\n>p2 switch 2\n>p1 move sludgewave\n>p2 move psyshock\n>p1 switch 4\n>p1 move knockoff\n>p2 move dracometeor\n>p1 move aurawheel\n>p2 move psyshock\n>p2 switch 4\n>p1 move knockoff\n>p2 move energyball\n>p1 switch 5\n>p1 move calmmind\n>p2 switch 5\n>p1 switch 2\n>p2 move toxic\n>p1 move bodyslam\n>p2 move psychicnoise\n>p1 switch 3\n>p1 move knockoff\n>p2 move toxic\n>p1 move bodyslam\n>p2 switch 3\n>p1 move knockoff\n>p2 move weatherball\n>p1 move knockoff\n>p2 move uturn\n>p2 switch 3\n>p1 switch 2\n>p1 move calmmind\n>p2 move toxic\n>p1 move calmmind\n>p2 move toxic\n>p1 move terablast terastallize\n>p2 move psychicnoise\n>p1 move terablast\n>p2 move toxic\n>p2 switch 5\n>p1 move terablast\n>p2 move sunnyday\n>p2 switch 3\n>p1 move drainingkiss\n>p2 move weatherball", "uploadtime": 1782828019, "views": 7, "formatid": "gen9randombattle", "rating": null, "private": 0, "password": null, "player_dets": [{"name": "LizarDune", "avatar": "musician", "rating": 2294, "seed": "sodium,864112ea4c389b4d4c941f93bd83cefb"}, {"name": "Mr.Superfreak", "avatar": "ballguy", "rating": 2351, "seed": "sodium,914bfeed6cc4d9370cacd7bfd04b29e6"}], "teams_full": [{"Ursaring": {"name": "Ursaring", "species": "Ursaring", "speciesId": "ursaring", "gender": "F", "shiny": false, "level": 84, "moves": ["bodyslam", "rest", "earthquake", "sleeptalk"], "ability": "Guts", "evs": {"hp": 85, "atk": 85, "def": 85, "spa": 85, "spd": 85, "spe": 85}, "ivs": {"hp": 31, "atk": 31, "def": 31, "spa": 31, "spd": 31, "spe": 31}, "item": "Eviolite", "teraType": "Ground", "role": "Bulky Attacker", "bvs": {"hp": 90, "atk": 130, "def": 75, "spa": 75, "spd": 75, "spe": 55}, "stats": {"hp": 288, "atk": 267, "def": 174, "spa": 174, "spd": 174, "spe": 141}, "types": ["Normal"]}, "Gothitelle": {"name": "Gothitelle", "species": "Gothitelle", "speciesId": "gothitelle", "gender": "F", "shiny": false, "level": 90, "moves": ["darkpulse", "calmmind", "thunderbolt", "psychicnoise"], "ability": "Shadow Tag", "evs": {"hp": 85, "atk": 0, "def": 85, "spa": 85, "spd": 85, "spe": 85}, "ivs": {"hp": 31, "atk": 0, "def": 31, "spa": 31, "spd": 31, "spe": 31}, "item": "Leftovers", "teraType": "Flying", "role": "Bulky Setup", "bvs": {"hp": 70, "atk": 55, "def": 95, "spa": 95, "spd": 110, "spe": 65}, "stats": {"hp": 272, "atk": 104, "def": 222, "spa": 222, "spd": 249, "spe": 168}, "types": ["Psychic"]}, "Vigoroth": {"name": "Vigoroth", "species": "Vigoroth", "speciesId": "vigoroth", "gender": "F", "shiny": false, "level": 85, "moves": ["bulkup", "slackoff", "knockoff", "bodyslam"], "ability": "Vital Spirit", "evs": {"hp": 85, "atk": 85, "def": 85, "spa": 85, "spd": 85, "spe": 85}, "ivs": {"hp": 31, "atk": 31, "def": 31, "spa": 31, "spd": 31, "spe": 31}, "item": "Eviolite", "teraType": "Ghost", "role": "Bulky Setup", "bvs": {"hp": 80, "atk": 80, "def": 80, "spa": 55, "spd": 55, "spe": 90}, "stats": {"hp": 275, "atk": 185, "def": 185, "spa": 142, "spd": 142, "spe": 202}, "types": ["Normal"]}, "Morpeko": {"name": "Morpeko", "species": "Morpeko", "speciesId": "morpeko", "gender": "F", "shiny": false, "level": 88, "moves": ["knockoff", "protect", "aurawheel", "rapidspin"], "ability": "Hunger Switch", "evs": {"hp": 85, "atk": 85, "def": 85, "spa": 85, "spd": 85, "spe": 85}, "ivs": {"hp": 31, "atk": 31, "def": 31, "spa": 31, "spd": 31, "spe": 31}, "item": "Leftovers", "teraType": "Electric", "role": "Bulky Attacker", "bvs": {"hp": 58, "atk": 95, "def": 58, "spa": 70, "spd": 58, "spe": 97}, "stats": {"hp": 245, "atk": 217, "def": 152, "spa": 173, "spd": 152, "spe": 221}, "types": ["Electric", "Dark"]}, "Comfey": {"name": "Comfey", "species": "Comfey", "speciesId": "comfey", "gender": "F", "shiny": false, "level": 85, "moves": ["drainingkiss", "terablast", "calmmind", "synthesis"], "ability": "Triage", "evs": {"hp": 85, "atk": 0, "def": 85, "spa": 85, "spd": 85, "spe": 85}, "ivs": {"hp": 31, "atk": 0, "def": 31, "spa": 31, "spd": 31, "spe": 31}, "item": "Leftovers", "teraType": "Ground", "role": "Tera Blast user", "bvs": {"hp": 51, "atk": 52, "def": 90, "spa": 82, "spd": 110, "spe": 100}, "stats": {"hp": 225, "atk": 93, "def": 202, "spa": 188, "spd": 236, "spe": 219}, "types": ["Fairy"]}, "Iron Moth": {"name": "Iron Moth", "species": "Iron Moth", "speciesId": "ironmoth", "gender": "N", "shiny": false, "level": 78, "moves": ["fireblast", "morningsun", "energyball", "sludgewave"], "ability": "Quark Drive", "evs": {"hp": 85, "atk": 0, "def": 85, "spa": 85, "spd": 85, "spe": 85}, "ivs": {"hp": 31, "atk": 0, "def": 31, "spa": 31, "spd": 31, "spe": 31}, "item": "Heavy-Duty Boots", "teraType": "Fire", "role": "Fast Attacker", "bvs": {"hp": 80, "atk": 70, "def": 60, "spa": 140, "spd": 110, "spe": 110}, "stats": {"hp": 253, "atk": 114, "def": 139, "spa": 263, "spd": 217, "spe": 217}, "types": ["Fire", "Poison"]}}, {"Cloyster": {"name": "Cloyster", "species": "Cloyster", "speciesId": "cloyster", "gender": "M", "shiny": false, "level": 80, "moves": ["iciclespear", "rockblast", "drillrun", "shellsmash"], "ability": "Skill Link", "evs": {"hp": 85, "atk": 85, "def": 85, "spa": 85, "spd": 85, "spe": 85}, "ivs": {"hp": 31, "atk": 31, "def": 31, "spa": 31, "spd": 31, "spe": 31}, "item": "White Herb", "teraType": "Ground", "role": "Fast Attacker", "bvs": {"hp": 50, "atk": 95, "def": 180, "spa": 85, "spd": 45, "spe": 70}, "stats": {"hp": 211, "atk": 198, "def": 334, "spa": 182, "spd": 118, "spe": 158}, "types": ["Water", "Ice"]}, "Latias": {"name": "Latias", "species": "Latias", "speciesId": "latias", "gender": "F", "shiny": false, "level": 79, "moves": ["psyshock", "dracometeor", "calmmind", "recover"], "ability": "Levitate", "evs": {"hp": 85, "atk": 0, "def": 85, "spa": 85, "spd": 85, "spe": 85}, "ivs": {"hp": 31, "atk": 0, "def": 31, "spa": 31, "spd": 31, "spe": 31}, "item": "Soul Dew", "teraType": "Steel", "role": "Fast Bulky Setup", "bvs": {"hp": 80, "atk": 80, "def": 90, "spa": 110, "spd": 130, "spe": 110}, "stats": {"hp": 256, "atk": 131, "def": 188, "spa": 219, "spd": 251, "spe": 219}, "types": ["Dragon", "Psychic"]}, "Pelipper": {"name": "Pelipper", "species": "Pelipper", "speciesId": "pelipper", "gender": "F", "shiny": false, "level": 86, "moves": ["hurricane", "weatherball", "uturn", "hydropump"], "ability": "Drizzle", "evs": {"hp": 85, "atk": 85, "def": 85, "spa": 85, "spd": 85, "spe": 85}, "ivs": {"hp": 31, "atk": 31, "def": 31, "spa": 31, "spd": 31, "spe": 31}, "item": "Choice Specs", "teraType": "Water", "role": "Wallbreaker", "bvs": {"hp": 60, "atk": 50, "def": 100, "spa": 95, "spd": 70, "spe": 65}, "stats": {"hp": 243, "atk": 135, "def": 221, "spa": 213, "spd": 170, "spe": 161}, "types": ["Water", "Flying"]}, "Scovillain": {"name": "Scovillain", "species": "Scovillain", "speciesId": "scovillain", "gender": "M", "shiny": false, "level": 91, "moves": ["stompingtantrum", "fireblast", "sunnyday", "energyball"], "ability": "Chlorophyll", "evs": {"hp": 85, "atk": 85, "def": 85, "spa": 85, "spd": 85, "spe": 85}, "ivs": {"hp": 31, "atk": 31, "def": 31, "spa": 31, "spd": 31, "spe": 31}, "item": "Heavy-Duty Boots", "teraType": "Ground", "role": "Wallbreaker", "bvs": {"hp": 65, "atk": 108, "def": 65, "spa": 108, "spd": 65, "spe": 75}, "stats": {"hp": 266, "atk": 248, "def": 170, "spa": 248, "spd": 170, "spe": 188}, "types": ["Grass", "Fire"]}, "Hypno": {"name": "Hypno", "species": "Hypno", "speciesId": "hypno", "gender": "M", "shiny": false, "level": 95, "moves": ["focusblast", "toxic", "protect", "psychicnoise"], "ability": "Insomnia", "evs": {"hp": 85, "atk": 0, "def": 85, "spa": 85, "spd": 85, "spe": 85}, "ivs": {"hp": 31, "atk": 0, "def": 31, "spa": 31, "spd": 31, "spe": 31}, "item": "Leftovers", "teraType": "Steel", "role": "Bulky Attacker", "bvs": {"hp": 85, "atk": 73, "def": 70, "spa": 73, "spd": 115, "spe": 67}, "stats": {"hp": 315, "atk": 143, "def": 187, "spa": 193, "spd": 272, "spe": 181}, "types": ["Psychic"]}, "Minun": {"name": "Minun", "species": "Minun", "speciesId": "minun", "gender": "F", "shiny": false, "level": 95, "moves": ["thunderbolt", "grassknot", "nastyplot", "alluringvoice"], "ability": "Volt Absorb", "evs": {"hp": 85, "atk": 0, "def": 85, "spa": 85, "spd": 85, "spe": 85}, "ivs": {"hp": 31, "atk": 0, "def": 31, "spa": 31, "spd": 31, "spe": 31}, "item": "Life Orb", "teraType": "Grass", "role": "Setup Sweeper", "bvs": {"hp": 60, "atk": 40, "def": 50, "spa": 75, "spd": 85, "spe": 95}, "stats": {"hp": 268, "atk": 81, "def": 149, "spa": 196, "spd": 215, "spe": 234}, "types": ["Electric"]}}]}