{"id": "gen9randombattle-2641325715", "format": "[Gen 9] Random Battle", "players": ["coolelias32", "adheous"], "log": "|j|\u2606coolelias32\n|j|\u2606adheous\n|t:|1782768197\n|gametype|singles\n|player|p1|coolelias32|janitor|1305\n|player|p2|adheous|lance|1288\n|gen|9\n|tier|[Gen 9] Random Battle\n|rated|\n|rule|Species Clause: Limit one of each Pok\u00e9mon\n|rule|HP Percentage Mod: HP is shown in percentages\n|rule|Sleep Clause Mod: Limit one foe put to sleep\n|rule|Illusion Level Mod: Illusion disguises the Pok\u00e9mon's true level\n|\n|t:|1782768197\n|teamsize|p1|6\n|teamsize|p2|6\n|start\n|switch|p1a: Porygon2|Porygon2, L81|270/270\n|switch|p2a: Grimmsnarl|Grimmsnarl, L83, M|293/293\n|-ability|p1a: Porygon2|Download|boost\n|-boost|p1a: Porygon2|atk|1\n|turn|1\n|inactive|Battle timer is ON: inactive players will automatically lose when time's up. (requested by adheous)\n|c|\u2606adheous|Good luck\n|inactive|coolelias32 has 120 seconds left.\n|\n|t:|1782768237\n|move|p2a: Grimmsnarl|Thunder Wave|p1a: Porygon2\n|-status|p1a: Porygon2|par\n|move|p1a: Porygon2|Tri Attack|p2a: Grimmsnarl\n|-damage|p2a: Grimmsnarl|199/293\n|\n|-heal|p2a: Grimmsnarl|217/293|[from] item: Leftovers\n|upkeep\n|turn|2\n|\n|t:|1782768253\n|switch|p2a: Kricketune|Kricketune, L99, M|312/312\n|move|p1a: Porygon2|Discharge|p2a: Kricketune\n|-crit|p2a: Kricketune\n|-damage|p2a: Kricketune|204/312\n|\n|upkeep\n|turn|3\n|inactive|coolelias32 has 120 seconds left.\n|\n|t:|1782768295\n|switch|p1a: Landorus|Landorus-Therian, L76, M|260/260\n|-ability|p1a: Landorus|Intimidate|boost\n|-unboost|p2a: Kricketune|atk|1\n|move|p2a: Kricketune|Sticky Web|p1a: Landorus\n|-sidestart|p1: coolelias32|move: Sticky Web\n|\n|upkeep\n|turn|4\n|\n|t:|1782768303\n|switch|p2a: Ceruledge|Ceruledge, L78, M|245/245\n|move|p1a: Landorus|Stealth Rock|p2a: Ceruledge\n|-sidestart|p2: adheous|move: Stealth Rock\n|\n|upkeep\n|turn|5\n|inactive|coolelias32 has 120 seconds left.\n|inactive|adheous has 120 seconds left.\n|\n|t:|1782768333\n|switch|p2a: Grimmsnarl|Grimmsnarl, L83, M|217/293\n|-damage|p2a: Grimmsnarl|181/293|[from] Stealth Rock\n|move|p1a: Landorus|Earthquake|p2a: Grimmsnarl\n|-damage|p2a: Grimmsnarl|37/293\n|\n|-heal|p2a: Grimmsnarl|55/293|[from] item: Leftovers\n|upkeep\n|turn|6\n|inactive|coolelias32 has 120 seconds left.\n|inactive|adheous has 120 seconds left.\n|\n|t:|1782768367\n|switch|p1a: Lanturn|Lanturn, L89, M|367/367\n|move|p2a: Grimmsnarl|Taunt|p1a: Lanturn\n|-start|p1a: Lanturn|move: Taunt\n|\n|-heal|p2a: Grimmsnarl|73/293|[from] item: Leftovers\n|upkeep\n|turn|7\n|inactive|adheous has 120 seconds left.\n|\n|t:|1782768387\n|switch|p2a: Toedscruel|Toedscruel, L87, F|281/281\n|-damage|p2a: Toedscruel|264/281|[from] Stealth Rock\n|move|p1a: Lanturn|Volt Switch|p2a: Toedscruel\n|-immune|p2a: Toedscruel\n|\n|upkeep\n|turn|8\n|\n|t:|1782768402\n|switch|p1a: Brambleghast|Brambleghast, L88, M|240/240\n|-activate|p1a: Brambleghast|move: Sticky Web\n|-unboost|p1a: Brambleghast|spe|1\n|move|p2a: Toedscruel|Rapid Spin|p1a: Brambleghast\n|-immune|p1a: Brambleghast\n|\n|upkeep\n|turn|9\n|\n|t:|1782768411\n|move|p2a: Toedscruel|Knock Off|p1a: Brambleghast\n|-supereffective|p1a: Brambleghast\n|-damage|p1a: Brambleghast|118/240\n|-enditem|p1a: Brambleghast|Leftovers|[from] move: Knock Off|[of] p2a: Toedscruel\n|move|p1a: Brambleghast|Leech Seed|p2a: Toedscruel\n|-immune|p2a: Toedscruel\n|\n|upkeep\n|turn|10\n|inactive|adheous has 120 seconds left.\n|inactive|coolelias32 has 90 seconds left.\n|\n|t:|1782768455\n|move|p2a: Toedscruel|Knock Off|p1a: Brambleghast\n|-supereffective|p1a: Brambleghast\n|-damage|p1a: Brambleghast|28/240\n|move|p1a: Brambleghast|Poltergeist|p2a: Toedscruel\n|-activate|p2a: Toedscruel|move: Poltergeist|Assault Vest\n|-damage|p2a: Toedscruel|78/281\n|\n|upkeep\n|turn|11\n|\n|t:|1782768475\n|move|p2a: Toedscruel|Knock Off|p1a: Brambleghast\n|-supereffective|p1a: Brambleghast\n|-crit|p1a: Brambleghast\n|-damage|p1a: Brambleghast|0 fnt\n|faint|p1a: Brambleghast\n|\n|upkeep\n|\n|t:|1782768489\n|switch|p1a: Landorus|Landorus-Therian, L76, M|260/260\n|-ability|p1a: Landorus|Intimidate|boost\n|-unboost|p2a: Toedscruel|atk|1\n|turn|12\n|inactive|coolelias32 has 60 seconds left.\n|inactive|adheous has 90 seconds left.\n|\n|t:|1782768523\n|move|p2a: Toedscruel|Rapid Spin|p1a: Landorus\n|-damage|p1a: Landorus|238/260\n|-boost|p2a: Toedscruel|spe|1\n|-sideend|p2: adheous|Stealth Rock|[from] move: Rapid Spin|[of] p2a: Toedscruel\n|move|p1a: Landorus|U-turn|p2a: Toedscruel\n|-supereffective|p2a: Toedscruel\n|-damage|p2a: Toedscruel|0 fnt\n|faint|p2a: Toedscruel\n|inactive|coolelias32 has 60 seconds left.\n|\n|t:|1782768534\n|switch|p1a: Lanturn|Lanturn, L89, M|367/367|[from] U-turn\n|\n|upkeep\n|inactive|adheous has 90 seconds left.\n|\n|t:|1782768561\n|switch|p2a: Tsareena|Tsareena, L87, F|267/267\n|turn|13\n|inactive|coolelias32 has 60 seconds left.\n|inactive|adheous has 60 seconds left.\n|inactive|coolelias32 has 30 seconds left.\n|inactive|adheous has 30 seconds left.\n|inactive|adheous has 20 seconds left.\n|\n|t:|1782768625\n|move|p2a: Tsareena|Power Whip|p1a: Lanturn\n|-supereffective|p1a: Lanturn\n|-damage|p1a: Lanturn|0 fnt\n|faint|p1a: Lanturn\n|\n|upkeep\n|inactive|coolelias32 has 30 seconds left this turn.\n|inactive|coolelias32 has 20 seconds left.\n|inactive|coolelias32 has 15 seconds left.\n|\n|t:|1782768641\n|switch|p1a: Pawmot|Pawmot, L80, F|243/243\n|-activate|p1a: Pawmot|move: Sticky Web\n|-unboost|p1a: Pawmot|spe|1\n|turn|14\n|inactive|coolelias32 has 25 seconds left this turn.\n|inactive|adheous has 30 seconds left.\n|\n|t:|1782768651\n|move|p2a: Tsareena|Power Whip|p1a: Pawmot\n|-damage|p1a: Pawmot|0 fnt\n|faint|p1a: Pawmot\n|\n|upkeep\n|inactive|coolelias32 has 30 seconds left this turn.\n|\n|t:|1782768659\n|switch|p1a: Porygon2|Porygon2, L81|270/270 par\n|-activate|p1a: Porygon2|move: Sticky Web\n|-unboost|p1a: Porygon2|spe|1\n|-ability|p1a: Porygon2|Download|boost\n|-boost|p1a: Porygon2|spa|1\n|turn|15\n|inactive|adheous has 30 seconds left.\n|inactive|adheous has 20 seconds left.\n|inactive|adheous has 15 seconds left.\n|\n|t:|1782768691\n|move|p2a: Tsareena|Power Whip|p1a: Porygon2\n|-damage|p1a: Porygon2|119/270 par\n|cant|p1a: Porygon2|par\n|\n|upkeep\n|turn|16\n|inactive|adheous has 25 seconds left this turn.\n|inactive|adheous has 20 seconds left.\n|-message|coolelias32 forfeited.\n|\n|win|adheous\n|raw|coolelias32's rating: 1305 &rarr; <strong>1284</strong><br />(-21 for losing)\n|raw|adheous's rating: 1288 &rarr; <strong>1314</strong><br />(+26 for winning)\n", "inputlog": ">version f8ac14003a5f27e1bdc8d8c59608a773c1cb96e5\n>start {\"formatid\":\"gen9randombattle\",\"seed\":\"sodium,b9c077d5185670afa7172eefb9c4e306\",\"rated\":\"Rated battle\"}\n>player p1 {\"name\":\"coolelias32\",\"avatar\":\"janitor\",\"rating\":1305,\"seed\":\"sodium,dbe7fda5d6877fa6687b68dcbbf7bdb7\"}\n>player p2 {\"name\":\"adheous\",\"avatar\":\"lance\",\"rating\":1288,\"seed\":\"sodium,618d2010bf4bf45e368f6a10b7423fb7\"}\n>chat \u2606adheous|Good luck\n>p1 move triattack\n>p2 move thunderwave\n>p1 move discharge\n>p2 switch 4\n>p1 switch 6\n>p2 move stickyweb\n>p1 move stealthrock\n>p2 switch 2\n>p1 move earthquake\n>p2 switch 4\n>p1 switch 4\n>p2 move taunt\n>p1 move voltswitch\n>p2 switch 3\n>p1 switch 2\n>p2 move rapidspin\n>p1 move leechseed\n>p2 move knockoff\n>p1 move poltergeist\n>p2 move knockoff\n>p1 move poltergeist\n>p2 move knockoff\n>p1 switch 4\n>p1 move uturn\n>p2 move rapidspin\n>p1 switch 2\n>p2 switch 5\n>p1 move thunderwave\n>p2 move powerwhip\n>p1 switch 3\n>p1 move revivalblessing\n>p2 move powerwhip\n>p1 switch 6\n>p1 move icebeam\n>p2 move powerwhip\n>forcelose p1", "uploadtime": 1782768701, "views": 3, "formatid": "gen9randombattle", "rating": 1284, "private": 0, "password": null, "player_dets": [{"name": "coolelias32", "avatar": "janitor", "rating": 1305, "seed": "sodium,dbe7fda5d6877fa6687b68dcbbf7bdb7"}, {"name": "adheous", "avatar": "lance", "rating": 1288, "seed": "sodium,618d2010bf4bf45e368f6a10b7423fb7"}], "teams_full": [{"Porygon2": {"name": "Porygon2", "species": "Porygon2", "speciesId": "porygon2", "gender": "N", "shiny": false, "level": 81, "moves": ["discharge", "icebeam", "recover", "triattack"], "ability": "Download", "evs": {"hp": 85, "atk": 0, "def": 85, "spa": 85, "spd": 85, "spe": 85}, "ivs": {"hp": 31, "atk": 0, "def": 31, "spa": 31, "spd": 31, "spe": 31}, "item": "Eviolite", "teraType": "Ghost", "role": "Bulky Support", "bvs": {"hp": 85, "atk": 80, "def": 90, "spa": 105, "spd": 95, "spe": 60}, "stats": {"hp": 270, "atk": 134, "def": 192, "spa": 217, "spd": 201, "spe": 144}, "types": ["Normal"]}, "Brambleghast": {"name": "Brambleghast", "species": "Brambleghast", "speciesId": "brambleghast", "gender": "M", "shiny": false, "level": 88, "moves": ["powerwhip", "poltergeist", "substitute", "leechseed"], "ability": "Wind Rider", "evs": {"hp": 85, "atk": 85, "def": 85, "spa": 85, "spd": 85, "spe": 85}, "ivs": {"hp": 31, "atk": 31, "def": 31, "spa": 31, "spd": 31, "spe": 31}, "item": "Leftovers", "teraType": "Water", "role": "Fast Support", "bvs": {"hp": 55, "atk": 115, "def": 70, "spa": 80, "spd": 70, "spe": 90}, "stats": {"hp": 240, "atk": 253, "def": 173, "spa": 191, "spd": 173, "spe": 209}, "types": ["Grass", "Ghost"]}, "Pawmot": {"name": "Pawmot", "species": "Pawmot", "speciesId": "pawmot", "gender": "F", "shiny": false, "level": 80, "moves": ["closecombat", "knockoff", "doubleshock", "revivalblessing"], "ability": "Volt Absorb", "evs": {"hp": 85, "atk": 85, "def": 85, "spa": 85, "spd": 85, "spe": 85}, "ivs": {"hp": 31, "atk": 31, "def": 31, "spa": 31, "spd": 31, "spe": 31}, "item": "Life Orb", "teraType": "Electric", "role": "Fast Attacker", "bvs": {"hp": 70, "atk": 115, "def": 70, "spa": 70, "spd": 60, "spe": 105}, "stats": {"hp": 243, "atk": 230, "def": 158, "spa": 158, "spd": 142, "spe": 214}, "types": ["Electric", "Fighting"]}, "Lanturn": {"name": "Lanturn", "species": "Lanturn", "speciesId": "lanturn", "gender": "M", "shiny": false, "level": 89, "moves": ["thunderwave", "voltswitch", "thunderbolt", "scald"], "ability": "Volt Absorb", "evs": {"hp": 85, "atk": 0, "def": 85, "spa": 85, "spd": 85, "spe": 85}, "ivs": {"hp": 31, "atk": 0, "def": 31, "spa": 31, "spd": 31, "spe": 31}, "item": "Heavy-Duty Boots", "teraType": "Flying", "role": "Fast Support", "bvs": {"hp": 125, "atk": 58, "def": 58, "spa": 76, "spd": 76, "spe": 67}, "stats": {"hp": 367, "atk": 108, "def": 154, "spa": 186, "spd": 186, "spe": 170}, "types": ["Water", "Electric"]}, "Kyogre": {"name": "Kyogre", "species": "Kyogre", "speciesId": "kyogre", "gender": "N", "shiny": false, "level": 71, "moves": ["calmmind", "thunder", "originpulse", "icebeam"], "ability": "Drizzle", "evs": {"hp": 85, "atk": 0, "def": 85, "spa": 85, "spd": 85, "spe": 85}, "ivs": {"hp": 31, "atk": 0, "def": 31, "spa": 31, "spd": 31, "spe": 31}, "item": "Leftovers", "teraType": "Electric", "role": "Bulky Setup", "bvs": {"hp": 100, "atk": 100, "def": 90, "spa": 150, "spd": 140, "spe": 90}, "stats": {"hp": 259, "atk": 147, "def": 169, "spa": 254, "spd": 240, "spe": 169}, "types": ["Water"]}, "Landorus": {"name": "Landorus", "species": "Landorus-Therian", "speciesId": "landorustherian", "gender": "M", "shiny": false, "level": 76, "moves": ["stealthrock", "earthquake", "uturn", "stoneedge"], "ability": "Intimidate", "evs": {"hp": 85, "atk": 85, "def": 85, "spa": 85, "spd": 85, "spe": 85}, "ivs": {"hp": 31, "atk": 31, "def": 31, "spa": 31, "spd": 31, "spe": 31}, "item": "Leftovers", "teraType": "Ground", "role": "Bulky Support", "bvs": {"hp": 89, "atk": 145, "def": 90, "spa": 105, "spd": 80, "spe": 91}, "stats": {"hp": 260, "atk": 264, "def": 181, "spa": 204, "spd": 166, "spe": 182}, "types": ["Ground", "Flying"]}}, {"Grimmsnarl": {"name": "Grimmsnarl", "species": "Grimmsnarl", "speciesId": "grimmsnarl", "gender": "M", "shiny": false, "level": 83, "moves": ["spiritbreak", "suckerpunch", "thunderwave", "taunt"], "ability": "Prankster", "evs": {"hp": 85, "atk": 85, "def": 85, "spa": 85, "spd": 85, "spe": 85}, "ivs": {"hp": 31, "atk": 31, "def": 31, "spa": 31, "spd": 31, "spe": 31}, "item": "Leftovers", "teraType": "Poison", "role": "Bulky Attacker", "bvs": {"hp": 95, "atk": 120, "def": 65, "spa": 95, "spd": 75, "spe": 60}, "stats": {"hp": 293, "atk": 247, "def": 156, "spa": 205, "spd": 172, "spe": 147}, "types": ["Dark", "Fairy"]}, "Ceruledge": {"name": "Ceruledge", "species": "Ceruledge", "speciesId": "ceruledge", "gender": "M", "shiny": false, "level": 78, "moves": ["bitterblade", "swordsdance", "shadowsneak", "poltergeist"], "ability": "Weak Armor", "evs": {"hp": 85, "atk": 85, "def": 85, "spa": 85, "spd": 85, "spe": 85}, "ivs": {"hp": 31, "atk": 31, "def": 31, "spa": 31, "spd": 31, "spe": 31}, "item": "Heavy-Duty Boots", "teraType": "Ghost", "role": "Setup Sweeper", "bvs": {"hp": 75, "atk": 125, "def": 80, "spa": 60, "spd": 100, "spe": 85}, "stats": {"hp": 245, "atk": 240, "def": 170, "spa": 139, "spd": 201, "spe": 178}, "types": ["Fire", "Ghost"]}, "Toedscruel": {"name": "Toedscruel", "species": "Toedscruel", "speciesId": "toedscruel", "gender": "F", "shiny": false, "level": 87, "moves": ["knockoff", "rapidspin", "leafstorm", "earthpower"], "ability": "Mycelium Might", "evs": {"hp": 85, "atk": 85, "def": 85, "spa": 85, "spd": 85, "spe": 85}, "ivs": {"hp": 31, "atk": 31, "def": 31, "spa": 31, "spd": 31, "spe": 31}, "item": "Assault Vest", "teraType": "Water", "role": "Bulky Support", "bvs": {"hp": 80, "atk": 70, "def": 65, "spa": 80, "spd": 120, "spe": 100}, "stats": {"hp": 281, "atk": 172, "def": 163, "spa": 189, "spd": 259, "spe": 224}, "types": ["Ground", "Grass"]}, "Kricketune": {"name": "Kricketune", "species": "Kricketune", "speciesId": "kricketune", "gender": "M", "shiny": false, "level": 99, "moves": ["knockoff", "stickyweb", "pounce", "taunt"], "ability": "Technician", "evs": {"hp": 85, "atk": 85, "def": 85, "spa": 85, "spd": 85, "spe": 85}, "ivs": {"hp": 31, "atk": 31, "def": 31, "spa": 31, "spd": 31, "spe": 31}, "item": "Heavy-Duty Boots", "teraType": "Ghost", "role": "Fast Support", "bvs": {"hp": 77, "atk": 85, "def": 51, "spa": 55, "spd": 51, "spe": 65}, "stats": {"hp": 312, "atk": 224, "def": 157, "spa": 165, "spd": 157, "spe": 185}, "types": ["Bug"]}, "Tsareena": {"name": "Tsareena", "species": "Tsareena", "speciesId": "tsareena", "gender": "F", "shiny": false, "level": 87, "moves": ["tripleaxel", "powerwhip", "highjumpkick", "knockoff"], "ability": "Queenly Majesty", "evs": {"hp": 85, "atk": 85, "def": 85, "spa": 85, "spd": 85, "spe": 85}, "ivs": {"hp": 31, "atk": 31, "def": 31, "spa": 31, "spd": 31, "spe": 31}, "item": "Choice Band", "teraType": "Fighting", "role": "Fast Support", "bvs": {"hp": 72, "atk": 120, "def": 98, "spa": 50, "spd": 98, "spe": 72}, "stats": {"hp": 267, "atk": 259, "def": 220, "spa": 137, "spd": 220, "spe": 175}, "types": ["Grass"]}, "Armarouge": {"name": "Armarouge", "species": "Armarouge", "speciesId": "armarouge", "gender": "F", "shiny": false, "level": 80, "moves": ["psyshock", "energyball", "meteorbeam", "armorcannon"], "ability": "Weak Armor", "evs": {"hp": 85, "atk": 0, "def": 85, "spa": 85, "spd": 85, "spe": 85}, "ivs": {"hp": 31, "atk": 0, "def": 31, "spa": 31, "spd": 31, "spe": 31}, "item": "Power Herb", "teraType": "Fire", "role": "Setup Sweeper", "bvs": {"hp": 85, "atk": 60, "def": 100, "spa": 125, "spd": 80, "spe": 75}, "stats": {"hp": 267, "atk": 101, "def": 206, "spa": 246, "spd": 174, "spe": 166}, "types": ["Fire", "Psychic"]}}]}