{"id": "gen9randombattle-2641488257", "format": "[Gen 9] Random Battle", "players": ["zongshi", "burning flame x"], "log": "|j|\u2606zongshi\n|j|\u2606burning flame x\n|t:|1782793010\n|gametype|singles\n|player|p1|zongshi|hugh|1283\n|player|p2|burning flame x|hilbert|1324\n|gen|9\n|tier|[Gen 9] Random Battle\n|rated|\n|rule|Species Clause: Limit one of each Pok\u00e9mon\n|rule|HP Percentage Mod: HP is shown in percentages\n|rule|Sleep Clause Mod: Limit one foe put to sleep\n|rule|Illusion Level Mod: Illusion disguises the Pok\u00e9mon's true level\n|\n|t:|1782793010\n|teamsize|p1|6\n|teamsize|p2|6\n|start\n|switch|p1a: Weezing|Weezing, L88, M|258/258\n|switch|p2a: Crawdaunt|Crawdaunt, L84, F|243/243\n|turn|1\n|inactive|Battle timer is ON: inactive players will automatically lose when time's up. (requested by burning flame x)\n|\n|t:|1782793024\n|move|p1a: Weezing|Toxic Spikes|p2a: Crawdaunt\n|-sidestart|p2: burning flame x|move: Toxic Spikes\n|move|p2a: Crawdaunt|Dragon Dance|p2a: Crawdaunt\n|-boost|p2a: Crawdaunt|atk|1\n|-boost|p2a: Crawdaunt|spe|1\n|\n|upkeep\n|turn|2\n|\n|t:|1782793050\n|switch|p1a: Clodsire|Clodsire, L81, M|343/343\n|move|p2a: Crawdaunt|Crabhammer|p1a: Clodsire\n|-supereffective|p1a: Clodsire\n|-damage|p1a: Clodsire|0 fnt\n|faint|p1a: Clodsire\n|-damage|p2a: Crawdaunt|219/243|[from] item: Life Orb\n|\n|upkeep\n|\n|t:|1782793056\n|switch|p1a: Umbreon|Umbreon, L84, M|297/297\n|turn|3\n|\n|t:|1782793070\n|-terastallize|p2a: Crawdaunt|Fighting\n|move|p2a: Crawdaunt|Close Combat|p1a: Umbreon\n|-supereffective|p1a: Umbreon\n|-damage|p1a: Umbreon|0 fnt\n|-unboost|p2a: Crawdaunt|def|1\n|-unboost|p2a: Crawdaunt|spd|1\n|faint|p1a: Umbreon\n|-damage|p2a: Crawdaunt|195/243|[from] item: Life Orb\n|\n|upkeep\n|\n|t:|1782793076\n|switch|p1a: Pelipper|Pelipper, L86, F|243/243\n|-weather|RainDance|[from] ability: Drizzle|[of] p1a: Pelipper\n|turn|4\n|\n|t:|1782793104\n|switch|p2a: Palossand|Palossand, L89, F|296/296\n|-status|p2a: Palossand|psn\n|move|p1a: Pelipper|Hurricane|p2a: Palossand\n|-damage|p2a: Palossand|98/296 psn\n|\n|-weather|RainDance|[upkeep]\n|-heal|p2a: Palossand|116/296 psn|[from] item: Leftovers\n|-damage|p2a: Palossand|79/296 psn|[from] psn\n|upkeep\n|turn|5\n|\n|t:|1782793110\n|move|p1a: Pelipper|Hurricane|p2a: Palossand\n|-damage|p2a: Palossand|0 fnt\n|faint|p2a: Palossand\n|\n|-weather|RainDance|[upkeep]\n|upkeep\n|\n|t:|1782793116\n|switch|p2a: Regice|Regice, L88|284/284\n|turn|6\n|\n|t:|1782793123\n|switch|p1a: Weezing|Weezing, L88, M|258/258\n|move|p2a: Regice|Thunderbolt|p1a: Weezing\n|-damage|p1a: Weezing|176/258\n|\n|-weather|RainDance|[upkeep]\n|-heal|p1a: Weezing|192/258|[from] item: Leftovers\n|upkeep\n|turn|7\n|\n|t:|1782793130\n|move|p1a: Weezing|Fire Blast|p2a: Regice\n|-supereffective|p2a: Regice\n|-damage|p2a: Regice|248/284\n|move|p2a: Regice|Ice Beam|p1a: Weezing\n|-damage|p1a: Weezing|59/258\n|\n|-weather|RainDance|[upkeep]\n|-heal|p1a: Weezing|75/258|[from] item: Leftovers\n|upkeep\n|turn|8\n|\n|t:|1782793143\n|move|p1a: Weezing|Toxic Spikes|p2a: Regice\n|-sidestart|p2: burning flame x|move: Toxic Spikes\n|move|p2a: Regice|Ice Beam|p1a: Weezing\n|-damage|p1a: Weezing|0 fnt\n|faint|p1a: Weezing\n|\n|-weather|none\n|upkeep\n|\n|t:|1782793149\n|switch|p1a: Diancie|Diancie, L82|216/216\n|turn|9\n|\n|t:|1782793157\n|switch|p2a: Volbeat|Volbeat, L90, M|263/263\n|-terastallize|p1a: Diancie|Fairy\n|move|p1a: Diancie|Calm Mind|p1a: Diancie\n|-boost|p1a: Diancie|spa|1\n|-boost|p1a: Diancie|spd|1\n|\n|upkeep\n|turn|10\n|\n|t:|1782793168\n|move|p2a: Volbeat|Encore|p1a: Diancie\n|-start|p1a: Diancie|Encore\n|move|p1a: Diancie|Calm Mind|p1a: Diancie\n|-boost|p1a: Diancie|spa|1\n|-boost|p1a: Diancie|spd|1\n|\n|upkeep\n|turn|11\n|\n|t:|1782793173\n|move|p2a: Volbeat|Thunder Wave|p1a: Diancie\n|-status|p1a: Diancie|par\n|move|p1a: Diancie|Calm Mind|p1a: Diancie\n|-boost|p1a: Diancie|spa|1\n|-boost|p1a: Diancie|spd|1\n|\n|upkeep\n|turn|12\n|\n|t:|1782793183\n|move|p2a: Volbeat|Roost||[still]\n|-fail|p2a: Volbeat|heal\n|move|p1a: Diancie|Calm Mind|p1a: Diancie\n|-boost|p1a: Diancie|spa|1\n|-boost|p1a: Diancie|spd|1\n|\n|-end|p1a: Diancie|Encore\n|upkeep\n|turn|13\n|\n|t:|1782793189\n|move|p2a: Volbeat|Encore|p1a: Diancie\n|-start|p1a: Diancie|Encore\n|cant|p1a: Diancie|par\n|\n|upkeep\n|turn|14\n|\n|t:|1782793194\n|move|p2a: Volbeat|Thunder Wave|p1a: Diancie\n|-fail|p1a: Diancie|par\n|cant|p1a: Diancie|par\n|\n|upkeep\n|turn|15\n|\n|t:|1782793197\n|move|p2a: Volbeat|Thunder Wave|p1a: Diancie\n|-fail|p1a: Diancie|par\n|move|p1a: Diancie|Calm Mind|p1a: Diancie\n|-boost|p1a: Diancie|spa|1\n|-boost|p1a: Diancie|spd|1\n|\n|-end|p1a: Diancie|Encore\n|upkeep\n|turn|16\n|\n|t:|1782793200\n|move|p2a: Volbeat|Encore|p1a: Diancie\n|-start|p1a: Diancie|Encore\n|cant|p1a: Diancie|par\n|\n|upkeep\n|turn|17\n|\n|t:|1782793205\n|move|p2a: Volbeat|Thunder Wave|p1a: Diancie\n|-fail|p1a: Diancie|par\n|move|p1a: Diancie|Calm Mind|p1a: Diancie\n|-boost|p1a: Diancie|spa|1\n|-boost|p1a: Diancie|spd|1\n|\n|upkeep\n|turn|18\n|\n|t:|1782793208\n|move|p2a: Volbeat|Thunder Wave|p1a: Diancie\n|-fail|p1a: Diancie|par\n|move|p1a: Diancie|Calm Mind|p1a: Diancie\n|-boost|p1a: Diancie|spa|0\n|-boost|p1a: Diancie|spd|0\n|\n|-end|p1a: Diancie|Encore\n|upkeep\n|turn|19\n|\n|t:|1782793214\n|move|p2a: Volbeat|Encore|p1a: Diancie\n|-start|p1a: Diancie|Encore\n|cant|p1a: Diancie|par\n|\n|upkeep\n|turn|20\n|\n|t:|1782793217\n|move|p2a: Volbeat|Thunder Wave|p1a: Diancie\n|-fail|p1a: Diancie|par\n|cant|p1a: Diancie|par\n|\n|upkeep\n|turn|21\n|\n|t:|1782793224\n|move|p2a: Volbeat|Thunder Wave|p1a: Diancie|[miss]\n|-miss|p2a: Volbeat|p1a: Diancie\n|move|p1a: Diancie|Calm Mind|p1a: Diancie\n|-boost|p1a: Diancie|spa|0\n|-boost|p1a: Diancie|spd|0\n|\n|-end|p1a: Diancie|Encore\n|upkeep\n|turn|22\n|\n|t:|1782793228\n|move|p2a: Volbeat|Encore|p1a: Diancie\n|-start|p1a: Diancie|Encore\n|move|p1a: Diancie|Calm Mind|p1a: Diancie\n|-boost|p1a: Diancie|spa|0\n|-boost|p1a: Diancie|spd|0\n|\n|upkeep\n|turn|23\n|-message|burning flame x forfeited.\n|\n|win|zongshi\n|raw|zongshi's rating: 1283 &rarr; <strong>1311</strong><br />(+28 for winning)\n|raw|burning flame x's rating: 1324 &rarr; <strong>1302</strong><br />(-22 for losing)\n|l|\u2606burning flame x\n|player|p2|\n", "inputlog": ">version f8ac14003a5f27e1bdc8d8c59608a773c1cb96e5\n>start {\"formatid\":\"gen9randombattle\",\"seed\":\"sodium,80a4e52131693f85ffe332542f23ee41\",\"rated\":\"Rated battle\"}\n>player p1 {\"name\":\"zongshi\",\"avatar\":\"hugh\",\"rating\":1283,\"seed\":\"sodium,e64a5715a7bfbce901326e86bc954bae\"}\n>player p2 {\"name\":\"burning flame x\",\"avatar\":\"hilbert\",\"rating\":1324,\"seed\":\"sodium,259fd376f16685930adb5c893ffed0c3\"}\n>p1 move toxicspikes\n>p2 move dragondance\n>p1 switch 2\n>p2 move crabhammer\n>p1 switch 5\n>p1 move toxic\n>p2 move closecombat terastallize\n>p1 switch 6\n>p1 move hurricane\n>p2 switch 3\n>p1 move hurricane\n>p2 move stealthrock\n>p2 switch 2\n>p1 switch 2\n>p2 move thunderbolt\n>p1 move fireblast\n>p2 move icebeam\n>p1 move toxicspikes\n>p2 move icebeam\n>p1 switch 3\n>p1 move calmmind terastallize\n>p2 switch 4\n>p1 move diamondstorm\n>p2 move encore\n>p1 move calmmind\n>p2 move thunderwave\n>p1 move calmmind\n>p2 move roost\n>p1 move diamondstorm\n>p2 move encore\n>p1 move calmmind\n>p2 move thunderwave\n>p1 move calmmind\n>p2 move thunderwave\n>p1 move diamondstorm\n>p2 move encore\n>p1 move calmmind\n>p2 move thunderwave\n>p1 move calmmind\n>p2 move thunderwave\n>p1 move diamondstorm\n>p2 move encore\n>p1 move calmmind\n>p2 move thunderwave\n>p1 move calmmind\n>p2 move thunderwave\n>p1 move diamondstorm\n>p2 move encore\n>forcelose p2", "uploadtime": 1782793237, "views": 2, "formatid": "gen9randombattle", "rating": 1302, "private": 0, "password": null, "player_dets": [{"name": "zongshi", "avatar": "hugh", "rating": 1283, "seed": "sodium,e64a5715a7bfbce901326e86bc954bae"}, {"name": "burning flame x", "avatar": "hilbert", "rating": 1324, "seed": "sodium,259fd376f16685930adb5c893ffed0c3"}], "teams_full": [{"Weezing": {"name": "Weezing", "species": "Weezing", "speciesId": "weezing", "gender": "M", "shiny": false, "level": 88, "moves": ["fireblast", "painsplit", "sludgebomb", "toxicspikes"], "ability": "Levitate", "evs": {"hp": 85, "atk": 0, "def": 85, "spa": 85, "spd": 85, "spe": 85}, "ivs": {"hp": 31, "atk": 0, "def": 31, "spa": 31, "spd": 31, "spe": 31}, "item": "Leftovers", "teraType": "Steel", "role": "Bulky Attacker", "bvs": {"hp": 65, "atk": 90, "def": 120, "spa": 85, "spd": 70, "spe": 60}, "stats": {"hp": 258, "atk": 163, "def": 261, "spa": 200, "spd": 173, "spe": 156}, "types": ["Poison"]}, "Clodsire": {"name": "Clodsire", "species": "Clodsire", "speciesId": "clodsire", "gender": "M", "shiny": false, "level": 81, "moves": ["earthquake", "spikes", "gunkshot", "recover"], "ability": "Unaware", "evs": {"hp": 85, "atk": 85, "def": 85, "spa": 85, "spd": 85, "spe": 85}, "ivs": {"hp": 31, "atk": 31, "def": 31, "spa": 31, "spd": 31, "spe": 31}, "item": "Leftovers", "teraType": "Flying", "role": "Bulky Support", "bvs": {"hp": 130, "atk": 75, "def": 60, "spa": 45, "spd": 100, "spe": 20}, "stats": {"hp": 343, "atk": 168, "def": 144, "spa": 120, "spd": 209, "spe": 79}, "types": ["Poison", "Ground"]}, "Diancie": {"name": "Diancie", "species": "Diancie", "speciesId": "diancie", "gender": "N", "shiny": false, "level": 82, "moves": ["calmmind", "diamondstorm", "drainingkiss", "earthpower"], "ability": "Clear Body", "evs": {"hp": 85, "atk": 85, "def": 85, "spa": 85, "spd": 85, "spe": 85}, "ivs": {"hp": 31, "atk": 31, "def": 31, "spa": 31, "spd": 31, "spe": 31}, "item": "Leftovers", "teraType": "Fairy", "role": "Bulky Setup", "bvs": {"hp": 50, "atk": 100, "def": 150, "spa": 100, "spd": 150, "spe": 50}, "stats": {"hp": 216, "atk": 211, "def": 293, "spa": 211, "spd": 293, "spe": 129}, "types": ["Rock", "Fairy"]}, "Noctowl": {"name": "Noctowl", "species": "Noctowl", "speciesId": "noctowl", "gender": "M", "shiny": false, "level": 95, "moves": ["hurricane", "defog", "hypervoice", "roost"], "ability": "Tinted Lens", "evs": {"hp": 85, "atk": 0, "def": 85, "spa": 85, "spd": 85, "spe": 85}, "ivs": {"hp": 31, "atk": 0, "def": 31, "spa": 31, "spd": 31, "spe": 31}, "item": "Heavy-Duty Boots", "teraType": "Ground", "role": "Bulky Attacker", "bvs": {"hp": 100, "atk": 50, "def": 50, "spa": 86, "spd": 96, "spe": 70}, "stats": {"hp": 344, "atk": 100, "def": 149, "spa": 217, "spd": 236, "spe": 187}, "types": ["Normal", "Flying"]}, "Umbreon": {"name": "Umbreon", "species": "Umbreon", "speciesId": "umbreon", "gender": "M", "shiny": false, "level": 84, "moves": ["foulplay", "toxic", "protect", "wish"], "ability": "Synchronize", "evs": {"hp": 85, "atk": 0, "def": 85, "spa": 85, "spd": 85, "spe": 85}, "ivs": {"hp": 31, "atk": 0, "def": 31, "spa": 31, "spd": 31, "spe": 31}, "item": "Leftovers", "teraType": "Poison", "role": "Bulky Support", "bvs": {"hp": 95, "atk": 65, "def": 110, "spa": 60, "spd": 130, "spe": 65}, "stats": {"hp": 297, "atk": 114, "def": 233, "spa": 149, "spd": 267, "spe": 157}, "types": ["Dark"]}, "Pelipper": {"name": "Pelipper", "species": "Pelipper", "speciesId": "pelipper", "gender": "F", "shiny": false, "level": 86, "moves": ["hydropump", "uturn", "hurricane", "weatherball"], "ability": "Drizzle", "evs": {"hp": 85, "atk": 85, "def": 85, "spa": 85, "spd": 85, "spe": 85}, "ivs": {"hp": 31, "atk": 31, "def": 31, "spa": 31, "spd": 31, "spe": 31}, "item": "Choice Specs", "teraType": "Flying", "role": "Wallbreaker", "bvs": {"hp": 60, "atk": 50, "def": 100, "spa": 95, "spd": 70, "spe": 65}, "stats": {"hp": 243, "atk": 135, "def": 221, "spa": 213, "spd": 170, "spe": 161}, "types": ["Water", "Flying"]}}, {"Crawdaunt": {"name": "Crawdaunt", "species": "Crawdaunt", "speciesId": "crawdaunt", "gender": "F", "shiny": false, "level": 84, "moves": ["dragondance", "closecombat", "crabhammer", "knockoff"], "ability": "Adaptability", "evs": {"hp": 85, "atk": 85, "def": 85, "spa": 85, "spd": 85, "spe": 85}, "ivs": {"hp": 31, "atk": 31, "def": 31, "spa": 31, "spd": 31, "spe": 31}, "item": "Life Orb", "teraType": "Fighting", "role": "Fast Attacker", "bvs": {"hp": 63, "atk": 120, "def": 85, "spa": 90, "spd": 55, "spe": 55}, "stats": {"hp": 243, "atk": 250, "def": 191, "spa": 199, "spd": 141, "spe": 141}, "types": ["Water", "Dark"]}, "Regice": {"name": "Regice", "species": "Regice", "speciesId": "regice", "gender": "N", "shiny": false, "level": 88, "moves": ["thunderbolt", "icebeam", "rest", "sleeptalk"], "ability": "Clear Body", "evs": {"hp": 85, "atk": 0, "def": 85, "spa": 85, "spd": 85, "spe": 85}, "ivs": {"hp": 31, "atk": 0, "def": 31, "spa": 31, "spd": 31, "spe": 31}, "item": "Heavy-Duty Boots", "teraType": "Electric", "role": "Bulky Attacker", "bvs": {"hp": 80, "atk": 50, "def": 100, "spa": 100, "spd": 200, "spe": 50}, "stats": {"hp": 284, "atk": 93, "def": 226, "spa": 226, "spd": 402, "spe": 138}, "types": ["Ice"]}, "Palossand": {"name": "Palossand", "species": "Palossand", "speciesId": "palossand", "gender": "F", "shiny": false, "level": 89, "moves": ["shadowball", "earthpower", "shoreup", "stealthrock"], "ability": "Water Compaction", "evs": {"hp": 85, "atk": 0, "def": 85, "spa": 85, "spd": 85, "spe": 85}, "ivs": {"hp": 31, "atk": 0, "def": 31, "spa": 31, "spd": 31, "spe": 31}, "item": "Leftovers", "teraType": "Water", "role": "Bulky Support", "bvs": {"hp": 85, "atk": 75, "def": 110, "spa": 100, "spd": 75, "spe": 35}, "stats": {"hp": 296, "atk": 138, "def": 247, "spa": 229, "spd": 184, "spe": 113}, "types": ["Ghost", "Ground"]}, "Volbeat": {"name": "Volbeat", "species": "Volbeat", "speciesId": "volbeat", "gender": "M", "shiny": false, "level": 90, "moves": ["uturn", "roost", "thunderwave", "encore"], "ability": "Prankster", "evs": {"hp": 85, "atk": 85, "def": 85, "spa": 85, "spd": 85, "spe": 85}, "ivs": {"hp": 31, "atk": 31, "def": 31, "spa": 31, "spd": 31, "spe": 31}, "item": "Heavy-Duty Boots", "teraType": "Water", "role": "Bulky Support", "bvs": {"hp": 65, "atk": 73, "def": 75, "spa": 47, "spd": 85, "spe": 85}, "stats": {"hp": 263, "atk": 183, "def": 186, "spa": 136, "spd": 204, "spe": 204}, "types": ["Bug"]}, "Cinccino": {"name": "Cinccino", "species": "Cinccino", "speciesId": "cinccino", "gender": "M", "shiny": false, "level": 83, "moves": ["tailslap", "tripleaxel", "uturn", "bulletseed"], "ability": "Technician", "evs": {"hp": 85, "atk": 85, "def": 85, "spa": 85, "spd": 85, "spe": 85}, "ivs": {"hp": 31, "atk": 31, "def": 31, "spa": 31, "spd": 31, "spe": 31}, "item": "Loaded Dice", "teraType": "Normal", "role": "Fast Attacker", "bvs": {"hp": 75, "atk": 95, "def": 60, "spa": 65, "spd": 60, "spe": 115}, "stats": {"hp": 260, "atk": 205, "def": 147, "spa": 156, "spd": 147, "spe": 239}, "types": ["Normal"]}, "Suicune": {"name": "Suicune", "species": "Suicune", "speciesId": "suicune", "gender": "N", "shiny": false, "level": 82, "moves": ["calmmind", "icebeam", "scald", "substitute"], "ability": "Pressure", "evs": {"hp": 85, "atk": 0, "def": 85, "spa": 85, "spd": 85, "spe": 85}, "ivs": {"hp": 31, "atk": 0, "def": 31, "spa": 31, "spd": 31, "spe": 31}, "item": "Leftovers", "teraType": "Dragon", "role": "Bulky Setup", "bvs": {"hp": 100, "atk": 75, "def": 115, "spa": 90, "spd": 115, "spe": 85}, "stats": {"hp": 298, "atk": 127, "def": 236, "spa": 195, "spd": 236, "spe": 187}, "types": ["Water"]}}]}