{"id": "gen9randombattle-2641625533", "format": "[Gen 9] Random Battle", "players": ["Mikifp", "Fortre"], "log": "|j|\u2606Mikifp\n|j|\u2606Fortre\n|t:|1782820993\n|gametype|singles\n|player|p1|Mikifp|riley|1906\n|player|p2|Fortre|101|2028\n|gen|9\n|tier|[Gen 9] Random Battle\n|rated|\n|rule|Species Clause: Limit one of each Pok\u00e9mon\n|rule|HP Percentage Mod: HP is shown in percentages\n|rule|Sleep Clause Mod: Limit one foe put to sleep\n|rule|Illusion Level Mod: Illusion disguises the Pok\u00e9mon's true level\n|\n|t:|1782820993\n|teamsize|p1|6\n|teamsize|p2|6\n|start\n|switch|p1a: Cinderace|Cinderace, L77, M|249/249\n|switch|p2a: Cinderace|Cinderace, L77, M|250/250\n|turn|1\n|\n|t:|1782820997\n|move|p2a: Cinderace|U-turn|p1a: Cinderace\n|-start|p2a: Cinderace|typechange|Bug|[from] ability: Libero\n|-resisted|p1a: Cinderace\n|-damage|p1a: Cinderace|204/249\n|\n|t:|1782821000\n|switch|p2a: Gengar|Gengar, L81, M|230/230|[from] U-turn\n|move|p1a: Cinderace|U-turn|p2a: Gengar\n|-start|p1a: Cinderace|typechange|Bug|[from] ability: Libero\n|-resisted|p2a: Gengar\n|-damage|p2a: Gengar|208/230\n|inactive|Battle timer is ON: inactive players will automatically lose when time's up. (requested by Mikifp)\n|\n|t:|1782821027\n|switch|p1a: Mienshao|Mienshao, L83, F|243/243|[from] U-turn\n|\n|upkeep\n|turn|2\n|\n|t:|1782821032\n|move|p2a: Gengar|Will-O-Wisp|p1a: Mienshao\n|-status|p1a: Mienshao|brn\n|move|p1a: Mienshao|Knock Off|p2a: Gengar\n|-supereffective|p2a: Gengar\n|-damage|p2a: Gengar|52/230\n|-enditem|p2a: Gengar|Life Orb|[from] move: Knock Off|[of] p1a: Mienshao\n|\n|-damage|p1a: Mienshao|228/243 brn|[from] brn\n|upkeep\n|turn|3\n|\n|t:|1782821038\n|move|p2a: Gengar|Sludge Wave|p1a: Mienshao\n|-damage|p1a: Mienshao|57/243 brn\n|move|p1a: Mienshao|Knock Off|p2a: Gengar\n|-supereffective|p2a: Gengar\n|-damage|p2a: Gengar|0 fnt\n|faint|p2a: Gengar\n|\n|-damage|p1a: Mienshao|42/243 brn|[from] brn\n|upkeep\n|\n|t:|1782821045\n|switch|p2a: Cinderace|Cinderace, L77, M|250/250\n|turn|4\n|\n|t:|1782821056\n|switch|p1a: Cinderace|Cinderace, L77, M|204/249\n|move|p2a: Cinderace|U-turn|p1a: Cinderace\n|-start|p2a: Cinderace|typechange|Bug|[from] ability: Libero\n|-resisted|p1a: Cinderace\n|-damage|p1a: Cinderace|159/249\n|\n|t:|1782821067\n|switch|p2a: Lanturn|Lanturn, L89, F|367/367|[from] U-turn\n|\n|upkeep\n|turn|5\n|\n|t:|1782821078\n|move|p1a: Cinderace|U-turn|p2a: Lanturn\n|-start|p1a: Cinderace|typechange|Bug|[from] ability: Libero\n|-damage|p2a: Lanturn|274/367\n|\n|t:|1782821084\n|switch|p1a: Golduck|Golduck, L90, M|290/290|[from] U-turn\n|-ability|p1a: Golduck|Cloud Nine\n|move|p2a: Lanturn|Volt Switch|p1a: Golduck\n|-supereffective|p1a: Golduck\n|-damage|p1a: Golduck|162/290\n|\n|t:|1782821091\n|switch|p2a: Hatterene|Hatterene, L85, F|236/236|[from] Volt Switch\n|\n|-heal|p1a: Golduck|180/290|[from] item: Leftovers\n|upkeep\n|turn|6\n|\n|t:|1782821097\n|move|p1a: Golduck|Hydro Pump|p2a: Hatterene\n|-damage|p2a: Hatterene|161/236\n|move|p2a: Hatterene|Nuzzle|p1a: Golduck\n|-supereffective|p1a: Golduck\n|-damage|p1a: Golduck|150/290\n|-status|p1a: Golduck|par\n|\n|-heal|p1a: Golduck|168/290 par|[from] item: Leftovers\n|upkeep\n|turn|7\n|\n|t:|1782821103\n|cant|p1a: Golduck|par\n|move|p2a: Hatterene|Psychic Noise|p1a: Golduck\n|-damage|p1a: Golduck|66/290 par\n|-start|p1a: Golduck|move: Heal Block\n|\n|upkeep\n|turn|8\n|\n|t:|1782821108\n|move|p1a: Golduck|Hydro Pump|p2a: Hatterene\n|-damage|p2a: Hatterene|83/236\n|move|p2a: Hatterene|Draining Kiss|p1a: Golduck\n|-damage|p1a: Golduck|0 fnt\n|-heal|p2a: Hatterene|133/236|[from] drain|[of] p1a: Golduck\n|faint|p1a: Golduck\n|\n|upkeep\n|\n|t:|1782821115\n|switch|p1a: Sandslash|Sandslash-Alola, L88, M|275/275\n|turn|9\n|\n|t:|1782821132\n|switch|p2a: Lanturn|Lanturn, L89, F|274/367\n|move|p1a: Sandslash|Earthquake|p2a: Lanturn\n|-supereffective|p2a: Lanturn\n|-damage|p2a: Lanturn|68/367\n|\n|upkeep\n|turn|10\n|\n|t:|1782821138\n|switch|p1a: Mienshao|Mienshao, L83, F|42/243 brn\n|move|p2a: Lanturn|Thunder Wave||[still]\n|-fail|p2a: Lanturn\n|\n|-damage|p1a: Mienshao|27/243 brn|[from] brn\n|upkeep\n|turn|11\n|\n|t:|1782821143\n|switch|p2a: Hatterene|Hatterene, L85, F|133/236\n|move|p1a: Mienshao|Knock Off|p2a: Hatterene\n|-damage|p2a: Hatterene|75/236\n|-enditem|p2a: Hatterene|Assault Vest|[from] move: Knock Off|[of] p1a: Mienshao\n|\n|-damage|p1a: Mienshao|12/243 brn|[from] brn\n|upkeep\n|turn|12\n|\n|t:|1782821154\n|move|p1a: Mienshao|Knock Off|p2a: Hatterene\n|-damage|p2a: Hatterene|39/236\n|move|p2a: Hatterene|Draining Kiss|p1a: Mienshao\n|-supereffective|p1a: Mienshao\n|-damage|p1a: Mienshao|0 fnt\n|-heal|p2a: Hatterene|48/236|[from] drain|[of] p1a: Mienshao\n|faint|p1a: Mienshao\n|\n|upkeep\n|\n|t:|1782821162\n|switch|p1a: Sandslash|Sandslash-Alola, L88, M|275/275\n|turn|13\n|\n|t:|1782821165\n|move|p1a: Sandslash|Earthquake|p2a: Hatterene\n|-damage|p2a: Hatterene|0 fnt\n|faint|p2a: Hatterene\n|\n|upkeep\n|\n|t:|1782821169\n|switch|p2a: Cinderace|Cinderace, L77, M|250/250\n|turn|14\n|\n|t:|1782821177\n|switch|p1a: Gouging Fire|Gouging Fire, L74|277/277\n|move|p2a: Cinderace|Pyro Ball|p1a: Gouging Fire\n|-resisted|p1a: Gouging Fire\n|-damage|p1a: Gouging Fire|250/277\n|\n|upkeep\n|turn|15\n|\n|t:|1782821184\n|move|p2a: Cinderace|U-turn|p1a: Gouging Fire\n|-start|p2a: Cinderace|typechange|Bug|[from] ability: Libero\n|-resisted|p1a: Gouging Fire\n|-damage|p1a: Gouging Fire|220/277\n|\n|t:|1782821190\n|switch|p2a: Regigigas|Regigigas, L84|322/322|[from] U-turn\n|-start|p2a: Regigigas|ability: Slow Start\n|move|p1a: Gouging Fire|Dragon Dance|p1a: Gouging Fire\n|-boost|p1a: Gouging Fire|atk|1\n|-boost|p1a: Gouging Fire|spe|1\n|\n|upkeep\n|turn|16\n|\n|t:|1782821197\n|move|p1a: Gouging Fire|Dragon Dance|p1a: Gouging Fire\n|-boost|p1a: Gouging Fire|atk|1\n|-boost|p1a: Gouging Fire|spe|1\n|move|p2a: Regigigas|Body Slam|p1a: Gouging Fire\n|-damage|p1a: Gouging Fire|165/277\n|\n|upkeep\n|turn|17\n|\n|t:|1782821205\n|move|p1a: Gouging Fire|Outrage|p2a: Regigigas\n|-damage|p2a: Regigigas|135/322\n|move|p2a: Regigigas|Body Slam|p1a: Gouging Fire\n|-damage|p1a: Gouging Fire|99/277\n|-status|p1a: Gouging Fire|par\n|\n|-heal|p2a: Regigigas|155/322|[from] item: Leftovers\n|upkeep\n|turn|18\n|\n|t:|1782821210\n|move|p2a: Regigigas|Protect|p2a: Regigigas\n|-singleturn|p2a: Regigigas|Protect\n|move|p1a: Gouging Fire|Outrage|p2a: Regigigas|[from] lockedmove\n|-activate|p2a: Regigigas|move: Protect\n|\n|-heal|p2a: Regigigas|175/322|[from] item: Leftovers\n|upkeep\n|turn|19\n|\n|t:|1782821214\n|move|p1a: Gouging Fire|Outrage|p2a: Regigigas\n|-damage|p2a: Regigigas|0 fnt\n|faint|p2a: Regigigas\n|-end|p2a: Regigigas|Slow Start|[silent]\n|\n|upkeep\n|\n|t:|1782821222\n|switch|p2a: Cinderace|Cinderace, L77, M|250/250\n|turn|20\n|\n|t:|1782821227\n|move|p2a: Cinderace|U-turn|p1a: Gouging Fire\n|-start|p2a: Cinderace|typechange|Bug|[from] ability: Libero\n|-resisted|p1a: Gouging Fire\n|-damage|p1a: Gouging Fire|69/277 par\n|\n|t:|1782821230\n|switch|p2a: Lanturn|Lanturn, L89, F|68/367|[from] U-turn\n|move|p1a: Gouging Fire|Outrage|p2a: Lanturn|[from] lockedmove\n|-damage|p2a: Lanturn|0 fnt\n|faint|p2a: Lanturn\n|-start|p1a: Gouging Fire|confusion|[fatigue]\n|\n|upkeep\n|\n|t:|1782821234\n|switch|p2a: Cinderace|Cinderace, L77, M|250/250\n|turn|21\n|\n|t:|1782821238\n|move|p2a: Cinderace|Pyro Ball|p1a: Gouging Fire|[miss]\n|-miss|p2a: Cinderace|p1a: Gouging Fire\n|-activate|p1a: Gouging Fire|confusion\n|move|p1a: Gouging Fire|Earthquake|p2a: Cinderace\n|-supereffective|p2a: Cinderace\n|-damage|p2a: Cinderace|0 fnt\n|faint|p2a: Cinderace\n|\n|upkeep\n|\n|t:|1782821241\n|switch|p2a: Blissey|Blissey, L85, F|572/572\n|turn|22\n|\n|t:|1782821244\n|-terastallize|p2a: Blissey|Fairy\n|-activate|p1a: Gouging Fire|confusion\n|move|p1a: Gouging Fire|Heat Crash|p2a: Blissey\n|-damage|p2a: Blissey|0 fnt\n|faint|p2a: Blissey\n|\n|win|Mikifp\n", "inputlog": ">version f8ac14003a5f27e1bdc8d8c59608a773c1cb96e5\n>start {\"formatid\":\"gen9randombattle\",\"seed\":\"sodium,1e120392b2d39a5a3af664340531f5f9\",\"rated\":\"Rated battle\"}\n>player p1 {\"name\":\"Mikifp\",\"avatar\":\"riley\",\"rating\":1906,\"seed\":\"sodium,2b4f63ff5edde37deb72eecf7598ebcd\"}\n>player p2 {\"name\":\"Fortre\",\"avatar\":\"101\",\"rating\":2028,\"seed\":\"sodium,e9e1bf88276d487af6afe73404e6293a\"}\n>p1 move uturn\n>p2 move uturn\n>p2 switch 3\n>p1 switch 6\n>p1 move knockoff\n>p2 move willowisp\n>p1 move knockoff\n>p2 move sludgewave\n>p2 switch 3\n>p1 switch 6\n>p2 move uturn\n>p2 switch 5\n>p1 move uturn\n>p2 move voltswitch\n>p1 switch 4\n>p2 switch 4\n>p1 move hydropump\n>p2 move nuzzle\n>p1 move encore\n>p2 move psychicnoise\n>p1 move hydropump\n>p2 move drainingkiss\n>p1 switch 3\n>p1 move earthquake\n>p2 switch 4\n>p1 switch 6\n>p2 move thunderwave\n>p1 move knockoff\n>p2 switch 4\n>p1 move knockoff\n>p2 move drainingkiss\n>p1 switch 6\n>p1 move earthquake\n>p2 move mysticalfire\n>p2 switch 5\n>p1 switch 2\n>p2 move pyroball\n>p1 move dragondance\n>p2 move uturn\n>p2 switch 6\n>p1 move dragondance\n>p2 move bodyslam\n>p1 move outrage\n>p2 move bodyslam\n>p1 move outrage\n>p2 move protect\n>p1 move outrage\n>p2 move bodyslam\n>p2 switch 6\n>p1 move outrage\n>p2 move uturn\n>p2 switch 4\n>p2 switch 4\n>p1 move earthquake\n>p2 move pyroball\n>p2 switch 2\n>p1 move heatcrash\n>p2 move seismictoss terastallize", "uploadtime": 1782820995, "views": 3, "formatid": "gen9randombattle", "rating": null, "private": 0, "password": null, "player_dets": [{"name": "Mikifp", "avatar": "riley", "rating": 1906, "seed": "sodium,2b4f63ff5edde37deb72eecf7598ebcd"}, {"name": "Fortre", "avatar": "101", "rating": 2028, "seed": "sodium,e9e1bf88276d487af6afe73404e6293a"}], "teams_full": [{"Cinderace": {"name": "Cinderace", "species": "Cinderace", "speciesId": "cinderace", "gender": "M", "shiny": false, "level": 77, "moves": ["uturn", "pyroball", "highjumpkick", "courtchange"], "ability": "Libero", "evs": {"hp": 81, "atk": 85, "def": 85, "spa": 85, "spd": 85, "spe": 85}, "ivs": {"hp": 31, "atk": 31, "def": 31, "spa": 31, "spd": 31, "spe": 31}, "item": "Heavy-Duty Boots", "teraType": "Fighting", "role": "Fast Attacker", "bvs": {"hp": 80, "atk": 116, "def": 75, "spa": 65, "spd": 75, "spe": 119}, "stats": {"hp": 249, "atk": 223, "def": 160, "spa": 145, "spd": 160, "spe": 228}, "types": ["Fire"]}, "Gouging Fire": {"name": "Gouging Fire", "species": "Gouging Fire", "speciesId": "gougingfire", "gender": "N", "shiny": false, "level": 74, "moves": ["heatcrash", "dragondance", "outrage", "earthquake"], "ability": "Protosynthesis", "evs": {"hp": 85, "atk": 85, "def": 85, "spa": 85, "spd": 85, "spe": 85}, "ivs": {"hp": 31, "atk": 31, "def": 31, "spa": 31, "spd": 31, "spe": 31}, "item": "Heavy-Duty Boots", "teraType": "Ground", "role": "Setup Sweeper", "bvs": {"hp": 105, "atk": 115, "def": 121, "spa": 65, "spd": 93, "spe": 91}, "stats": {"hp": 277, "atk": 213, "def": 222, "spa": 139, "spd": 181, "spe": 178}, "types": ["Fire", "Dragon"]}, "Sandslash": {"name": "Sandslash", "species": "Sandslash-Alola", "speciesId": "sandslashalola", "gender": "M", "shiny": false, "level": 88, "moves": ["tripleaxel", "earthquake", "rapidspin", "swordsdance"], "ability": "Slush Rush", "evs": {"hp": 85, "atk": 85, "def": 85, "spa": 85, "spd": 85, "spe": 85}, "ivs": {"hp": 31, "atk": 31, "def": 31, "spa": 31, "spd": 31, "spe": 31}, "item": "Leftovers", "teraType": "Ground", "role": "Setup Sweeper", "bvs": {"hp": 75, "atk": 100, "def": 120, "spa": 25, "spd": 65, "spe": 65}, "stats": {"hp": 275, "atk": 226, "def": 261, "spa": 94, "spd": 165, "spe": 165}, "types": ["Ice", "Steel"]}, "Golduck": {"name": "Golduck", "species": "Golduck", "speciesId": "golduck", "gender": "M", "shiny": false, "level": 90, "moves": ["encore", "grassknot", "hydropump", "nastyplot"], "ability": "Cloud Nine", "evs": {"hp": 85, "atk": 0, "def": 85, "spa": 85, "spd": 85, "spe": 85}, "ivs": {"hp": 31, "atk": 0, "def": 31, "spa": 31, "spd": 31, "spe": 31}, "item": "Leftovers", "teraType": "Water", "role": "Bulky Setup", "bvs": {"hp": 80, "atk": 82, "def": 78, "spa": 95, "spd": 80, "spe": 85}, "stats": {"hp": 290, "atk": 152, "def": 192, "spa": 222, "spd": 195, "spe": 204}, "types": ["Water"]}, "Keldeo": {"name": "Keldeo", "species": "Keldeo-Resolute", "speciesId": "keldeoresolute", "gender": "N", "shiny": false, "level": 79, "moves": ["vacuumwave", "hydropump", "calmmind", "secretsword"], "ability": "Justified", "evs": {"hp": 85, "atk": 0, "def": 85, "spa": 85, "spd": 85, "spe": 85}, "ivs": {"hp": 31, "atk": 0, "def": 31, "spa": 31, "spd": 31, "spe": 31}, "item": "Life Orb", "teraType": "Fighting", "role": "Fast Attacker", "bvs": {"hp": 91, "atk": 72, "def": 90, "spa": 129, "spd": 90, "spe": 108}, "stats": {"hp": 273, "atk": 118, "def": 188, "spa": 249, "spd": 188, "spe": 216}, "types": ["Water", "Fighting"]}, "Mienshao": {"name": "Mienshao", "species": "Mienshao", "speciesId": "mienshao", "gender": "F", "shiny": false, "level": 83, "moves": ["highjumpkick", "poisonjab", "stoneedge", "knockoff"], "ability": "Reckless", "evs": {"hp": 81, "atk": 85, "def": 85, "spa": 85, "spd": 85, "spe": 85}, "ivs": {"hp": 31, "atk": 31, "def": 31, "spa": 31, "spd": 31, "spe": 31}, "item": "Choice Band", "teraType": "Fighting", "role": "Wallbreaker", "bvs": {"hp": 65, "atk": 125, "def": 60, "spa": 95, "spd": 60, "spe": 105}, "stats": {"hp": 243, "atk": 255, "def": 147, "spa": 205, "spd": 147, "spe": 222}, "types": ["Fighting"]}}, {"Cinderace": {"name": "Cinderace", "species": "Cinderace", "speciesId": "cinderace", "gender": "M", "shiny": false, "level": 77, "moves": ["pyroball", "courtchange", "uturn", "willowisp"], "ability": "Libero", "evs": {"hp": 85, "atk": 85, "def": 85, "spa": 85, "spd": 85, "spe": 85}, "ivs": {"hp": 31, "atk": 31, "def": 31, "spa": 31, "spd": 31, "spe": 31}, "item": "Heavy-Duty Boots", "teraType": "Grass", "role": "Fast Support", "bvs": {"hp": 80, "atk": 116, "def": 75, "spa": 65, "spd": 75, "spe": 119}, "stats": {"hp": 250, "atk": 223, "def": 160, "spa": 145, "spd": 160, "spe": 228}, "types": ["Fire"]}, "Blissey": {"name": "Blissey", "species": "Blissey", "speciesId": "blissey", "gender": "F", "shiny": false, "level": 85, "moves": ["softboiled", "seismictoss", "healbell", "thunderwave"], "ability": "Natural Cure", "evs": {"hp": 85, "atk": 0, "def": 85, "spa": 85, "spd": 85, "spe": 85}, "ivs": {"hp": 31, "atk": 0, "def": 31, "spa": 31, "spd": 31, "spe": 31}, "item": "Leftovers", "teraType": "Fairy", "role": "Bulky Support", "bvs": {"hp": 255, "atk": 10, "def": 10, "spa": 75, "spd": 135, "spe": 55}, "stats": {"hp": 572, "atk": 22, "def": 66, "spa": 176, "spd": 278, "spe": 142}, "types": ["Normal"]}, "Gengar": {"name": "Gengar", "species": "Gengar", "speciesId": "gengar", "gender": "M", "shiny": false, "level": 81, "moves": ["encore", "sludgewave", "shadowball", "willowisp"], "ability": "Cursed Body", "evs": {"hp": 85, "atk": 0, "def": 85, "spa": 85, "spd": 85, "spe": 85}, "ivs": {"hp": 31, "atk": 0, "def": 31, "spa": 31, "spd": 31, "spe": 31}, "item": "Life Orb", "teraType": "Dark", "role": "Fast Attacker", "bvs": {"hp": 60, "atk": 65, "def": 60, "spa": 130, "spd": 75, "spe": 110}, "stats": {"hp": 230, "atk": 110, "def": 144, "spa": 257, "spd": 168, "spe": 225}, "types": ["Ghost", "Poison"]}, "Hatterene": {"name": "Hatterene", "species": "Hatterene", "speciesId": "hatterene", "gender": "F", "shiny": false, "level": 85, "moves": ["mysticalfire", "psychicnoise", "nuzzle", "drainingkiss"], "ability": "Magic Bounce", "evs": {"hp": 85, "atk": 85, "def": 85, "spa": 85, "spd": 85, "spe": 85}, "ivs": {"hp": 31, "atk": 31, "def": 31, "spa": 31, "spd": 31, "spe": 31}, "item": "Assault Vest", "teraType": "Steel", "role": "AV Pivot", "bvs": {"hp": 57, "atk": 90, "def": 95, "spa": 136, "spd": 103, "spe": 29}, "stats": {"hp": 236, "atk": 202, "def": 210, "spa": 280, "spd": 224, "spe": 98}, "types": ["Psychic", "Fairy"]}, "Lanturn": {"name": "Lanturn", "species": "Lanturn", "speciesId": "lanturn", "gender": "F", "shiny": false, "level": 89, "moves": ["scald", "voltswitch", "thunderbolt", "thunderwave"], "ability": "Volt Absorb", "evs": {"hp": 85, "atk": 0, "def": 85, "spa": 85, "spd": 85, "spe": 85}, "ivs": {"hp": 31, "atk": 0, "def": 31, "spa": 31, "spd": 31, "spe": 31}, "item": "Heavy-Duty Boots", "teraType": "Flying", "role": "Fast Support", "bvs": {"hp": 125, "atk": 58, "def": 58, "spa": 76, "spd": 76, "spe": 67}, "stats": {"hp": 367, "atk": 108, "def": 154, "spa": 186, "spd": 186, "spe": 170}, "types": ["Water", "Electric"]}, "Regigigas": {"name": "Regigigas", "species": "Regigigas", "speciesId": "regigigas", "gender": "N", "shiny": false, "level": 84, "moves": ["bodyslam", "protect", "knockoff", "substitute"], "ability": "Slow Start", "evs": {"hp": 85, "atk": 85, "def": 85, "spa": 85, "spd": 85, "spe": 85}, "ivs": {"hp": 31, "atk": 31, "def": 31, "spa": 31, "spd": 31, "spe": 31}, "item": "Leftovers", "teraType": "Poison", "role": "Bulky Attacker", "bvs": {"hp": 110, "atk": 160, "def": 110, "spa": 80, "spd": 110, "spe": 100}, "stats": {"hp": 322, "atk": 317, "def": 233, "spa": 183, "spd": 233, "spe": 216}, "types": ["Normal"]}}]}