{"id": "gen9randombattle-2641640220", "format": "[Gen 9] Random Battle", "players": ["seki95", "gothgirlpls?"], "log": "|j|\u203dseki95\n|j|\u2606gothgirlpls?\n|t:|1782823353\n|gametype|singles\n|player|p1|seki95|170|1986\n|player|p2|gothgirlpls?|roark|2031\n|gen|9\n|tier|[Gen 9] Random Battle\n|rated|\n|rule|Species Clause: Limit one of each Pok\u00e9mon\n|rule|HP Percentage Mod: HP is shown in percentages\n|rule|Sleep Clause Mod: Limit one foe put to sleep\n|rule|Illusion Level Mod: Illusion disguises the Pok\u00e9mon's true level\n|\n|t:|1782823353\n|teamsize|p1|6\n|teamsize|p2|6\n|start\n|switch|p1a: Espathra|Espathra, L80, F|283/283\n|switch|p2a: Ribombee|Ribombee, L83, M|235/235\n|turn|1\n|\n|t:|1782823366\n|switch|p1a: Ampharos|Ampharos, L88, M|302/302\n|move|p2a: Ribombee|Quiver Dance|p2a: Ribombee\n|-boost|p2a: Ribombee|spa|1\n|-boost|p2a: Ribombee|spd|1\n|-boost|p2a: Ribombee|spe|1\n|\n|upkeep\n|turn|2\n|\n|t:|1782823376\n|switch|p1a: Toxapex|Toxapex, L82, F|216/216\n|move|p2a: Ribombee|Quiver Dance|p2a: Ribombee\n|-boost|p2a: Ribombee|spa|1\n|-boost|p2a: Ribombee|spd|1\n|-boost|p2a: Ribombee|spe|1\n|\n|upkeep\n|turn|3\n|\n|t:|1782823381\n|-terastallize|p2a: Ribombee|Ground\n|move|p2a: Ribombee|Tera Blast|p1a: Toxapex|[anim] Tera Blast Ground\n|-supereffective|p1a: Toxapex\n|-damage|p1a: Toxapex|0 fnt\n|faint|p1a: Toxapex\n|\n|upkeep\n|\n|t:|1782823390\n|switch|p1a: Gumshoos|Gumshoos, L95, F|321/321\n|turn|4\n|\n|t:|1782823397\n|move|p2a: Ribombee|Moonblast|p1a: Gumshoos\n|-damage|p1a: Gumshoos|81/321\n|move|p1a: Gumshoos|Double-Edge|p2a: Ribombee\n|-damage|p2a: Ribombee|0 fnt\n|faint|p2a: Ribombee\n|-damage|p1a: Gumshoos|3/321|[from] Recoil\n|\n|upkeep\n|inactive|Battle timer is ON: inactive players will automatically lose when time's up. (requested by seki95)\n|\n|t:|1782823412\n|switch|p2a: Empoleon|Empoleon, L84, F|278/278\n|turn|5\n|\n|t:|1782823416\n|move|p2a: Empoleon|Surf|p1a: Gumshoos\n|-damage|p1a: Gumshoos|0 fnt\n|faint|p1a: Gumshoos\n|\n|upkeep\n|\n|t:|1782823418\n|switch|p1a: Ampharos|Ampharos, L88, M|302/302\n|turn|6\n|inactive|gothgirlpls? has 120 seconds left.\n|\n|t:|1782823458\n|move|p2a: Empoleon|Yawn|p1a: Ampharos\n|-start|p1a: Ampharos|move: Yawn|[of] p2a: Empoleon\n|move|p1a: Ampharos|Agility|p1a: Ampharos\n|-boost|p1a: Ampharos|spe|2\n|\n|upkeep\n|turn|7\n|inactive|gothgirlpls? has 120 seconds left.\n|\n|t:|1782823470\n|switch|p1a: Chesnaught|Chesnaught, L84, F|285/285\n|move|p2a: Empoleon|Knock Off|p1a: Chesnaught\n|-resisted|p1a: Chesnaught\n|-damage|p1a: Chesnaught|262/285\n|-damage|p2a: Empoleon|232/278|[from] item: Rocky Helmet|[of] p1a: Chesnaught\n|-enditem|p1a: Chesnaught|Rocky Helmet|[from] move: Knock Off|[of] p2a: Empoleon\n|\n|-heal|p2a: Empoleon|249/278|[from] item: Leftovers\n|upkeep\n|turn|8\n|inactive|gothgirlpls? has 120 seconds left.\n|\n|t:|1782823476\n|switch|p2a: Mandibuzz|Mandibuzz, L85, F|326/326\n|move|p1a: Chesnaught|Body Press|p2a: Mandibuzz\n|-damage|p2a: Mandibuzz|230/326\n|\n|upkeep\n|turn|9\n|\n|t:|1782823486\n|switch|p1a: Espathra|Espathra, L80, F|283/283\n|move|p2a: Mandibuzz|Toxic|p1a: Espathra\n|-status|p1a: Espathra|tox\n|\n|-damage|p1a: Espathra|266/283 tox|[from] psn\n|upkeep\n|turn|10\n|\n|t:|1782823497\n|move|p1a: Espathra|Calm Mind|p1a: Espathra\n|-boost|p1a: Espathra|spa|1\n|-boost|p1a: Espathra|spd|1\n|move|p2a: Mandibuzz|Knock Off|p1a: Espathra\n|-supereffective|p1a: Espathra\n|-damage|p1a: Espathra|36/283 tox\n|-enditem|p1a: Espathra|Leftovers|[from] move: Knock Off|[of] p2a: Mandibuzz\n|\n|-damage|p1a: Espathra|2/283 tox|[from] psn\n|-ability|p1a: Espathra|Speed Boost|boost\n|-boost|p1a: Espathra|spe|1\n|upkeep\n|turn|11\n|\n|t:|1782823506\n|switch|p1a: Ampharos|Ampharos, L88, M|302/302\n|switch|p2a: Empoleon|Empoleon, L84, F|249/278\n|\n|-heal|p2a: Empoleon|266/278|[from] item: Leftovers\n|upkeep\n|turn|12\n|\n|t:|1782823512\n|move|p2a: Empoleon|Knock Off|p1a: Ampharos\n|-damage|p1a: Ampharos|245/302\n|-status|p2a: Empoleon|par|[from] ability: Static|[of] p1a: Ampharos\n|-enditem|p1a: Ampharos|Life Orb|[from] move: Knock Off|[of] p2a: Empoleon\n|move|p1a: Ampharos|Thunderbolt|p2a: Empoleon\n|-supereffective|p2a: Empoleon\n|-damage|p2a: Empoleon|54/278 par\n|\n|-heal|p2a: Empoleon|71/278 par|[from] item: Leftovers\n|upkeep\n|turn|13\n|\n|t:|1782823517\n|move|p1a: Ampharos|Thunderbolt|p2a: Empoleon\n|-supereffective|p2a: Empoleon\n|-damage|p2a: Empoleon|0 fnt\n|faint|p2a: Empoleon\n|\n|upkeep\n|\n|t:|1782823523\n|switch|p2a: Haxorus|Haxorus, L77, M|244/244\n|-ability|p2a: Haxorus|Mold Breaker\n|turn|14\n|\n|t:|1782823527\n|-terastallize|p1a: Ampharos|Fairy\n|move|p2a: Haxorus|Dragon Dance|p2a: Haxorus\n|-boost|p2a: Haxorus|atk|1\n|-boost|p2a: Haxorus|spe|1\n|move|p1a: Ampharos|Dazzling Gleam|p2a: Haxorus\n|-supereffective|p2a: Haxorus\n|-damage|p2a: Haxorus|0 fnt\n|faint|p2a: Haxorus\n|\n|upkeep\n|\n|t:|1782823542\n|switch|p2a: Cryogonal|Cryogonal, L89|287/287\n|turn|15\n|\n|t:|1782823550\n|move|p2a: Cryogonal|Flash Cannon|p1a: Ampharos\n|-supereffective|p1a: Ampharos\n|-damage|p1a: Ampharos|125/302\n|move|p1a: Ampharos|Agility|p1a: Ampharos\n|-boost|p1a: Ampharos|spe|2\n|\n|upkeep\n|turn|16\n|\n|t:|1782823555\n|move|p1a: Ampharos|Focus Blast|p2a: Cryogonal\n|-supereffective|p2a: Cryogonal\n|-crit|p2a: Cryogonal\n|-damage|p2a: Cryogonal|77/287\n|move|p2a: Cryogonal|Flash Cannon|p1a: Ampharos\n|-supereffective|p1a: Ampharos\n|-damage|p1a: Ampharos|9/302\n|\n|upkeep\n|turn|17\n|\n|t:|1782823576\n|move|p1a: Ampharos|Thunderbolt|p2a: Cryogonal\n|-damage|p2a: Cryogonal|0 fnt\n|faint|p2a: Cryogonal\n|\n|upkeep\n|\n|t:|1782823578\n|switch|p2a: Wugtrio|Wugtrio, L91, F|212/212\n|turn|18\n|\n|t:|1782823582\n|switch|p1a: Espathra|Espathra, L80, F|2/283 tox\n|move|p2a: Wugtrio|Aqua Jet|p1a: Espathra\n|-damage|p1a: Espathra|0 fnt\n|faint|p1a: Espathra\n|\n|upkeep\n|\n|t:|1782823587\n|switch|p1a: Chesnaught|Chesnaught, L84, F|262/285\n|turn|19\n|\n|t:|1782823595\n|switch|p2a: Mandibuzz|Mandibuzz, L85, F|230/326\n|switch|p1a: Hoopa|Hoopa-Unbound, L80|259/259\n|\n|upkeep\n|turn|20\n|\n|t:|1782823604\n|move|p2a: Mandibuzz|Toxic|p1a: Hoopa\n|-status|p1a: Hoopa|tox\n|move|p1a: Hoopa|Trick|p2a: Mandibuzz\n|-activate|p1a: Hoopa|move: Trick|[of] p2a: Mandibuzz\n|-item|p2a: Mandibuzz|Choice Band|[from] move: Trick\n|-item|p1a: Hoopa|Heavy-Duty Boots|[from] move: Trick\n|\n|-damage|p1a: Hoopa|243/259 tox|[from] psn\n|upkeep\n|turn|21\n|\n|t:|1782823619\n|switch|p2a: Wugtrio|Wugtrio, L91, F|212/212\n|move|p1a: Hoopa|Drain Punch|p2a: Wugtrio\n|-damage|p2a: Wugtrio|107/212\n|-heal|p1a: Hoopa|259/259 tox|[from] drain|[of] p2a: Wugtrio\n|-ability|p2a: Wugtrio|Gooey\n|-unboost|p1a: Hoopa|spe|1\n|\n|-damage|p1a: Hoopa|227/259 tox|[from] psn\n|upkeep\n|turn|22\n|\n|t:|1782823629\n|switch|p1a: Chesnaught|Chesnaught, L84, F|262/285\n|move|p2a: Wugtrio|Liquidation|p1a: Chesnaught\n|-resisted|p1a: Chesnaught\n|-damage|p1a: Chesnaught|197/285\n|-unboost|p1a: Chesnaught|def|1\n|\n|upkeep\n|turn|23\n|\n|t:|1782823636\n|switch|p2a: Mandibuzz|Mandibuzz, L85, F|230/326\n|move|p1a: Chesnaught|Wood Hammer|p2a: Mandibuzz\n|-resisted|p2a: Mandibuzz\n|-damage|p2a: Mandibuzz|173/326\n|-damage|p1a: Chesnaught|178/285|[from] Recoil\n|\n|upkeep\n|turn|24\n|\n|t:|1782823640\n|switch|p1a: Ampharos|Ampharos, L88, M, tera:Fairy|9/302\n|move|p2a: Mandibuzz|Brave Bird|p1a: Ampharos\n|-damage|p1a: Ampharos|0 fnt\n|-status|p2a: Mandibuzz|par|[from] ability: Static|[of] p1a: Ampharos\n|faint|p1a: Ampharos\n|-damage|p2a: Mandibuzz|170/326 par|[from] Recoil\n|\n|upkeep\n|\n|t:|1782823643\n|switch|p1a: Hoopa|Hoopa-Unbound, L80|227/259 tox\n|turn|25\n|\n|t:|1782823649\n|switch|p2a: Wugtrio|Wugtrio, L91, F|107/212\n|move|p1a: Hoopa|Drain Punch|p2a: Wugtrio\n|-damage|p2a: Wugtrio|4/212\n|-heal|p1a: Hoopa|259/259 tox|[from] drain|[of] p2a: Wugtrio\n|-ability|p2a: Wugtrio|Gooey\n|-unboost|p1a: Hoopa|spe|1\n|\n|-damage|p1a: Hoopa|243/259 tox|[from] psn\n|upkeep\n|turn|26\n|\n|t:|1782823658\n|switch|p2a: Mandibuzz|Mandibuzz, L85, F|170/326 par\n|switch|p1a: Chesnaught|Chesnaught, L84, F|178/285\n|\n|upkeep\n|turn|27\n|\n|t:|1782823662\n|move|p1a: Chesnaught|Synthesis|p1a: Chesnaught\n|-heal|p1a: Chesnaught|285/285\n|move|p2a: Mandibuzz|Brave Bird|p1a: Chesnaught\n|-supereffective|p1a: Chesnaught\n|-damage|p1a: Chesnaught|0 fnt\n|faint|p1a: Chesnaught\n|-damage|p2a: Mandibuzz|76/326 par|[from] Recoil\n|\n|upkeep\n|\n|t:|1782823665\n|switch|p1a: Hoopa|Hoopa-Unbound, L80|243/259 tox\n|turn|28\n|\n|t:|1782823673\n|move|p1a: Hoopa|Drain Punch|p2a: Mandibuzz\n|-damage|p2a: Mandibuzz|14/326 par\n|-heal|p1a: Hoopa|259/259 tox|[from] drain|[of] p2a: Mandibuzz\n|cant|p2a: Mandibuzz|par\n|\n|-damage|p1a: Hoopa|243/259 tox|[from] psn\n|upkeep\n|turn|29\n|\n|t:|1782823677\n|move|p1a: Hoopa|Drain Punch|p2a: Mandibuzz\n|-damage|p2a: Mandibuzz|0 fnt\n|-heal|p1a: Hoopa|250/259 tox|[from] drain|[of] p2a: Mandibuzz\n|faint|p2a: Mandibuzz\n|\n|-damage|p1a: Hoopa|218/259 tox|[from] psn\n|upkeep\n|\n|t:|1782823678\n|switch|p2a: Wugtrio|Wugtrio, L91, F|4/212\n|turn|30\n|\n|t:|1782823680\n|move|p2a: Wugtrio|Liquidation|p1a: Hoopa\n|-damage|p1a: Hoopa|0 fnt\n|faint|p1a: Hoopa\n|\n|win|gothgirlpls?\n", "inputlog": ">version f8ac14003a5f27e1bdc8d8c59608a773c1cb96e5\n>start {\"formatid\":\"gen9randombattle\",\"seed\":\"sodium,ca99fa0d7d7fbe04ff1c0d25a0c7bfc7\",\"rated\":\"Rated battle\"}\n>player p1 {\"name\":\"seki95\",\"avatar\":\"170\",\"rating\":1986,\"seed\":\"sodium,78f92ef74a4363d9f8c6e814eed4b416\"}\n>player p2 {\"name\":\"gothgirlpls?\",\"avatar\":\"roark\",\"rating\":2031,\"seed\":\"sodium,c3abee855c0cfca1395da2b98bd91a58\"}\n>p1 switch 3\n>p2 move quiverdance\n>p1 switch 5\n>p2 move quiverdance\n>p1 move toxic\n>p2 move terablast terastallize\n>p1 switch 4\n>p1 move doubleedge\n>p2 move moonblast\n>p2 switch 2\n>p1 move doubleedge\n>p2 move surf\n>p1 switch 5\n>p1 move agility\n>p2 move yawn\n>p1 switch 6\n>p2 move knockoff\n>p1 move bodypress\n>p2 switch 5\n>p1 switch 3\n>p2 move toxic\n>p1 move calmmind\n>p2 move knockoff\n>p1 switch 6\n>p2 switch 5\n>p1 move thunderbolt\n>p2 move knockoff\n>p1 move thunderbolt\n>p2 move surf\n>p2 switch 3\n>p1 move dazzlinggleam terastallize\n>p2 move dragondance\n>p2 switch 4\n>p1 move agility\n>p2 move flashcannon\n>p1 move focusblast\n>p2 move flashcannon\n>p1 move thunderbolt\n>p2 move flashcannon\n>p2 switch 6\n>p1 switch 6\n>p2 move aquajet\n>p1 switch 3\n>p1 switch 2\n>p2 switch 5\n>p1 move trick\n>p2 move toxic\n>p1 move drainpunch\n>p2 switch 5\n>p1 switch 2\n>p2 move liquidation\n>p1 move woodhammer\n>p2 switch 5\n>p1 switch 6\n>p2 move bravebird\n>p1 switch 2\n>p1 move drainpunch\n>p2 switch 5\n>p1 switch 6\n>p2 switch 5\n>p1 move synthesis\n>p2 move bravebird\n>p1 switch 6\n>p1 move drainpunch\n>p2 move bravebird\n>p1 move drainpunch\n>p2 move bravebird\n>p2 switch 5\n>p1 move drainpunch\n>p2 move liquidation", "uploadtime": 1782823355, "views": 6, "formatid": "gen9randombattle", "rating": null, "private": 0, "password": null, "player_dets": [{"name": "seki95", "avatar": "170", "rating": 1986, "seed": "sodium,78f92ef74a4363d9f8c6e814eed4b416"}, {"name": "gothgirlpls?", "avatar": "roark", "rating": 2031, "seed": "sodium,c3abee855c0cfca1395da2b98bd91a58"}], "teams_full": [{"Espathra": {"name": "Espathra", "species": "Espathra", "speciesId": "espathra", "gender": "F", "shiny": false, "level": 80, "moves": ["calmmind", "dazzlinggleam", "storedpower", "roost"], "ability": "Speed Boost", "evs": {"hp": 85, "atk": 0, "def": 85, "spa": 85, "spd": 85, "spe": 85}, "ivs": {"hp": 31, "atk": 0, "def": 31, "spa": 31, "spd": 31, "spe": 31}, "item": "Leftovers", "teraType": "Fairy", "role": "Fast Bulky Setup", "bvs": {"hp": 95, "atk": 60, "def": 60, "spa": 101, "spd": 60, "spe": 105}, "stats": {"hp": 283, "atk": 101, "def": 142, "spa": 208, "spd": 142, "spe": 214}, "types": ["Psychic"]}, "Hoopa": {"name": "Hoopa", "species": "Hoopa-Unbound", "speciesId": "hoopaunbound", "gender": "N", "shiny": false, "level": 80, "moves": ["zenheadbutt", "drainpunch", "trick", "hyperspacefury"], "ability": "Magician", "evs": {"hp": 85, "atk": 85, "def": 85, "spa": 85, "spd": 85, "spe": 85}, "ivs": {"hp": 31, "atk": 31, "def": 31, "spa": 31, "spd": 31, "spe": 31}, "item": "Choice Band", "teraType": "Dark", "role": "Wallbreaker", "bvs": {"hp": 80, "atk": 160, "def": 60, "spa": 170, "spd": 130, "spe": 80}, "stats": {"hp": 259, "atk": 302, "def": 142, "spa": 318, "spd": 254, "spe": 174}, "types": ["Psychic", "Dark"]}, "Ampharos": {"name": "Ampharos", "species": "Ampharos", "speciesId": "ampharos", "gender": "M", "shiny": false, "level": 88, "moves": ["dazzlinggleam", "agility", "thunderbolt", "focusblast"], "ability": "Static", "evs": {"hp": 85, "atk": 0, "def": 85, "spa": 85, "spd": 85, "spe": 85}, "ivs": {"hp": 31, "atk": 0, "def": 31, "spa": 31, "spd": 31, "spe": 31}, "item": "Life Orb", "teraType": "Fairy", "role": "Wallbreaker", "bvs": {"hp": 90, "atk": 75, "def": 85, "spa": 115, "spd": 90, "spe": 55}, "stats": {"hp": 302, "atk": 137, "def": 200, "spa": 253, "spd": 209, "spe": 147}, "types": ["Electric"]}, "Gumshoos": {"name": "Gumshoos", "species": "Gumshoos", "speciesId": "gumshoos", "gender": "F", "shiny": false, "level": 95, "moves": ["uturn", "earthquake", "doubleedge", "knockoff"], "ability": "Stakeout", "evs": {"hp": 85, "atk": 85, "def": 85, "spa": 85, "spd": 85, "spe": 85}, "ivs": {"hp": 31, "atk": 31, "def": 31, "spa": 31, "spd": 31, "spe": 31}, "item": "Choice Band", "teraType": "Normal", "role": "Wallbreaker", "bvs": {"hp": 88, "atk": 110, "def": 60, "spa": 55, "spd": 60, "spe": 45}, "stats": {"hp": 321, "atk": 263, "def": 168, "spa": 158, "spd": 168, "spe": 139}, "types": ["Normal"]}, "Toxapex": {"name": "Toxapex", "species": "Toxapex", "speciesId": "toxapex", "gender": "F", "shiny": false, "level": 82, "moves": ["haze", "toxic", "recover", "liquidation"], "ability": "Regenerator", "evs": {"hp": 85, "atk": 85, "def": 85, "spa": 85, "spd": 85, "spe": 85}, "ivs": {"hp": 31, "atk": 31, "def": 31, "spa": 31, "spd": 31, "spe": 31}, "item": "Leftovers", "teraType": "Flying", "role": "Bulky Support", "bvs": {"hp": 50, "atk": 63, "def": 152, "spa": 53, "spd": 142, "spe": 35}, "stats": {"hp": 216, "atk": 150, "def": 296, "spa": 134, "spd": 280, "spe": 105}, "types": ["Poison", "Water"]}, "Chesnaught": {"name": "Chesnaught", "species": "Chesnaught", "speciesId": "chesnaught", "gender": "F", "shiny": false, "level": 84, "moves": ["woodhammer", "synthesis", "bodypress", "knockoff"], "ability": "Bulletproof", "evs": {"hp": 85, "atk": 85, "def": 85, "spa": 85, "spd": 85, "spe": 85}, "ivs": {"hp": 31, "atk": 31, "def": 31, "spa": 31, "spd": 31, "spe": 31}, "item": "Rocky Helmet", "teraType": "Water", "role": "Bulky Support", "bvs": {"hp": 88, "atk": 107, "def": 122, "spa": 74, "spd": 75, "spe": 64}, "stats": {"hp": 285, "atk": 228, "def": 253, "spa": 173, "spd": 174, "spe": 156}, "types": ["Grass", "Fighting"]}}, {"Ribombee": {"name": "Ribombee", "species": "Ribombee", "speciesId": "ribombee", "gender": "M", "shiny": false, "level": 83, "moves": ["moonblast", "terablast", "quiverdance", "bugbuzz"], "ability": "Shield Dust", "evs": {"hp": 85, "atk": 0, "def": 85, "spa": 85, "spd": 85, "spe": 85}, "ivs": {"hp": 31, "atk": 0, "def": 31, "spa": 31, "spd": 31, "spe": 31}, "item": "Heavy-Duty Boots", "teraType": "Ground", "role": "Tera Blast user", "bvs": {"hp": 60, "atk": 55, "def": 60, "spa": 95, "spd": 70, "spe": 124}, "stats": {"hp": 235, "atk": 96, "def": 147, "spa": 205, "spd": 164, "spe": 254}, "types": ["Bug", "Fairy"]}, "Empoleon": {"name": "Empoleon", "species": "Empoleon", "speciesId": "empoleon", "gender": "F", "shiny": false, "level": 84, "moves": ["yawn", "surf", "knockoff", "roost"], "ability": "Competitive", "evs": {"hp": 85, "atk": 85, "def": 85, "spa": 85, "spd": 85, "spe": 85}, "ivs": {"hp": 31, "atk": 31, "def": 31, "spa": 31, "spd": 31, "spe": 31}, "item": "Leftovers", "teraType": "Flying", "role": "Bulky Support", "bvs": {"hp": 84, "atk": 86, "def": 88, "spa": 111, "spd": 101, "spe": 60}, "stats": {"hp": 278, "atk": 193, "def": 196, "spa": 235, "spd": 218, "spe": 149}, "types": ["Water", "Steel"]}, "Haxorus": {"name": "Haxorus", "species": "Haxorus", "speciesId": "haxorus", "gender": "M", "shiny": false, "level": 77, "moves": ["ironhead", "dragondance", "outrage", "earthquake"], "ability": "Mold Breaker", "evs": {"hp": 85, "atk": 85, "def": 85, "spa": 85, "spd": 85, "spe": 85}, "ivs": {"hp": 31, "atk": 31, "def": 31, "spa": 31, "spd": 31, "spe": 31}, "item": "Lum Berry", "teraType": "Steel", "role": "Setup Sweeper", "bvs": {"hp": 76, "atk": 147, "def": 90, "spa": 60, "spd": 70, "spe": 97}, "stats": {"hp": 244, "atk": 271, "def": 183, "spa": 137, "spd": 152, "spe": 194}, "types": ["Dragon"]}, "Cryogonal": {"name": "Cryogonal", "species": "Cryogonal", "speciesId": "cryogonal", "gender": "N", "shiny": false, "level": 89, "moves": ["freezedry", "recover", "flashcannon", "rapidspin"], "ability": "Levitate", "evs": {"hp": 85, "atk": 85, "def": 85, "spa": 85, "spd": 85, "spe": 85}, "ivs": {"hp": 31, "atk": 31, "def": 31, "spa": 31, "spd": 31, "spe": 31}, "item": "Heavy-Duty Boots", "teraType": "Steel", "role": "Bulky Support", "bvs": {"hp": 80, "atk": 50, "def": 50, "spa": 95, "spd": 135, "spe": 105}, "stats": {"hp": 287, "atk": 140, "def": 140, "spa": 220, "spd": 291, "spe": 238}, "types": ["Ice"]}, "Mandibuzz": {"name": "Mandibuzz", "species": "Mandibuzz", "speciesId": "mandibuzz", "gender": "F", "shiny": false, "level": 85, "moves": ["knockoff", "roost", "toxic", "bravebird"], "ability": "Overcoat", "evs": {"hp": 85, "atk": 85, "def": 85, "spa": 85, "spd": 85, "spe": 85}, "ivs": {"hp": 31, "atk": 31, "def": 31, "spa": 31, "spd": 31, "spe": 31}, "item": "Heavy-Duty Boots", "teraType": "Steel", "role": "Bulky Attacker", "bvs": {"hp": 110, "atk": 65, "def": 105, "spa": 55, "spd": 95, "spe": 80}, "stats": {"hp": 326, "atk": 159, "def": 227, "spa": 142, "spd": 210, "spe": 185}, "types": ["Dark", "Flying"]}, "Wugtrio": {"name": "Wugtrio", "species": "Wugtrio", "speciesId": "wugtrio", "gender": "F", "shiny": false, "level": 91, "moves": ["throatchop", "stompingtantrum", "aquajet", "liquidation"], "ability": "Gooey", "evs": {"hp": 85, "atk": 85, "def": 85, "spa": 85, "spd": 85, "spe": 85}, "ivs": {"hp": 31, "atk": 31, "def": 31, "spa": 31, "spd": 31, "spe": 31}, "item": "Choice Band", "teraType": "Water", "role": "Fast Attacker", "bvs": {"hp": 35, "atk": 100, "def": 50, "spa": 50, "spd": 70, "spe": 120}, "stats": {"hp": 212, "atk": 234, "def": 143, "spa": 143, "spd": 179, "spe": 270}, "types": ["Water"]}}]}