{"id": "gen9randombattle-2641733365", "format": "[Gen 9] Random Battle", "players": ["LeGrandMichel", "YurizukiRui"], "log": "|j|\u2606LeGrandMichel\n|j|\u2606YurizukiRui\n|t:|1782835459\n|gametype|singles\n|player|p1|LeGrandMichel|lenora|\n|player|p2|YurizukiRui|102|\n|gen|9\n|tier|[Gen 9] Random Battle\n|rule|Species Clause: Limit one of each Pok\u00e9mon\n|rule|HP Percentage Mod: HP is shown in percentages\n|rule|Sleep Clause Mod: Limit one foe put to sleep\n|rule|Illusion Level Mod: Illusion disguises the Pok\u00e9mon's true level\n|\n|t:|1782835459\n|teamsize|p1|6\n|teamsize|p2|6\n|start\n|switch|p1a: Hypno|Hypno, L95, M|315/315\n|switch|p2a: Kilowattrel|Kilowattrel, L83, M|252/252\n|turn|1\n|\n|t:|1782835568\n|move|p2a: Kilowattrel|Discharge|p1a: Hypno\n|-damage|p1a: Hypno|245/315\n|move|p1a: Hypno|Toxic|p2a: Kilowattrel\n|-status|p2a: Kilowattrel|tox\n|\n|-heal|p1a: Hypno|264/315|[from] item: Leftovers\n|-damage|p2a: Kilowattrel|237/252 tox|[from] psn\n|upkeep\n|turn|2\n|\n|t:|1782835630\n|move|p1a: Hypno|Protect|p1a: Hypno\n|-singleturn|p1a: Hypno|Protect\n|move|p2a: Kilowattrel|Hurricane|p1a: Hypno\n|-activate|p1a: Hypno|move: Protect\n|\n|-heal|p1a: Hypno|283/315|[from] item: Leftovers\n|-damage|p2a: Kilowattrel|207/252 tox|[from] psn\n|upkeep\n|turn|3\n|\n|t:|1782835687\n|move|p2a: Kilowattrel|Hurricane|p1a: Hypno\n|-damage|p1a: Hypno|199/315\n|move|p1a: Hypno|Psychic Noise|p2a: Kilowattrel\n|-damage|p2a: Kilowattrel|90/252 tox\n|-start|p2a: Kilowattrel|move: Heal Block\n|\n|-heal|p1a: Hypno|218/315|[from] item: Leftovers\n|-damage|p2a: Kilowattrel|45/252 tox|[from] psn\n|upkeep\n|turn|4\n|\n|t:|1782835699\n|move|p1a: Hypno|Protect|p1a: Hypno\n|-singleturn|p1a: Hypno|Protect\n|move|p2a: Kilowattrel|U-turn|p1a: Hypno\n|-activate|p1a: Hypno|move: Protect\n|\n|-heal|p1a: Hypno|237/315|[from] item: Leftovers\n|-damage|p2a: Kilowattrel|0 fnt|[from] psn\n|faint|p2a: Kilowattrel\n|upkeep\n|\n|t:|1782835735\n|switch|p2a: Electrode|Electrode, L92|260/260\n|turn|5\n|\n|t:|1782835768\n|switch|p1a: Tauros|Tauros-Paldea-Combat, L82, M|257/257\n|-ability|p1a: Tauros|Intimidate|boost\n|-unboost|p2a: Electrode|atk|1\n|move|p2a: Electrode|Taunt|p1a: Tauros\n|-start|p1a: Tauros|move: Taunt\n|\n|upkeep\n|turn|6\n|\n|t:|1782835782\n|move|p2a: Electrode|Thunderbolt|p1a: Tauros\n|-damage|p1a: Tauros|109/257\n|-damage|p2a: Electrode|234/260|[from] item: Life Orb\n|move|p1a: Tauros|Earthquake|p2a: Electrode\n|-supereffective|p2a: Electrode\n|-damage|p2a: Electrode|0 fnt\n|faint|p2a: Electrode\n|\n|upkeep\n|\n|t:|1782835801\n|switch|p2a: Kommo-o|Kommo-o, L78, M|245/245\n|turn|7\n|\n|t:|1782835820\n|move|p1a: Tauros|Earthquake|p2a: Kommo-o\n|-damage|p2a: Kommo-o|156/245\n|move|p2a: Kommo-o|Close Combat|p1a: Tauros\n|-damage|p1a: Tauros|4/257\n|-unboost|p2a: Kommo-o|def|1\n|-unboost|p2a: Kommo-o|spd|1\n|\n|-end|p1a: Tauros|move: Taunt\n|upkeep\n|turn|8\n|\n|t:|1782835857\n|move|p1a: Tauros|Earthquake|p2a: Kommo-o\n|-damage|p2a: Kommo-o|18/245\n|move|p2a: Kommo-o|Iron Head|p1a: Tauros\n|-damage|p1a: Tauros|0 fnt\n|faint|p1a: Tauros\n|\n|upkeep\n|\n|t:|1782835905\n|switch|p1a: Mabosstiff|Mabosstiff, L86, M|278/278\n|turn|9\n|\n|t:|1782835924\n|move|p1a: Mabosstiff|Crunch|p2a: Kommo-o\n|-resisted|p2a: Kommo-o\n|-damage|p2a: Kommo-o|0 fnt\n|faint|p2a: Kommo-o\n|\n|upkeep\n|\n|t:|1782835937\n|switch|p2a: Iron Boulder|Iron Boulder, L77|265/265\n|-enditem|p2a: Iron Boulder|Booster Energy\n|-activate|p2a: Iron Boulder|ability: Quark Drive|[fromitem]\n|-start|p2a: Iron Boulder|quarkdrivespe\n|turn|10\n|\n|t:|1782835971\n|switch|p1a: Shaymin|Shaymin, L82|298/298\n|move|p2a: Iron Boulder|Mighty Cleave|p1a: Shaymin\n|-damage|p1a: Shaymin|205/298\n|\n|-heal|p1a: Shaymin|223/298|[from] item: Leftovers\n|upkeep\n|turn|11\n|\n|t:|1782835991\n|-end|p2a: Iron Boulder|Quark Drive|[silent]\n|switch|p2a: Sunflora|Sunflora, F|312/312\n|move|p1a: Shaymin|Seed Flare|p2a: Sunflora|[miss]\n|-miss|p1a: Shaymin|p2a: Sunflora\n|\n|-heal|p1a: Shaymin|241/298|[from] item: Leftovers\n|upkeep\n|turn|12\n|\n|t:|1782836001\n|-terastallize|p2a: Sunflora|Fire\n|move|p1a: Shaymin|Air Slash|p2a: Sunflora\n|-damage|p2a: Sunflora|265/312\n|move|p2a: Sunflora|Sunny Day|p2a: Sunflora\n|-weather|SunnyDay\n|\n|-weather|SunnyDay|[upkeep]\n|-heal|p1a: Shaymin|259/298|[from] item: Leftovers\n|upkeep\n|turn|13\n|\n|t:|1782836042\n|switch|p1a: Ursaluna|Ursaluna-Bloodmoon, L79, M|308/308\n|move|p2a: Sunflora|Weather Ball|p1a: Ursaluna\n|-damage|p1a: Ursaluna|0 fnt\n|faint|p1a: Ursaluna\n|-damage|p2a: Sunflora|234/312|[from] item: Life Orb\n|\n|-weather|SunnyDay|[upkeep]\n|upkeep\n|\n|t:|1782836101\n|switch|p1a: Hypno|Hypno, L95, M|237/315\n|turn|14\n|\n|t:|1782836154\n|move|p1a: Hypno|Protect|p1a: Hypno\n|-singleturn|p1a: Hypno|Protect\n|move|p2a: Sunflora|Solar Beam||[still]\n|-prepare|p2a: Sunflora|Solar Beam\n|-anim|p2a: Sunflora|Solar Beam|p1a: Hypno\n|-activate|p1a: Hypno|move: Protect\n|\n|-weather|SunnyDay|[upkeep]\n|-heal|p1a: Hypno|256/315|[from] item: Leftovers\n|upkeep\n|turn|15\n|\n|t:|1782836168\n|move|p2a: Sunflora|Weather Ball|p1a: Hypno\n|-damage|p1a: Hypno|25/315\n|-damage|p2a: Sunflora|203/312|[from] item: Life Orb\n|move|p1a: Hypno|Toxic|p2a: Sunflora|[miss]\n|-miss|p1a: Hypno|p2a: Sunflora\n|\n|-weather|SunnyDay|[upkeep]\n|-heal|p1a: Hypno|44/315|[from] item: Leftovers\n|upkeep\n|turn|16\n|\n|t:|1782836203\n|move|p1a: Hypno|Protect|p1a: Hypno\n|-singleturn|p1a: Hypno|Protect\n|move|p2a: Sunflora|Weather Ball|p1a: Hypno\n|-activate|p1a: Hypno|move: Protect\n|\n|-weather|none\n|-heal|p1a: Hypno|63/315|[from] item: Leftovers\n|upkeep\n|turn|17\n|\n|t:|1782836230\n|switch|p1a: Mabosstiff|Mabosstiff, L86, M|278/278\n|move|p2a: Sunflora|Sunny Day|p2a: Sunflora\n|-weather|SunnyDay\n|\n|-weather|SunnyDay|[upkeep]\n|upkeep\n|turn|18\n|\n|t:|1782836264\n|move|p1a: Mabosstiff|Crunch|p2a: Sunflora\n|-damage|p2a: Sunflora|74/312\n|move|p2a: Sunflora|Weather Ball|p1a: Mabosstiff\n|-damage|p1a: Mabosstiff|0 fnt\n|faint|p1a: Mabosstiff\n|-damage|p2a: Sunflora|43/312|[from] item: Life Orb\n|\n|-weather|SunnyDay|[upkeep]\n|upkeep\n|\n|t:|1782836277\n|switch|p1a: Shaymin|Shaymin, L82|259/298\n|turn|19\n|\n|t:|1782836284\n|move|p2a: Sunflora|Weather Ball|p1a: Shaymin\n|-supereffective|p1a: Shaymin\n|-damage|p1a: Shaymin|0 fnt\n|faint|p1a: Shaymin\n|-damage|p2a: Sunflora|12/312|[from] item: Life Orb\n|\n|-weather|SunnyDay|[upkeep]\n|upkeep\n|\n|t:|1782836293\n|switch|p1a: Chi-Yu|Chi-Yu, L77|211/211\n|-ability|p1a: Chi-Yu|Beads of Ruin\n|turn|20\n|\n|t:|1782836312\n|switch|p2a: Keldeo|Keldeo-Resolute, L79|273/273\n|move|p1a: Chi-Yu|Dark Pulse|p2a: Keldeo\n|-resisted|p2a: Keldeo\n|-damage|p2a: Keldeo|214/273\n|-ability|p2a: Keldeo|Justified|boost\n|-boost|p2a: Keldeo|atk|1\n|\n|-weather|SunnyDay|[upkeep]\n|-heal|p2a: Keldeo|231/273|[from] item: Leftovers\n|upkeep\n|turn|21\n|\n|t:|1782836325\n|move|p2a: Keldeo|Hydro Pump|p1a: Chi-Yu\n|-supereffective|p1a: Chi-Yu\n|-damage|p1a: Chi-Yu|103/211\n|move|p1a: Chi-Yu|Will-O-Wisp|p2a: Keldeo\n|-status|p2a: Keldeo|brn\n|\n|-weather|none\n|-heal|p2a: Keldeo|248/273 brn|[from] item: Leftovers\n|-damage|p2a: Keldeo|231/273 brn|[from] brn\n|upkeep\n|turn|22\n|\n|t:|1782836345\n|move|p2a: Keldeo|Hydro Pump|p1a: Chi-Yu|[miss]\n|-miss|p2a: Keldeo|p1a: Chi-Yu\n|move|p1a: Chi-Yu|Dark Pulse|p2a: Keldeo\n|-resisted|p2a: Keldeo\n|-damage|p2a: Keldeo|162/273 brn\n|-ability|p2a: Keldeo|Justified|boost\n|-boost|p2a: Keldeo|atk|1\n|\n|-heal|p2a: Keldeo|179/273 brn|[from] item: Leftovers\n|-damage|p2a: Keldeo|162/273 brn|[from] brn\n|upkeep\n|turn|23\n|\n|t:|1782836364\n|-terastallize|p1a: Chi-Yu|Dark\n|move|p2a: Keldeo|Hydro Pump|p1a: Chi-Yu\n|-damage|p1a: Chi-Yu|0 fnt\n|faint|p1a: Chi-Yu\n|\n|-heal|p2a: Keldeo|179/273 brn|[from] item: Leftovers\n|-damage|p2a: Keldeo|162/273 brn|[from] brn\n|upkeep\n|\n|t:|1782836372\n|switch|p1a: Hypno|Hypno, L95, M|63/315\n|turn|24\n|\n|t:|1782836405\n|switch|p2a: Iron Boulder|Iron Boulder, L77|265/265\n|move|p1a: Hypno|Focus Blast|p2a: Iron Boulder|[miss]\n|-miss|p1a: Hypno|p2a: Iron Boulder\n|\n|-heal|p1a: Hypno|82/315|[from] item: Leftovers\n|upkeep\n|turn|25\n|\n|t:|1782836414\n|move|p1a: Hypno|Protect|p1a: Hypno\n|-singleturn|p1a: Hypno|Protect\n|move|p2a: Iron Boulder|Close Combat|p1a: Hypno\n|-activate|p1a: Hypno|move: Protect\n|\n|-heal|p1a: Hypno|101/315|[from] item: Leftovers\n|upkeep\n|turn|26\n|\n|t:|1782836430\n|move|p2a: Iron Boulder|Swords Dance|p2a: Iron Boulder\n|-boost|p2a: Iron Boulder|atk|2\n|move|p1a: Hypno|Focus Blast|p2a: Iron Boulder\n|-damage|p2a: Iron Boulder|189/265\n|\n|-heal|p1a: Hypno|120/315|[from] item: Leftovers\n|upkeep\n|turn|27\n|\n|t:|1782836438\n|move|p1a: Hypno|Protect|p1a: Hypno\n|-singleturn|p1a: Hypno|Protect\n|move|p2a: Iron Boulder|Swords Dance|p2a: Iron Boulder\n|-boost|p2a: Iron Boulder|atk|2\n|\n|-heal|p1a: Hypno|139/315|[from] item: Leftovers\n|upkeep\n|turn|28\n|\n|t:|1782836445\n|move|p2a: Iron Boulder|Close Combat|p1a: Hypno\n|-resisted|p1a: Hypno\n|-damage|p1a: Hypno|5/315\n|-unboost|p2a: Iron Boulder|def|1\n|-unboost|p2a: Iron Boulder|spd|1\n|move|p1a: Hypno|Toxic|p2a: Iron Boulder\n|-status|p2a: Iron Boulder|tox\n|\n|-heal|p1a: Hypno|24/315|[from] item: Leftovers\n|-damage|p2a: Iron Boulder|173/265 tox|[from] psn\n|upkeep\n|turn|29\n|\n|t:|1782836460\n|move|p1a: Hypno|Protect|p1a: Hypno\n|-singleturn|p1a: Hypno|Protect\n|move|p2a: Iron Boulder|Mighty Cleave|p1a: Hypno\n|-damage|p1a: Hypno|0 fnt\n|faint|p1a: Hypno\n|\n|win|YurizukiRui\n", "inputlog": ">version f8ac14003a5f27e1bdc8d8c59608a773c1cb96e5\n>start {\"formatid\":\"gen9randombattle\",\"seed\":\"sodium,8d8cc58e48061897149ad3de6c62a509\"}\n>player p1 {\"name\":\"LeGrandMichel\",\"avatar\":\"lenora\",\"rating\":0,\"seed\":\"sodium,38f978dac7580a7e3168e3519d8c56b6\"}\n>player p2 {\"name\":\"YurizukiRui\",\"avatar\":\"102\",\"rating\":0,\"seed\":\"sodium,0e7059b9580e8266ba9def73eb72224f\"}\n>p1 move toxic\n>p2 move discharge\n>p1 move protect\n>p2 move hurricane\n>p1 move psychicnoise\n>p2 move hurricane\n>p1 move protect\n>p2 move uturn\n>p2 switch 3\n>p1 switch 5\n>p2 move taunt\n>p1 move earthquake\n>p2 move thunderbolt\n>p2 switch 6\n>p1 move earthquake\n>p2 move closecombat\n>p1 move earthquake\n>p2 move ironhead\n>p1 switch 3\n>p1 move crunch\n>p2 move scaleshot\n>p2 switch 2\n>p1 switch 4\n>p2 move mightycleave\n>p1 move seedflare\n>p2 switch 4\n>p1 move airslash\n>p2 move sunnyday terastallize\n>p1 switch 2\n>p2 move weatherball\n>p1 switch 5\n>p1 move protect\n>p2 move solarbeam\n>p1 move toxic\n>p2 move weatherball\n>p1 move protect\n>p2 move weatherball\n>p1 switch 4\n>p2 move sunnyday\n>p1 move crunch\n>p2 move weatherball\n>p1 switch 2\n>p1 move airslash\n>p2 move weatherball\n>p1 switch 6\n>p1 move darkpulse\n>p2 switch 5\n>p1 move willowisp\n>p2 move hydropump\n>p1 move darkpulse\n>p2 move hydropump\n>p1 move darkpulse terastallize\n>p2 move hydropump\n>p1 switch 4\n>p1 move focusblast\n>p2 switch 4\n>p1 move protect\n>p2 move closecombat\n>p1 move focusblast\n>p2 move swordsdance\n>p1 move protect\n>p2 move swordsdance\n>p1 move toxic\n>p2 move closecombat\n>p1 move protect\n>p2 move mightycleave", "uploadtime": 1782836489, "views": 10, "formatid": "gen9randombattle", "rating": null, "private": 0, "password": null, "player_dets": [{"name": "LeGrandMichel", "avatar": "lenora", "rating": 0, "seed": "sodium,38f978dac7580a7e3168e3519d8c56b6"}, {"name": "YurizukiRui", "avatar": "102", "rating": 0, "seed": "sodium,0e7059b9580e8266ba9def73eb72224f"}], "teams_full": [{"Hypno": {"name": "Hypno", "species": "Hypno", "speciesId": "hypno", "gender": "M", "shiny": false, "level": 95, "moves": ["protect", "toxic", "psychicnoise", "focusblast"], "ability": "Insomnia", "evs": {"hp": 85, "atk": 0, "def": 85, "spa": 85, "spd": 85, "spe": 85}, "ivs": {"hp": 31, "atk": 0, "def": 31, "spa": 31, "spd": 31, "spe": 31}, "item": "Leftovers", "teraType": "Dark", "role": "Bulky Attacker", "bvs": {"hp": 85, "atk": 73, "def": 70, "spa": 73, "spd": 115, "spe": 67}, "stats": {"hp": 315, "atk": 143, "def": 187, "spa": 193, "spd": 272, "spe": 181}, "types": ["Psychic"]}, "Ursaluna": {"name": "Ursaluna", "species": "Ursaluna-Bloodmoon", "speciesId": "ursalunabloodmoon", "gender": "M", "shiny": false, "level": 79, "moves": ["bloodmoon", "moonlight", "calmmind", "vacuumwave"], "ability": "Mind's Eye", "evs": {"hp": 85, "atk": 0, "def": 85, "spa": 85, "spd": 85, "spe": 85}, "ivs": {"hp": 31, "atk": 0, "def": 31, "spa": 31, "spd": 31, "spe": 31}, "item": "Leftovers", "teraType": "Poison", "role": "Bulky Setup", "bvs": {"hp": 113, "atk": 70, "def": 120, "spa": 135, "spd": 65, "spe": 52}, "stats": {"hp": 308, "atk": 115, "def": 235, "spa": 259, "spd": 148, "spe": 128}, "types": ["Ground", "Normal"]}, "Mabosstiff": {"name": "Mabosstiff", "species": "Mabosstiff", "speciesId": "mabosstiff", "gender": "M", "shiny": false, "level": 86, "moves": ["crunch", "playrough", "wildcharge", "psychicfangs"], "ability": "Stakeout", "evs": {"hp": 85, "atk": 85, "def": 85, "spa": 85, "spd": 85, "spe": 85}, "ivs": {"hp": 31, "atk": 31, "def": 31, "spa": 31, "spd": 31, "spe": 31}, "item": "Choice Scarf", "teraType": "Dark", "role": "Bulky Attacker", "bvs": {"hp": 80, "atk": 120, "def": 90, "spa": 60, "spd": 70, "spe": 85}, "stats": {"hp": 278, "atk": 256, "def": 204, "spa": 152, "spd": 170, "spe": 195}, "types": ["Dark"]}, "Shaymin": {"name": "Shaymin", "species": "Shaymin", "speciesId": "shaymin", "gender": "N", "shiny": false, "level": 82, "moves": ["airslash", "seedflare", "earthpower", "synthesis"], "ability": "Natural Cure", "evs": {"hp": 85, "atk": 0, "def": 85, "spa": 85, "spd": 85, "spe": 85}, "ivs": {"hp": 31, "atk": 0, "def": 31, "spa": 31, "spd": 31, "spe": 31}, "item": "Leftovers", "teraType": "Steel", "role": "Bulky Attacker", "bvs": {"hp": 100, "atk": 100, "def": 100, "spa": 100, "spd": 100, "spe": 100}, "stats": {"hp": 298, "atk": 169, "def": 211, "spa": 211, "spd": 211, "spe": 211}, "types": ["Grass"]}, "Tauros": {"name": "Tauros", "species": "Tauros-Paldea-Combat", "speciesId": "taurospaldeacombat", "gender": "M", "shiny": false, "level": 82, "moves": ["throatchop", "earthquake", "closecombat", "ironhead"], "ability": "Intimidate", "evs": {"hp": 85, "atk": 85, "def": 85, "spa": 85, "spd": 85, "spe": 85}, "ivs": {"hp": 31, "atk": 31, "def": 31, "spa": 31, "spd": 31, "spe": 31}, "item": "Choice Band", "teraType": "Fighting", "role": "Wallbreaker", "bvs": {"hp": 75, "atk": 110, "def": 105, "spa": 30, "spd": 70, "spe": 100}, "stats": {"hp": 257, "atk": 228, "def": 219, "spa": 96, "spd": 162, "spe": 211}, "types": ["Fighting"]}, "Chi-Yu": {"name": "Chi-Yu", "species": "Chi-Yu", "speciesId": "chiyu", "gender": "N", "shiny": false, "level": 77, "moves": ["fireblast", "willowisp", "nastyplot", "darkpulse"], "ability": "Beads of Ruin", "evs": {"hp": 85, "atk": 0, "def": 85, "spa": 85, "spd": 85, "spe": 85}, "ivs": {"hp": 31, "atk": 0, "def": 31, "spa": 31, "spd": 31, "spe": 31}, "item": "Heavy-Duty Boots", "teraType": "Dark", "role": "Setup Sweeper", "bvs": {"hp": 55, "atk": 80, "def": 80, "spa": 135, "spd": 120, "spe": 100}, "stats": {"hp": 211, "atk": 128, "def": 168, "spa": 252, "spd": 229, "spe": 199}, "types": ["Dark", "Fire"]}}, {"Kilowattrel": {"name": "Kilowattrel", "species": "Kilowattrel", "speciesId": "kilowattrel", "gender": "M", "shiny": false, "level": 83, "moves": ["uturn", "hurricane", "discharge", "roost"], "ability": "Volt Absorb", "evs": {"hp": 85, "atk": 85, "def": 85, "spa": 85, "spd": 85, "spe": 85}, "ivs": {"hp": 31, "atk": 31, "def": 31, "spa": 31, "spd": 31, "spe": 31}, "item": "Heavy-Duty Boots", "teraType": "Steel", "role": "Bulky Attacker", "bvs": {"hp": 70, "atk": 70, "def": 60, "spa": 105, "spd": 60, "spe": 125}, "stats": {"hp": 252, "atk": 164, "def": 147, "spa": 222, "spd": 147, "spe": 255}, "types": ["Electric", "Flying"]}, "Iron Boulder": {"name": "Iron Boulder", "species": "Iron Boulder", "speciesId": "ironboulder", "gender": "N", "shiny": false, "level": 77, "moves": ["zenheadbutt", "mightycleave", "closecombat", "swordsdance"], "ability": "Quark Drive", "evs": {"hp": 85, "atk": 85, "def": 85, "spa": 85, "spd": 85, "spe": 85}, "ivs": {"hp": 31, "atk": 31, "def": 31, "spa": 31, "spd": 31, "spe": 31}, "item": "Booster Energy", "teraType": "Fighting", "role": "Fast Bulky Setup", "bvs": {"hp": 90, "atk": 120, "def": 80, "spa": 68, "spd": 108, "spe": 124}, "stats": {"hp": 265, "atk": 229, "def": 168, "spa": 149, "spd": 211, "spe": 236}, "types": ["Rock", "Psychic"]}, "Electrode": {"name": "Electrode", "species": "Electrode", "speciesId": "electrode", "gender": "N", "shiny": false, "level": 92, "moves": ["thunderbolt", "voltswitch", "taunt", "terablast"], "ability": "Soundproof", "evs": {"hp": 85, "atk": 0, "def": 85, "spa": 85, "spd": 85, "spe": 85}, "ivs": {"hp": 31, "atk": 0, "def": 31, "spa": 31, "spd": 31, "spe": 31}, "item": "Life Orb", "teraType": "Ice", "role": "Tera Blast user", "bvs": {"hp": 60, "atk": 50, "def": 70, "spa": 80, "spd": 80, "spe": 150}, "stats": {"hp": 260, "atk": 97, "def": 181, "spa": 200, "spd": 200, "spe": 328}, "types": ["Electric"]}, "Sunflora": {"name": "Sunflora", "species": "Sunflora", "speciesId": "sunflora", "gender": "F", "shiny": false, "level": 100, "moves": ["earthpower", "solarbeam", "weatherball", "sunnyday"], "ability": "Chlorophyll", "evs": {"hp": 85, "atk": 0, "def": 85, "spa": 85, "spd": 85, "spe": 85}, "ivs": {"hp": 31, "atk": 0, "def": 31, "spa": 31, "spd": 31, "spe": 31}, "item": "Life Orb", "teraType": "Fire", "role": "Setup Sweeper", "bvs": {"hp": 75, "atk": 75, "def": 55, "spa": 105, "spd": 85, "spe": 30}, "stats": {"hp": 312, "atk": 155, "def": 167, "spa": 267, "spd": 227, "spe": 117}, "types": ["Grass"]}, "Keldeo": {"name": "Keldeo", "species": "Keldeo-Resolute", "speciesId": "keldeoresolute", "gender": "N", "shiny": false, "level": 79, "moves": ["calmmind", "substitute", "secretsword", "hydropump"], "ability": "Justified", "evs": {"hp": 85, "atk": 0, "def": 85, "spa": 85, "spd": 85, "spe": 85}, "ivs": {"hp": 31, "atk": 0, "def": 31, "spa": 31, "spd": 31, "spe": 31}, "item": "Leftovers", "teraType": "Steel", "role": "Bulky Setup", "bvs": {"hp": 91, "atk": 72, "def": 90, "spa": 129, "spd": 90, "spe": 108}, "stats": {"hp": 273, "atk": 118, "def": 188, "spa": 249, "spd": 188, "spe": 216}, "types": ["Water", "Fighting"]}, "Kommo-o": {"name": "Kommo-o", "species": "Kommo-o", "speciesId": "kommoo", "gender": "M", "shiny": false, "level": 78, "moves": ["swordsdance", "ironhead", "scaleshot", "closecombat"], "ability": "Soundproof", "evs": {"hp": 85, "atk": 85, "def": 85, "spa": 85, "spd": 85, "spe": 85}, "ivs": {"hp": 31, "atk": 31, "def": 31, "spa": 31, "spd": 31, "spe": 31}, "item": "Loaded Dice", "teraType": "Steel", "role": "Setup Sweeper", "bvs": {"hp": 75, "atk": 110, "def": 125, "spa": 100, "spd": 105, "spe": 85}, "stats": {"hp": 245, "atk": 217, "def": 240, "spa": 201, "spd": 209, "spe": 178}, "types": ["Dragon", "Fighting"]}}]}