{"id": "gen9randombattle-2641738162", "format": "[Gen 9] Random Battle", "players": ["Aurrem173", "DiamondDog_DelTa"], "log": "|j|\u2606Aurrem173\n|j|\u2606DiamondDog_DelTa\n|t:|1782836032\n|gametype|singles\n|player|p1|Aurrem173|veteranf|2071\n|player|p2|DiamondDog_DelTa|red-gen7|1977\n|gen|9\n|tier|[Gen 9] Random Battle\n|rated|\n|rule|Species Clause: Limit one of each Pok\u00e9mon\n|rule|HP Percentage Mod: HP is shown in percentages\n|rule|Sleep Clause Mod: Limit one foe put to sleep\n|rule|Illusion Level Mod: Illusion disguises the Pok\u00e9mon's true level\n|\n|t:|1782836032\n|teamsize|p1|6\n|teamsize|p2|6\n|start\n|switch|p1a: Dusknoir|Dusknoir, L89, F|225/225\n|switch|p2a: Farigiraf|Farigiraf, L90, F|362/362\n|-item|p2a: Farigiraf|Leftovers|[from] ability: Frisk|[of] p1a: Dusknoir\n|turn|1\n|inactive|Battle timer is ON: inactive players will automatically lose when time's up. (requested by Aurrem173)\n|\n|t:|1782836041\n|switch|p1a: Probopass|Probopass, L91, F|257/257\n|move|p2a: Farigiraf|Psychic Noise|p1a: Probopass\n|-resisted|p1a: Probopass\n|-damage|p1a: Probopass|224/257\n|-start|p1a: Probopass|move: Heal Block\n|\n|upkeep\n|turn|2\n|\n|t:|1782836047\n|move|p2a: Farigiraf|Body Slam|p1a: Probopass\n|-resisted|p1a: Probopass\n|-damage|p1a: Probopass|208/257\n|move|p1a: Probopass|Iron Defense|p1a: Probopass\n|-boost|p1a: Probopass|def|2\n|\n|-end|p1a: Probopass|move: Heal Block\n|upkeep\n|turn|3\n|\n|t:|1782836051\n|move|p2a: Farigiraf|Psychic Noise|p1a: Probopass\n|-resisted|p1a: Probopass\n|-damage|p1a: Probopass|178/257\n|-start|p1a: Probopass|move: Heal Block\n|move|p1a: Probopass|Iron Defense|p1a: Probopass\n|-boost|p1a: Probopass|def|2\n|\n|upkeep\n|turn|4\n|\n|t:|1782836054\n|switch|p2a: Sableye|Sableye, L88, M|231/231\n|move|p1a: Probopass|Iron Defense|p1a: Probopass\n|-boost|p1a: Probopass|def|2\n|\n|-end|p1a: Probopass|move: Heal Block\n|upkeep\n|turn|5\n|\n|t:|1782836065\n|move|p2a: Sableye|Knock Off|p1a: Probopass\n|-damage|p1a: Probopass|162/257\n|-enditem|p1a: Probopass|Leftovers|[from] move: Knock Off|[of] p2a: Sableye\n|move|p1a: Probopass|Flash Cannon|p2a: Sableye\n|-damage|p2a: Sableye|129/231\n|\n|-heal|p2a: Sableye|143/231|[from] item: Leftovers\n|upkeep\n|turn|6\n|\n|t:|1782836070\n|move|p2a: Sableye|Encore|p1a: Probopass\n|-start|p1a: Probopass|Encore\n|move|p1a: Probopass|Flash Cannon|p2a: Sableye\n|-damage|p2a: Sableye|47/231\n|\n|-heal|p2a: Sableye|61/231|[from] item: Leftovers\n|upkeep\n|turn|7\n|\n|t:|1782836072\n|switch|p2a: Magnezone|Magnezone, L85|258/258\n|move|p1a: Probopass|Flash Cannon|p2a: Magnezone\n|-resisted|p2a: Magnezone\n|-damage|p2a: Magnezone|246/258\n|\n|upkeep\n|turn|8\n|\n|t:|1782836075\n|move|p2a: Magnezone|Volt Switch|p1a: Probopass\n|-damage|p1a: Probopass|105/257\n|\n|t:|1782836083\n|switch|p2a: Lugia|Lugia, L73|275/275|[from] Volt Switch\n|move|p1a: Probopass|Flash Cannon|p2a: Lugia\n|-damage|p2a: Lugia|247/275\n|\n|-end|p1a: Probopass|Encore\n|upkeep\n|turn|9\n|\n|t:|1782836088\n|move|p2a: Lugia|Earth Power|p1a: Probopass\n|-supereffective|p1a: Probopass\n|-damage|p1a: Probopass|0 fnt\n|faint|p1a: Probopass\n|\n|upkeep\n|\n|t:|1782836103\n|switch|p1a: Cinccino|Cinccino, L83, F|260/260\n|turn|10\n|inactive|DiamondDog_DelTa has 120 seconds left.\n|\n|t:|1782836160\n|switch|p2a: Sableye|Sableye, L88, M|61/231\n|move|p1a: Cinccino|Triple Axel|p2a: Sableye\n|-damage|p2a: Sableye|40/231\n|-damage|p2a: Sableye|0 fnt\n|faint|p2a: Sableye\n|-hitcount|p2: Sableye|2\n|\n|upkeep\n|inactive|DiamondDog_DelTa has 90 seconds left.\n|inactive|DiamondDog_DelTa has 60 seconds left.\n|inactive|DiamondDog_DelTa has 30 seconds left.\n|\n|t:|1782836240\n|switch|p2a: Farigiraf|Farigiraf, L90, F|362/362\n|turn|11\n|inactive|Aurrem173 has 120 seconds left.\n|inactive|Aurrem173 has 90 seconds left.\n|\n|t:|1782836303\n|move|p1a: Cinccino|U-turn|p2a: Farigiraf\n|-supereffective|p2a: Farigiraf\n|-damage|p2a: Farigiraf|264/362\n|\n|t:|1782836307\n|switch|p1a: Chandelure|Chandelure, L83, F|235/235|[from] U-turn\n|move|p2a: Farigiraf|Psychic Noise|p1a: Chandelure\n|-damage|p1a: Chandelure|127/235\n|-start|p1a: Chandelure|move: Heal Block\n|\n|-heal|p2a: Farigiraf|286/362|[from] item: Leftovers\n|upkeep\n|turn|12\n|inactive|DiamondDog_DelTa has 30 seconds left.\n|inactive|DiamondDog_DelTa has 20 seconds left.\n|inactive|DiamondDog_DelTa has 15 seconds left.\n|\n|t:|1782836346\n|move|p2a: Farigiraf|Protect|p2a: Farigiraf\n|-singleturn|p2a: Farigiraf|Protect\n|move|p1a: Chandelure|Trick|p2a: Farigiraf\n|-activate|p2a: Farigiraf|move: Protect\n|\n|-heal|p2a: Farigiraf|308/362|[from] item: Leftovers\n|-end|p1a: Chandelure|move: Heal Block\n|upkeep\n|turn|13\n|inactive|DiamondDog_DelTa has 25 seconds left this turn.\n|inactive|DiamondDog_DelTa has 20 seconds left.\n|inactive|Aurrem173 has 90 seconds left.\n|\n|t:|1782836372\n|switch|p2a: Swalot|Swalot, L90, M|326/326\n|move|p1a: Chandelure|Trick|p2a: Swalot\n|-activate|p1a: Chandelure|move: Trick|[of] p2a: Swalot\n|-item|p2a: Swalot|Choice Scarf|[from] move: Trick\n|-item|p1a: Chandelure|Leftovers|[from] move: Trick\n|\n|-heal|p1a: Chandelure|141/235|[from] item: Leftovers\n|upkeep\n|turn|14\n|inactive|DiamondDog_DelTa has 30 seconds left this turn.\n|inactive|Aurrem173 has 90 seconds left.\n|inactive|DiamondDog_DelTa has 20 seconds left.\n|inactive|DiamondDog_DelTa has 15 seconds left.\n|inactive|DiamondDog_DelTa has 10 seconds left.\n|inactive|DiamondDog_DelTa has 5 seconds left.\n|-message|DiamondDog_DelTa lost due to inactivity.\n|\n|win|Aurrem173\n|raw|Aurrem173's rating: 2071 &rarr; <strong>2086</strong><br />(+15 for winning)\n|raw|DiamondDog_DelTa's rating: 1977 &rarr; <strong>1962</strong><br />(-15 for losing)\n", "inputlog": ">version f8ac14003a5f27e1bdc8d8c59608a773c1cb96e5\n>start {\"formatid\":\"gen9randombattle\",\"seed\":\"sodium,f4328509187cb60f57345d2e1771eee6\",\"rated\":\"Rated battle\"}\n>player p1 {\"name\":\"Aurrem173\",\"avatar\":\"veteranf\",\"rating\":2071,\"seed\":\"sodium,8d77542e6557cb8c2123ed77ef8741a7\"}\n>player p2 {\"name\":\"DiamondDog_DelTa\",\"avatar\":\"red-gen7\",\"rating\":1977,\"seed\":\"sodium,ef37aab9bb854b14b5dce288116995c9\"}\n>p1 switch 4\n>p2 move psychicnoise\n>p1 move irondefense\n>p2 move bodyslam\n>p1 move irondefense\n>p2 move psychicnoise\n>p1 move irondefense\n>p2 switch 2\n>p1 move flashcannon\n>p2 move knockoff\n>p1 move flashcannon\n>p2 move encore\n>p1 move flashcannon\n>p2 switch 3\n>p1 move flashcannon\n>p2 move voltswitch\n>p2 switch 4\n>p1 move powergem\n>p2 move earthpower\n>p1 switch 6\n>p1 move tripleaxel\n>p2 switch 3\n>p2 switch 2\n>p1 move uturn\n>p2 move psychicnoise\n>p1 switch 3\n>p1 move trick\n>p2 move protect\n>p1 move trick\n>p2 switch 6\n>forcelose p2", "uploadtime": 1782836035, "views": 5, "formatid": "gen9randombattle", "rating": 1962, "private": 0, "password": null, "player_dets": [{"name": "Aurrem173", "avatar": "veteranf", "rating": 2071, "seed": "sodium,8d77542e6557cb8c2123ed77ef8741a7"}, {"name": "DiamondDog_DelTa", "avatar": "red-gen7", "rating": 1977, "seed": "sodium,ef37aab9bb854b14b5dce288116995c9"}], "teams_full": [{"Dusknoir": {"name": "Dusknoir", "species": "Dusknoir", "speciesId": "dusknoir", "gender": "F", "shiny": false, "level": 89, "moves": ["poltergeist", "shadowsneak", "leechlife", "earthquake"], "ability": "Frisk", "evs": {"hp": 85, "atk": 85, "def": 85, "spa": 85, "spd": 85, "spe": 85}, "ivs": {"hp": 31, "atk": 31, "def": 31, "spa": 31, "spd": 31, "spe": 31}, "item": "Choice Band", "teraType": "Ground", "role": "Wallbreaker", "bvs": {"hp": 45, "atk": 100, "def": 135, "spa": 65, "spd": 135, "spe": 45}, "stats": {"hp": 225, "atk": 229, "def": 291, "spa": 166, "spd": 291, "spe": 131}, "types": ["Ghost"]}, "Terapagos": {"name": "Terapagos", "species": "Terapagos", "speciesId": "terapagos", "gender": "F", "shiny": false, "level": 77, "moves": ["calmmind", "rapidspin", "terastarstorm", "darkpulse"], "ability": "Tera Shift", "evs": {"hp": 85, "atk": 85, "def": 85, "spa": 85, "spd": 85, "spe": 85}, "ivs": {"hp": 31, "atk": 31, "def": 31, "spa": 31, "spd": 31, "spe": 31}, "item": "Heavy-Duty Boots", "teraType": "Stellar", "role": "Setup Sweeper", "bvs": {"hp": 90, "atk": 65, "def": 85, "spa": 65, "spd": 85, "spe": 60}, "stats": {"hp": 265, "atk": 145, "def": 175, "spa": 145, "spd": 175, "spe": 137}, "types": ["Normal"]}, "Chandelure": {"name": "Chandelure", "species": "Chandelure", "speciesId": "chandelure", "gender": "F", "shiny": false, "level": 83, "moves": ["fireblast", "shadowball", "trick", "energyball"], "ability": "Flash Fire", "evs": {"hp": 85, "atk": 0, "def": 85, "spa": 85, "spd": 85, "spe": 85}, "ivs": {"hp": 31, "atk": 0, "def": 31, "spa": 31, "spd": 31, "spe": 31}, "item": "Choice Scarf", "teraType": "Fire", "role": "Fast Attacker", "bvs": {"hp": 60, "atk": 55, "def": 90, "spa": 145, "spd": 90, "spe": 80}, "stats": {"hp": 235, "atk": 96, "def": 197, "spa": 288, "spd": 197, "spe": 180}, "types": ["Ghost", "Fire"]}, "Probopass": {"name": "Probopass", "species": "Probopass", "speciesId": "probopass", "gender": "F", "shiny": false, "level": 91, "moves": ["flashcannon", "bodypress", "irondefense", "powergem"], "ability": "Magnet Pull", "evs": {"hp": 85, "atk": 0, "def": 85, "spa": 85, "spd": 85, "spe": 85}, "ivs": {"hp": 31, "atk": 0, "def": 31, "spa": 31, "spd": 31, "spe": 31}, "item": "Leftovers", "teraType": "Fighting", "role": "Bulky Setup", "bvs": {"hp": 60, "atk": 55, "def": 145, "spa": 75, "spd": 150, "spe": 40}, "stats": {"hp": 257, "atk": 105, "def": 316, "spa": 188, "spd": 325, "spe": 125}, "types": ["Rock", "Steel"]}, "Regidrago": {"name": "Regidrago", "species": "Regidrago", "speciesId": "regidrago", "gender": "N", "shiny": false, "level": 77, "moves": ["earthquake", "outrage", "dragonenergy", "dracometeor"], "ability": "Dragon's Maw", "evs": {"hp": 85, "atk": 85, "def": 85, "spa": 85, "spd": 85, "spe": 85}, "ivs": {"hp": 31, "atk": 31, "def": 31, "spa": 31, "spd": 31, "spe": 31}, "item": "Choice Scarf", "teraType": "Dragon", "role": "Fast Attacker", "bvs": {"hp": 200, "atk": 100, "def": 50, "spa": 100, "spd": 50, "spe": 80}, "stats": {"hp": 435, "atk": 199, "def": 122, "spa": 199, "spd": 122, "spe": 168}, "types": ["Dragon"]}, "Cinccino": {"name": "Cinccino", "species": "Cinccino", "speciesId": "cinccino", "gender": "F", "shiny": false, "level": 83, "moves": ["tripleaxel", "bulletseed", "tailslap", "uturn"], "ability": "Technician", "evs": {"hp": 85, "atk": 85, "def": 85, "spa": 85, "spd": 85, "spe": 85}, "ivs": {"hp": 31, "atk": 31, "def": 31, "spa": 31, "spd": 31, "spe": 31}, "item": "Loaded Dice", "teraType": "Grass", "role": "Fast Attacker", "bvs": {"hp": 75, "atk": 95, "def": 60, "spa": 65, "spd": 60, "spe": 115}, "stats": {"hp": 260, "atk": 205, "def": 147, "spa": 156, "spd": 147, "spe": 239}, "types": ["Normal"]}}, {"Farigiraf": {"name": "Farigiraf", "species": "Farigiraf", "speciesId": "farigiraf", "gender": "F", "shiny": false, "level": 90, "moves": ["wish", "bodyslam", "psychicnoise", "protect"], "ability": "Sap Sipper", "evs": {"hp": 85, "atk": 85, "def": 85, "spa": 85, "spd": 85, "spe": 85}, "ivs": {"hp": 31, "atk": 31, "def": 31, "spa": 31, "spd": 31, "spe": 31}, "item": "Leftovers", "teraType": "Ground", "role": "Bulky Support", "bvs": {"hp": 120, "atk": 90, "def": 70, "spa": 110, "spd": 70, "spe": 60}, "stats": {"hp": 362, "atk": 213, "def": 177, "spa": 249, "spd": 177, "spe": 159}, "types": ["Normal", "Psychic"]}, "Sableye": {"name": "Sableye", "species": "Sableye", "speciesId": "sableye", "gender": "M", "shiny": false, "level": 88, "moves": ["recover", "encore", "knockoff", "willowisp"], "ability": "Prankster", "evs": {"hp": 85, "atk": 85, "def": 85, "spa": 85, "spd": 85, "spe": 85}, "ivs": {"hp": 31, "atk": 31, "def": 31, "spa": 31, "spd": 31, "spe": 31}, "item": "Leftovers", "teraType": "Steel", "role": "Bulky Support", "bvs": {"hp": 50, "atk": 75, "def": 75, "spa": 65, "spd": 65, "spe": 50}, "stats": {"hp": 231, "atk": 182, "def": 182, "spa": 165, "spd": 165, "spe": 138}, "types": ["Dark", "Ghost"]}, "Magnezone": {"name": "Magnezone", "species": "Magnezone", "speciesId": "magnezone", "gender": "N", "shiny": false, "level": 85, "moves": ["thunderbolt", "voltswitch", "flashcannon", "bodypress"], "ability": "Magnet Pull", "evs": {"hp": 85, "atk": 0, "def": 85, "spa": 85, "spd": 85, "spe": 85}, "ivs": {"hp": 31, "atk": 0, "def": 31, "spa": 31, "spd": 31, "spe": 31}, "item": "Assault Vest", "teraType": "Flying", "role": "AV Pivot", "bvs": {"hp": 70, "atk": 70, "def": 115, "spa": 130, "spd": 90, "spe": 60}, "stats": {"hp": 258, "atk": 124, "def": 244, "spa": 270, "spd": 202, "spe": 151}, "types": ["Electric", "Steel"]}, "Lugia": {"name": "Lugia", "species": "Lugia", "speciesId": "lugia", "gender": "N", "shiny": false, "level": 73, "moves": ["earthpower", "calmmind", "recover", "aeroblast"], "ability": "Multiscale", "evs": {"hp": 85, "atk": 0, "def": 85, "spa": 85, "spd": 85, "spe": 85}, "ivs": {"hp": 31, "atk": 0, "def": 31, "spa": 31, "spd": 31, "spe": 31}, "item": "Heavy-Duty Boots", "teraType": "Steel", "role": "Bulky Setup", "bvs": {"hp": 106, "atk": 90, "def": 130, "spa": 90, "spd": 154, "spe": 110}, "stats": {"hp": 275, "atk": 136, "def": 232, "spa": 174, "spd": 267, "spe": 203}, "types": ["Psychic", "Flying"]}, "Flutter Mane": {"name": "Flutter Mane", "species": "Flutter Mane", "speciesId": "fluttermane", "gender": "N", "shiny": false, "level": 74, "moves": ["moonblast", "shadowball", "calmmind", "psyshock"], "ability": "Protosynthesis", "evs": {"hp": 85, "atk": 0, "def": 85, "spa": 85, "spd": 85, "spe": 85}, "ivs": {"hp": 31, "atk": 0, "def": 31, "spa": 31, "spd": 31, "spe": 31}, "item": "Life Orb", "teraType": "Ghost", "role": "Setup Sweeper", "bvs": {"hp": 55, "atk": 55, "def": 55, "spa": 135, "spd": 135, "spe": 135}, "stats": {"hp": 203, "atk": 86, "def": 124, "spa": 243, "spd": 243, "spe": 243}, "types": ["Ghost", "Fairy"]}, "Swalot": {"name": "Swalot", "species": "Swalot", "speciesId": "swalot", "gender": "M", "shiny": false, "level": 90, "moves": ["sludgebomb", "toxic", "earthquake", "protect"], "ability": "Liquid Ooze", "evs": {"hp": 85, "atk": 85, "def": 85, "spa": 85, "spd": 85, "spe": 85}, "ivs": {"hp": 31, "atk": 31, "def": 31, "spa": 31, "spd": 31, "spe": 31}, "item": "Leftovers", "teraType": "Ground", "role": "Bulky Support", "bvs": {"hp": 100, "atk": 73, "def": 83, "spa": 73, "spd": 83, "spe": 55}, "stats": {"hp": 326, "atk": 183, "def": 201, "spa": 183, "spd": 201, "spe": 150}, "types": ["Poison"]}}]}