{"id": "gen9randombattle-2641716052", "format": "[Gen 9] Random Battle", "players": ["Jdjdjjsxcc", "sigeyjdgd"], "log": "|j|\u2606Jdjdjjsxcc\n|j|\u2606sigeyjdgd\n|t:|1782833374\n|gametype|singles\n|player|p1|Jdjdjjsxcc|101|1000\n|player|p2|sigeyjdgd|1|1000\n|gen|9\n|tier|[Gen 9] Random Battle\n|rated|\n|rule|Species Clause: Limit one of each Pok\u00e9mon\n|rule|HP Percentage Mod: HP is shown in percentages\n|rule|Sleep Clause Mod: Limit one foe put to sleep\n|rule|Illusion Level Mod: Illusion disguises the Pok\u00e9mon's true level\n|\n|t:|1782833374\n|teamsize|p1|6\n|teamsize|p2|6\n|start\n|switch|p1a: Breloom|Breloom, L83, M|235/235\n|switch|p2a: Dedenne|Dedenne, L88, M|261/261\n|turn|1\n|\n|t:|1782833391\n|switch|p1a: Bellossom|Bellossom, L84, M|263/263\n|move|p2a: Dedenne|Dazzling Gleam|p1a: Bellossom\n|-damage|p1a: Bellossom|193/263\n|\n|-heal|p1a: Bellossom|209/263|[from] item: Leftovers\n|upkeep\n|turn|2\n|\n|t:|1782833412\n|-terastallize|p2a: Dedenne|Flying\n|move|p2a: Dedenne|Super Fang|p1a: Bellossom\n|-damage|p1a: Bellossom|105/263\n|move|p1a: Bellossom|Quiver Dance|p1a: Bellossom\n|-boost|p1a: Bellossom|spa|1\n|-boost|p1a: Bellossom|spd|1\n|-boost|p1a: Bellossom|spe|1\n|\n|-heal|p1a: Bellossom|121/263|[from] item: Leftovers\n|upkeep\n|turn|3\n|\n|t:|1782833426\n|move|p2a: Dedenne|Super Fang|p1a: Bellossom\n|-damage|p1a: Bellossom|61/263\n|move|p1a: Bellossom|Quiver Dance|p1a: Bellossom\n|-boost|p1a: Bellossom|spa|1\n|-boost|p1a: Bellossom|spd|1\n|-boost|p1a: Bellossom|spe|1\n|\n|-heal|p1a: Bellossom|77/263|[from] item: Leftovers\n|upkeep\n|turn|4\n|\n|t:|1782833439\n|switch|p2a: Ribombee|Ribombee, L83, M|235/235\n|move|p1a: Bellossom|Strength Sap|p2a: Ribombee\n|-unboost|p2a: Ribombee|atk|1\n|-heal|p1a: Bellossom|173/263\n|\n|-heal|p1a: Bellossom|189/263|[from] item: Leftovers\n|upkeep\n|turn|5\n|\n|t:|1782833454\n|move|p1a: Bellossom|Moonblast|p2a: Ribombee\n|-damage|p2a: Ribombee|72/235\n|move|p2a: Ribombee|Bug Buzz|p1a: Bellossom\n|-supereffective|p1a: Bellossom\n|-damage|p1a: Bellossom|99/263\n|\n|-heal|p1a: Bellossom|115/263|[from] item: Leftovers\n|upkeep\n|turn|6\n|\n|t:|1782833465\n|move|p1a: Bellossom|Quiver Dance|p1a: Bellossom\n|-boost|p1a: Bellossom|spa|1\n|-boost|p1a: Bellossom|spd|1\n|-boost|p1a: Bellossom|spe|1\n|move|p2a: Ribombee|Moonblast|p1a: Bellossom\n|-damage|p1a: Bellossom|79/263\n|\n|-heal|p1a: Bellossom|95/263|[from] item: Leftovers\n|upkeep\n|turn|7\n|\n|t:|1782833479\n|move|p1a: Bellossom|Quiver Dance|p1a: Bellossom\n|-boost|p1a: Bellossom|spa|1\n|-boost|p1a: Bellossom|spd|1\n|-boost|p1a: Bellossom|spe|1\n|move|p2a: Ribombee|Bug Buzz|p1a: Bellossom\n|-supereffective|p1a: Bellossom\n|-damage|p1a: Bellossom|35/263\n|\n|-heal|p1a: Bellossom|51/263|[from] item: Leftovers\n|upkeep\n|turn|8\n|\n|t:|1782833491\n|move|p1a: Bellossom|Giga Drain|p2a: Ribombee\n|-resisted|p2a: Ribombee\n|-damage|p2a: Ribombee|0 fnt\n|-heal|p1a: Bellossom|87/263|[from] drain|[of] p2a: Ribombee\n|faint|p2a: Ribombee\n|\n|-heal|p1a: Bellossom|103/263|[from] item: Leftovers\n|upkeep\n|\n|t:|1782833502\n|switch|p2a: Mandibuzz|Mandibuzz, L85, F|326/326\n|turn|9\n|\n|t:|1782833510\n|-terastallize|p1a: Bellossom|Fairy\n|move|p1a: Bellossom|Moonblast|p2a: Mandibuzz\n|-supereffective|p2a: Mandibuzz\n|-damage|p2a: Mandibuzz|0 fnt\n|faint|p2a: Mandibuzz\n|\n|-heal|p1a: Bellossom|119/263|[from] item: Leftovers\n|upkeep\n|\n|t:|1782833521\n|switch|p2a: Polteageist|Polteageist-Antique, L78|222/222\n|turn|10\n|\n|t:|1782833530\n|move|p1a: Bellossom|Giga Drain|p2a: Polteageist\n|-damage|p2a: Polteageist|21/222\n|-heal|p1a: Bellossom|220/263|[from] drain|[of] p2a: Polteageist\n|move|p2a: Polteageist|Shadow Ball|p1a: Bellossom\n|-damage|p1a: Bellossom|190/263\n|\n|-heal|p1a: Bellossom|206/263|[from] item: Leftovers\n|upkeep\n|turn|11\n|\n|t:|1782833543\n|switch|p2a: Noivern|Noivern, L82, M|274/274\n|move|p1a: Bellossom|Quiver Dance|p1a: Bellossom\n|-boost|p1a: Bellossom|spa|1\n|-boost|p1a: Bellossom|spd|1\n|-boost|p1a: Bellossom|spe|1\n|\n|-heal|p1a: Bellossom|222/263|[from] item: Leftovers\n|upkeep\n|turn|12\n|\n|t:|1782833558\n|move|p1a: Bellossom|Quiver Dance|p1a: Bellossom\n|-boost|p1a: Bellossom|spa|1\n|-boost|p1a: Bellossom|spd|1\n|-boost|p1a: Bellossom|spe|1\n|move|p2a: Noivern|Boomburst|p1a: Bellossom\n|-damage|p1a: Bellossom|192/263\n|\n|-heal|p1a: Bellossom|208/263|[from] item: Leftovers\n|upkeep\n|turn|13\n|\n|t:|1782833569\n|switch|p2a: Chesnaught|Chesnaught, L84, F|285/285\n|move|p1a: Bellossom|Moonblast|p2a: Chesnaught\n|-supereffective|p2a: Chesnaught\n|-damage|p2a: Chesnaught|0 fnt\n|faint|p2a: Chesnaught\n|\n|-heal|p1a: Bellossom|224/263|[from] item: Leftovers\n|upkeep\n|\n|t:|1782833581\n|switch|p2a: Dedenne|Dedenne, L88, M, tera:Flying|261/261\n|turn|14\n|\n|t:|1782833590\n|move|p1a: Bellossom|Moonblast|p2a: Dedenne\n|-damage|p2a: Dedenne|0 fnt\n|faint|p2a: Dedenne\n|\n|-heal|p1a: Bellossom|240/263|[from] item: Leftovers\n|upkeep\n|\n|t:|1782833597\n|switch|p2a: Noivern|Noivern, L82, M|274/274\n|turn|15\n|\n|t:|1782833604\n|move|p1a: Bellossom|Moonblast|p2a: Noivern\n|-supereffective|p2a: Noivern\n|-damage|p2a: Noivern|0 fnt\n|faint|p2a: Noivern\n|\n|-heal|p1a: Bellossom|256/263|[from] item: Leftovers\n|upkeep\n|\n|t:|1782833612\n|switch|p2a: Polteageist|Polteageist-Antique, L78|21/222\n|turn|16\n|\n|t:|1782833615\n|move|p1a: Bellossom|Giga Drain|p2a: Polteageist\n|-damage|p2a: Polteageist|0 fnt\n|-heal|p1a: Bellossom|263/263|[from] drain|[of] p2a: Polteageist\n|faint|p2a: Polteageist\n|\n|win|Jdjdjjsxcc\n|raw|Jdjdjjsxcc's rating: 1000 &rarr; <strong>1040</strong><br />(+40 for winning)\n|raw|sigeyjdgd's rating: 1000 &rarr; <strong>1000</strong><br />(+0 for losing)\n", "inputlog": ">version f8ac14003a5f27e1bdc8d8c59608a773c1cb96e5\n>start {\"formatid\":\"gen9randombattle\",\"seed\":\"sodium,d88b39511a4db0807639b1cdae8615ee\",\"rated\":\"Rated battle\"}\n>player p1 {\"name\":\"Jdjdjjsxcc\",\"avatar\":\"101\",\"rating\":1000,\"seed\":\"sodium,1b4b1801f5ba5e64474912dbb7d0f27b\"}\n>player p2 {\"name\":\"sigeyjdgd\",\"avatar\":\"1\",\"rating\":1000,\"seed\":\"sodium,ad0e4d1096f5ae1eba883035f006f9ed\"}\n>p1 switch 4\n>p2 move dazzlinggleam\n>p1 move quiverdance\n>p2 move superfang terastallize\n>p1 move quiverdance\n>p2 move superfang\n>p1 move strengthsap\n>p2 switch 3\n>p1 move moonblast\n>p2 move bugbuzz\n>p1 move quiverdance\n>p2 move moonblast\n>p1 move quiverdance\n>p2 move bugbuzz\n>p1 move gigadrain\n>p2 move bugbuzz\n>p2 switch 4\n>p1 move moonblast terastallize\n>p2 move bravebird\n>p2 switch 6\n>p1 move gigadrain\n>p2 move shadowball\n>p1 move quiverdance\n>p2 switch 2\n>p1 move quiverdance\n>p2 move boomburst\n>p1 move moonblast\n>p2 switch 5\n>p2 switch 3\n>p1 move moonblast\n>p2 move thunderbolt\n>p2 switch 5\n>p1 move moonblast\n>p2 move dracometeor\n>p2 switch 2\n>p1 move gigadrain\n>p2 move strengthsap", "uploadtime": 1782833622, "views": 4, "formatid": "gen9randombattle", "rating": 1000, "private": 0, "password": null, "player_dets": [{"name": "Jdjdjjsxcc", "avatar": "101", "rating": 1000, "seed": "sodium,1b4b1801f5ba5e64474912dbb7d0f27b"}, {"name": "sigeyjdgd", "avatar": "1", "rating": 1000, "seed": "sodium,ad0e4d1096f5ae1eba883035f006f9ed"}], "teams_full": [{"Breloom": {"name": "Breloom", "species": "Breloom", "speciesId": "breloom", "gender": "M", "shiny": false, "level": 83, "moves": ["bulletseed", "rocktomb", "machpunch", "swordsdance"], "ability": "Technician", "evs": {"hp": 85, "atk": 85, "def": 85, "spa": 85, "spd": 85, "spe": 85}, "ivs": {"hp": 31, "atk": 31, "def": 31, "spa": 31, "spd": 31, "spe": 31}, "item": "Life Orb", "teraType": "Rock", "role": "Fast Attacker", "bvs": {"hp": 60, "atk": 130, "def": 80, "spa": 60, "spd": 60, "spe": 70}, "stats": {"hp": 235, "atk": 263, "def": 180, "spa": 147, "spd": 147, "spe": 164}, "types": ["Grass", "Fighting"]}, "Dragonite": {"name": "Dragonite", "species": "Dragonite", "speciesId": "dragonite", "gender": "M", "shiny": false, "level": 74, "moves": ["terablast", "earthquake", "dragondance", "outrage"], "ability": "Multiscale", "evs": {"hp": 85, "atk": 85, "def": 85, "spa": 85, "spd": 85, "spe": 85}, "ivs": {"hp": 31, "atk": 31, "def": 31, "spa": 31, "spd": 31, "spe": 31}, "item": "Heavy-Duty Boots", "teraType": "Flying", "role": "Tera Blast user", "bvs": {"hp": 91, "atk": 134, "def": 95, "spa": 100, "spd": 100, "spe": 80}, "stats": {"hp": 257, "atk": 241, "def": 184, "spa": 191, "spd": 191, "spe": 161}, "types": ["Dragon", "Flying"]}, "Volcanion": {"name": "Volcanion", "species": "Volcanion", "speciesId": "volcanion", "gender": "N", "shiny": false, "level": 79, "moves": ["earthpower", "flamethrower", "haze", "steameruption"], "ability": "Water Absorb", "evs": {"hp": 85, "atk": 0, "def": 85, "spa": 85, "spd": 85, "spe": 85}, "ivs": {"hp": 31, "atk": 0, "def": 31, "spa": 31, "spd": 31, "spe": 31}, "item": "Heavy-Duty Boots", "teraType": "Fire", "role": "Bulky Attacker", "bvs": {"hp": 80, "atk": 110, "def": 120, "spa": 130, "spd": 90, "spe": 70}, "stats": {"hp": 256, "atk": 178, "def": 235, "spa": 251, "spd": 188, "spe": 156}, "types": ["Fire", "Water"]}, "Bellossom": {"name": "Bellossom", "species": "Bellossom", "speciesId": "bellossom", "gender": "M", "shiny": false, "level": 84, "moves": ["quiverdance", "gigadrain", "moonblast", "strengthsap"], "ability": "Chlorophyll", "evs": {"hp": 85, "atk": 0, "def": 85, "spa": 85, "spd": 85, "spe": 85}, "ivs": {"hp": 31, "atk": 0, "def": 31, "spa": 31, "spd": 31, "spe": 31}, "item": "Leftovers", "teraType": "Fairy", "role": "Bulky Setup", "bvs": {"hp": 75, "atk": 80, "def": 95, "spa": 90, "spd": 100, "spe": 50}, "stats": {"hp": 263, "atk": 139, "def": 208, "spa": 199, "spd": 216, "spe": 132}, "types": ["Grass"]}, "Basculin": {"name": "Basculin", "species": "Basculin", "speciesId": "basculin", "gender": "M", "shiny": false, "level": 86, "moves": ["aquajet", "flipturn", "doubleedge", "wavecrash"], "ability": "Adaptability", "evs": {"hp": 85, "atk": 85, "def": 85, "spa": 85, "spd": 85, "spe": 85}, "ivs": {"hp": 31, "atk": 31, "def": 31, "spa": 31, "spd": 31, "spe": 31}, "item": "Choice Band", "teraType": "Water", "role": "Wallbreaker", "bvs": {"hp": 70, "atk": 92, "def": 65, "spa": 80, "spd": 55, "spe": 98}, "stats": {"hp": 261, "atk": 207, "def": 161, "spa": 187, "spd": 144, "spe": 218}, "types": ["Water"]}, "Dialga": {"name": "Dialga", "species": "Dialga", "speciesId": "dialga", "gender": "N", "shiny": false, "level": 73, "moves": ["dracometeor", "dragontail", "heavyslam", "fireblast"], "ability": "Pressure", "evs": {"hp": 85, "atk": 85, "def": 85, "spa": 85, "spd": 85, "spe": 85}, "ivs": {"hp": 31, "atk": 31, "def": 31, "spa": 31, "spd": 31, "spe": 31}, "item": "Assault Vest", "teraType": "Dragon", "role": "AV Pivot", "bvs": {"hp": 100, "atk": 120, "def": 120, "spa": 150, "spd": 100, "spe": 90}, "stats": {"hp": 266, "atk": 218, "def": 218, "spa": 261, "spd": 188, "spe": 174}, "types": ["Steel", "Dragon"]}}, {"Dedenne": {"name": "Dedenne", "species": "Dedenne", "speciesId": "dedenne", "gender": "M", "shiny": false, "level": 88, "moves": ["thunderbolt", "nuzzle", "dazzlinggleam", "superfang"], "ability": "Cheek Pouch", "evs": {"hp": 85, "atk": 85, "def": 85, "spa": 85, "spd": 85, "spe": 85}, "ivs": {"hp": 31, "atk": 31, "def": 31, "spa": 31, "spd": 31, "spe": 31}, "item": "Sitrus Berry", "teraType": "Flying", "role": "Fast Support", "bvs": {"hp": 67, "atk": 58, "def": 57, "spa": 81, "spd": 67, "spe": 101}, "stats": {"hp": 261, "atk": 152, "def": 151, "spa": 193, "spd": 168, "spe": 228}, "types": ["Electric", "Fairy"]}, "Noivern": {"name": "Noivern", "species": "Noivern", "speciesId": "noivern", "gender": "M", "shiny": false, "level": 82, "moves": ["uturn", "dracometeor", "boomburst", "hurricane"], "ability": "Infiltrator", "evs": {"hp": 85, "atk": 85, "def": 85, "spa": 85, "spd": 85, "spe": 85}, "ivs": {"hp": 31, "atk": 31, "def": 31, "spa": 31, "spd": 31, "spe": 31}, "item": "Choice Specs", "teraType": "Normal", "role": "Fast Attacker", "bvs": {"hp": 85, "atk": 70, "def": 80, "spa": 97, "spd": 80, "spe": 123}, "stats": {"hp": 274, "atk": 162, "def": 178, "spa": 206, "spd": 178, "spe": 249}, "types": ["Flying", "Dragon"]}, "Ribombee": {"name": "Ribombee", "species": "Ribombee", "speciesId": "ribombee", "gender": "M", "shiny": false, "level": 83, "moves": ["quiverdance", "moonblast", "terablast", "bugbuzz"], "ability": "Shield Dust", "evs": {"hp": 85, "atk": 0, "def": 85, "spa": 85, "spd": 85, "spe": 85}, "ivs": {"hp": 31, "atk": 0, "def": 31, "spa": 31, "spd": 31, "spe": 31}, "item": "Heavy-Duty Boots", "teraType": "Ground", "role": "Tera Blast user", "bvs": {"hp": 60, "atk": 55, "def": 60, "spa": 95, "spd": 70, "spe": 124}, "stats": {"hp": 235, "atk": 96, "def": 147, "spa": 205, "spd": 164, "spe": 254}, "types": ["Bug", "Fairy"]}, "Mandibuzz": {"name": "Mandibuzz", "species": "Mandibuzz", "speciesId": "mandibuzz", "gender": "F", "shiny": false, "level": 85, "moves": ["knockoff", "bravebird", "roost", "defog"], "ability": "Overcoat", "evs": {"hp": 85, "atk": 85, "def": 85, "spa": 85, "spd": 85, "spe": 85}, "ivs": {"hp": 31, "atk": 31, "def": 31, "spa": 31, "spd": 31, "spe": 31}, "item": "Heavy-Duty Boots", "teraType": "Steel", "role": "Bulky Attacker", "bvs": {"hp": 110, "atk": 65, "def": 105, "spa": 55, "spd": 95, "spe": 80}, "stats": {"hp": 326, "atk": 159, "def": 227, "spa": 142, "spd": 210, "spe": 185}, "types": ["Dark", "Flying"]}, "Chesnaught": {"name": "Chesnaught", "species": "Chesnaught", "speciesId": "chesnaught", "gender": "F", "shiny": false, "level": 84, "moves": ["synthesis", "irondefense", "trailblaze", "bodypress"], "ability": "Bulletproof", "evs": {"hp": 85, "atk": 85, "def": 85, "spa": 85, "spd": 85, "spe": 85}, "ivs": {"hp": 31, "atk": 31, "def": 31, "spa": 31, "spd": 31, "spe": 31}, "item": "Leftovers", "teraType": "Steel", "role": "Fast Bulky Setup", "bvs": {"hp": 88, "atk": 107, "def": 122, "spa": 74, "spd": 75, "spe": 64}, "stats": {"hp": 285, "atk": 228, "def": 253, "spa": 173, "spd": 174, "spe": 156}, "types": ["Grass", "Fighting"]}, "Polteageist": {"name": "Polteageist", "species": "Polteageist-Antique", "speciesId": "polteageist", "gender": "N", "shiny": false, "level": 78, "moves": ["shadowball", "strengthsap", "shellsmash", "storedpower"], "ability": "Cursed Body", "evs": {"hp": 85, "atk": 0, "def": 85, "spa": 85, "spd": 85, "spe": 85}, "ivs": {"hp": 31, "atk": 0, "def": 31, "spa": 31, "spd": 31, "spe": 31}, "item": "White Herb", "teraType": "Dark", "role": "Setup Sweeper", "bvs": {"hp": 60, "atk": 65, "def": 65, "spa": 134, "spd": 114, "spe": 70}, "stats": {"hp": 222, "atk": 106, "def": 146, "spa": 254, "spd": 223, "spe": 154}, "types": ["Ghost"]}}]}