{"id": "gen9randombattle-2641541591", "format": "[Gen 9] Random Battle", "players": ["Dizay976", "Dghfff"], "log": "|j|\u2606Dizay976\n|j|\u2606Dghfff\n|t:|1782804142\n|gametype|singles\n|player|p1|Dizay976|yellow|2194\n|player|p2|Dghfff|265|2160\n|gen|9\n|tier|[Gen 9] Random Battle\n|rated|\n|rule|Species Clause: Limit one of each Pok\u00e9mon\n|rule|HP Percentage Mod: HP is shown in percentages\n|rule|Sleep Clause Mod: Limit one foe put to sleep\n|rule|Illusion Level Mod: Illusion disguises the Pok\u00e9mon's true level\n|\n|t:|1782804142\n|teamsize|p1|6\n|teamsize|p2|6\n|start\n|switch|p1a: Ariados|Ariados, L95, M|287/287\n|switch|p2a: Palkia|Palkia, L75|259/259\n|-ability|p2a: Palkia|Pressure\n|turn|1\n|\n|t:|1782804152\n|move|p2a: Palkia|Fire Blast|p1a: Ariados\n|-supereffective|p1a: Ariados\n|-damage|p1a: Ariados|27/287\n|move|p1a: Ariados|Poison Jab|p2a: Palkia\n|-damage|p2a: Palkia|156/259\n|\n|upkeep\n|turn|2\n|\n|t:|1782804160\n|switch|p1a: Girafarig|Girafarig, L89, M|269/269\n|move|p2a: Palkia|Fire Blast|p1a: Girafarig\n|-damage|p1a: Girafarig|163/269\n|\n|upkeep\n|turn|3\n|\n|t:|1782804167\n|move|p1a: Girafarig|Nasty Plot|p1a: Girafarig\n|-boost|p1a: Girafarig|spa|2\n|move|p2a: Palkia|Fire Blast|p1a: Girafarig\n|-damage|p1a: Girafarig|66/269\n|\n|upkeep\n|turn|4\n|\n|t:|1782804181\n|move|p1a: Girafarig|Psychic|p2a: Palkia\n|-damage|p2a: Palkia|0 fnt\n|faint|p2a: Palkia\n|\n|upkeep\n|\n|t:|1782804194\n|switch|p2a: Fezandipiti|Fezandipiti, L82, M|278/278\n|turn|5\n|\n|t:|1782804207\n|move|p2a: Fezandipiti|Play Rough|p1a: Girafarig\n|-damage|p1a: Girafarig|0 fnt\n|faint|p1a: Girafarig\n|\n|upkeep\n|\n|t:|1782804212\n|switch|p1a: Necrozma|Necrozma-Dawn-Wings, L76|272/272\n|turn|6\n|\n|t:|1782804216\n|move|p2a: Fezandipiti|Gunk Shot|p1a: Necrozma\n|-resisted|p1a: Necrozma\n|-damage|p1a: Necrozma|216/272\n|-status|p1a: Necrozma|tox|[from] ability: Toxic Chain|[of] p2a: Fezandipiti\n|move|p1a: Necrozma|Dragon Dance|p1a: Necrozma\n|-boost|p1a: Necrozma|atk|1\n|-boost|p1a: Necrozma|spe|1\n|\n|-damage|p1a: Necrozma|199/272 tox|[from] psn\n|upkeep\n|turn|7\n|\n|t:|1782804227\n|switch|p2a: Veluza|Veluza, L85, M|292/292\n|move|p1a: Necrozma|Moongeist Beam|p2a: Veluza\n|-supereffective|p2a: Veluza\n|-damage|p2a: Veluza|0 fnt\n|faint|p2a: Veluza\n|-damage|p1a: Necrozma|172/272 tox|[from] item: Life Orb\n|\n|-damage|p1a: Necrozma|138/272 tox|[from] psn\n|upkeep\n|\n|t:|1782804240\n|switch|p2a: Jumpluff|Jumpluff, L87, F|271/271\n|turn|8\n|\n|t:|1782804247\n|move|p1a: Necrozma|Moongeist Beam|p2a: Jumpluff\n|-damage|p2a: Jumpluff|118/271\n|-damage|p1a: Necrozma|111/272 tox|[from] item: Life Orb\n|move|p2a: Jumpluff|Strength Sap|p1a: Necrozma\n|-unboost|p1a: Necrozma|atk|1\n|-heal|p2a: Jumpluff|271/271\n|\n|-damage|p1a: Necrozma|60/272 tox|[from] psn\n|upkeep\n|turn|9\n|\n|t:|1782804259\n|switch|p1a: Zacian|Zacian, L69|241/241\n|-ability|p1a: Zacian|Intrepid Sword|boost\n|-boost|p1a: Zacian|atk|1\n|move|p2a: Jumpluff|Acrobatics|p1a: Zacian\n|-damage|p1a: Zacian|160/241\n|\n|upkeep\n|turn|10\n|\n|t:|1782804277\n|move|p2a: Jumpluff|Acrobatics|p1a: Zacian\n|-damage|p1a: Zacian|73/241\n|move|p1a: Zacian|Play Rough|p2a: Jumpluff\n|-damage|p2a: Jumpluff|78/271\n|\n|upkeep\n|turn|11\n|\n|t:|1782804286\n|switch|p1a: Tatsugiri|Tatsugiri, L87, M|260/260\n|move|p2a: Jumpluff|Acrobatics|p1a: Tatsugiri\n|-damage|p1a: Tatsugiri|161/260\n|\n|upkeep\n|turn|12\n|\n|t:|1782804295\n|move|p2a: Jumpluff|Acrobatics|p1a: Tatsugiri\n|-damage|p1a: Tatsugiri|52/260\n|move|p1a: Tatsugiri|Draco Meteor|p2a: Jumpluff\n|-damage|p2a: Jumpluff|0 fnt\n|-unboost|p1a: Tatsugiri|spa|2\n|faint|p2a: Jumpluff\n|\n|upkeep\n|\n|t:|1782804310\n|switch|p2a: Breloom|Breloom, L83, F|235/235\n|turn|13\n|\n|t:|1782804318\n|move|p1a: Tatsugiri|Draco Meteor|p2a: Breloom\n|-damage|p2a: Breloom|118/235\n|-unboost|p1a: Tatsugiri|spa|2\n|move|p2a: Breloom|Swords Dance|p2a: Breloom\n|-boost|p2a: Breloom|atk|2\n|\n|upkeep\n|turn|14\n|\n|t:|1782804325\n|move|p1a: Tatsugiri|Draco Meteor|p2a: Breloom|[miss]\n|-miss|p1a: Tatsugiri|p2a: Breloom\n|move|p2a: Breloom|Swords Dance|p2a: Breloom\n|-boost|p2a: Breloom|atk|2\n|\n|upkeep\n|turn|15\n|\n|t:|1782804329\n|move|p2a: Breloom|Mach Punch|p1a: Tatsugiri\n|-damage|p1a: Tatsugiri|0 fnt\n|faint|p1a: Tatsugiri\n|-damage|p2a: Breloom|95/235|[from] item: Life Orb\n|\n|upkeep\n|\n|t:|1782804347\n|switch|p1a: Necrozma|Necrozma-Dawn-Wings, L76|60/272 tox\n|turn|16\n|\n|t:|1782804350\n|move|p2a: Breloom|Bullet Seed|p1a: Necrozma\n|-damage|p1a: Necrozma|0 fnt\n|faint|p1a: Necrozma\n|-hitcount|p1: Necrozma|1\n|-damage|p2a: Breloom|72/235|[from] item: Life Orb\n|\n|upkeep\n|\n|t:|1782804357\n|switch|p1a: Ariados|Ariados, L95, M|27/287\n|turn|17\n|\n|t:|1782804361\n|move|p2a: Breloom|Bullet Seed|p1a: Ariados\n|-resisted|p1a: Ariados\n|-damage|p1a: Ariados|0 fnt\n|faint|p1a: Ariados\n|-hitcount|p1: Ariados|1\n|-damage|p2a: Breloom|49/235|[from] item: Life Orb\n|\n|upkeep\n|\n|t:|1782804363\n|switch|p1a: Shiftry|Shiftry, L89, F|305/305\n|turn|18\n|\n|t:|1782804370\n|move|p1a: Shiftry|Sucker Punch|p2a: Breloom\n|-resisted|p2a: Breloom\n|-damage|p2a: Breloom|0 fnt\n|faint|p2a: Breloom\n|-damage|p1a: Shiftry|275/305|[from] item: Life Orb\n|\n|upkeep\n|\n|t:|1782804373\n|switch|p2a: Fezandipiti|Fezandipiti, L82, M|278/278\n|turn|19\n|\n|t:|1782804380\n|move|p2a: Fezandipiti|Play Rough|p1a: Shiftry\n|-supereffective|p1a: Shiftry\n|-damage|p1a: Shiftry|51/305\n|move|p1a: Shiftry|Will-O-Wisp|p2a: Fezandipiti|[miss]\n|-miss|p1a: Shiftry|p2a: Fezandipiti\n|\n|upkeep\n|turn|20\n|\n|t:|1782804388\n|move|p2a: Fezandipiti|Tera Blast|p1a: Shiftry\n|-damage|p1a: Shiftry|3/305\n|move|p1a: Shiftry|Knock Off|p2a: Fezandipiti\n|-resisted|p2a: Fezandipiti\n|-damage|p2a: Fezandipiti|200/278\n|-enditem|p2a: Fezandipiti|Leftovers|[from] move: Knock Off|[of] p1a: Shiftry\n|-damage|p1a: Shiftry|0 fnt|[from] item: Life Orb\n|faint|p1a: Shiftry\n|\n|upkeep\n|\n|t:|1782804399\n|switch|p1a: Zacian|Zacian, L69|73/241\n|turn|21\n|\n|t:|1782804403\n|move|p1a: Zacian|Psychic Fangs|p2a: Fezandipiti\n|-supereffective|p2a: Fezandipiti\n|-damage|p2a: Fezandipiti|48/278\n|move|p2a: Fezandipiti|Gunk Shot|p1a: Zacian\n|-supereffective|p1a: Zacian\n|-damage|p1a: Zacian|0 fnt\n|faint|p1a: Zacian\n|\n|win|Dghfff\n", "inputlog": ">version f8ac14003a5f27e1bdc8d8c59608a773c1cb96e5\n>start {\"formatid\":\"gen9randombattle\",\"seed\":\"sodium,35dca6685d369af5d239427131e73328\",\"rated\":\"Rated battle\"}\n>player p1 {\"name\":\"Dizay976\",\"avatar\":\"yellow\",\"rating\":2194,\"seed\":\"sodium,f847b2ed4b9c1810b049c793ccd24196\"}\n>player p2 {\"name\":\"Dghfff\",\"avatar\":\"265\",\"rating\":2160,\"seed\":\"sodium,8f252873470468458f8a5d0fd457395e\"}\n>p1 move poisonjab\n>p2 move fireblast\n>p1 switch 2\n>p2 move fireblast\n>p1 move nastyplot\n>p2 move fireblast\n>p1 move psychic\n>p2 move fireblast\n>p2 switch 6\n>p1 move psychic\n>p2 move playrough\n>p1 switch 5\n>p1 move dragondance\n>p2 move gunkshot\n>p1 move moongeistbeam\n>p2 switch 5\n>p2 switch 3\n>p1 move moongeistbeam\n>p2 move strengthsap\n>p1 switch 3\n>p2 move acrobatics\n>p1 move playrough\n>p2 move acrobatics\n>p1 switch 4\n>p2 move acrobatics\n>p1 move dracometeor\n>p2 move acrobatics\n>p2 switch 4\n>p1 move dracometeor\n>p2 move swordsdance\n>p1 move dracometeor\n>p2 move swordsdance\n>p1 move dracometeor\n>p2 move machpunch\n>p1 switch 3\n>p1 move brickbreak\n>p2 move bulletseed\n>p1 switch 2\n>p1 move toxicspikes\n>p2 move bulletseed\n>p1 switch 6\n>p1 move suckerpunch\n>p2 move machpunch\n>p2 switch 5\n>p1 move willowisp\n>p2 move playrough\n>p1 move knockoff\n>p2 move terablast\n>p1 switch 4\n>p1 move psychicfangs\n>p2 move gunkshot", "uploadtime": 1782804144, "views": 3, "formatid": "gen9randombattle", "rating": null, "private": 0, "password": null, "player_dets": [{"name": "Dizay976", "avatar": "yellow", "rating": 2194, "seed": "sodium,f847b2ed4b9c1810b049c793ccd24196"}, {"name": "Dghfff", "avatar": "265", "rating": 2160, "seed": "sodium,8f252873470468458f8a5d0fd457395e"}], "teams_full": [{"Ariados": {"name": "Ariados", "species": "Ariados", "speciesId": "ariados", "gender": "M", "shiny": false, "level": 95, "moves": ["stickyweb", "poisonjab", "megahorn", "toxicspikes"], "ability": "Swarm", "evs": {"hp": 85, "atk": 85, "def": 85, "spa": 85, "spd": 85, "spe": 85}, "ivs": {"hp": 31, "atk": 31, "def": 31, "spa": 31, "spd": 31, "spe": 31}, "item": "Focus Sash", "teraType": "Ghost", "role": "Fast Support", "bvs": {"hp": 70, "atk": 90, "def": 70, "spa": 60, "spd": 70, "spe": 40}, "stats": {"hp": 287, "atk": 225, "def": 187, "spa": 168, "spd": 187, "spe": 130}, "types": ["Bug", "Poison"]}, "Girafarig": {"name": "Girafarig", "species": "Girafarig", "speciesId": "girafarig", "gender": "M", "shiny": false, "level": 89, "moves": ["psychic", "nastyplot", "dazzlinggleam", "thunderbolt"], "ability": "Sap Sipper", "evs": {"hp": 85, "atk": 0, "def": 85, "spa": 85, "spd": 85, "spe": 85}, "ivs": {"hp": 31, "atk": 0, "def": 31, "spa": 31, "spd": 31, "spe": 31}, "item": "Eviolite", "teraType": "Electric", "role": "Bulky Setup", "bvs": {"hp": 70, "atk": 80, "def": 65, "spa": 90, "spd": 65, "spe": 85}, "stats": {"hp": 269, "atk": 147, "def": 166, "spa": 211, "spd": 166, "spe": 202}, "types": ["Normal", "Psychic"]}, "Zacian": {"name": "Zacian", "species": "Zacian", "speciesId": "zacian", "gender": "N", "shiny": false, "level": 69, "moves": ["wildcharge", "psychicfangs", "playrough", "closecombat"], "ability": "Intrepid Sword", "evs": {"hp": 85, "atk": 85, "def": 85, "spa": 85, "spd": 85, "spe": 85}, "ivs": {"hp": 31, "atk": 31, "def": 31, "spa": 31, "spd": 31, "spe": 31}, "item": "Choice Band", "teraType": "Fighting", "role": "Fast Attacker", "bvs": {"hp": 92, "atk": 120, "def": 115, "spa": 80, "spd": 115, "spe": 138}, "stats": {"hp": 241, "atk": 206, "def": 199, "spa": 151, "spd": 199, "spe": 231}, "types": ["Fairy"]}, "Tatsugiri": {"name": "Tatsugiri", "species": "Tatsugiri", "speciesId": "tatsugiri", "gender": "M", "shiny": false, "level": 87, "moves": ["dracometeor", "rapidspin", "nastyplot", "surf"], "ability": "Storm Drain", "evs": {"hp": 85, "atk": 85, "def": 85, "spa": 85, "spd": 85, "spe": 85}, "ivs": {"hp": 31, "atk": 31, "def": 31, "spa": 31, "spd": 31, "spe": 31}, "item": "Heavy-Duty Boots", "teraType": "Steel", "role": "Fast Support", "bvs": {"hp": 68, "atk": 50, "def": 60, "spa": 120, "spd": 95, "spe": 82}, "stats": {"hp": 260, "atk": 137, "def": 154, "spa": 259, "spd": 215, "spe": 192}, "types": ["Dragon", "Water"]}, "Necrozma": {"name": "Necrozma", "species": "Necrozma-Dawn-Wings", "speciesId": "necrozmadawnwings", "gender": "N", "shiny": false, "level": 76, "moves": ["dragondance", "brickbreak", "moongeistbeam", "photongeyser"], "ability": "Prism Armor", "evs": {"hp": 85, "atk": 85, "def": 85, "spa": 85, "spd": 85, "spe": 85}, "ivs": {"hp": 31, "atk": 31, "def": 31, "spa": 31, "spd": 31, "spe": 31}, "item": "Life Orb", "teraType": "Fighting", "role": "Setup Sweeper", "bvs": {"hp": 97, "atk": 113, "def": 109, "spa": 157, "spd": 127, "spe": 77}, "stats": {"hp": 272, "atk": 216, "def": 210, "spa": 283, "spd": 237, "spe": 161}, "types": ["Psychic", "Ghost"]}, "Shiftry": {"name": "Shiftry", "species": "Shiftry", "speciesId": "shiftry", "gender": "F", "shiny": false, "level": 89, "moves": ["leafstorm", "suckerpunch", "willowisp", "knockoff"], "ability": "Wind Rider", "evs": {"hp": 85, "atk": 85, "def": 85, "spa": 85, "spd": 85, "spe": 85}, "ivs": {"hp": 31, "atk": 31, "def": 31, "spa": 31, "spd": 31, "spe": 31}, "item": "Life Orb", "teraType": "Dark", "role": "Fast Support", "bvs": {"hp": 90, "atk": 100, "def": 60, "spa": 90, "spd": 60, "spe": 80}, "stats": {"hp": 305, "atk": 229, "def": 158, "spa": 211, "spd": 158, "spe": 193}, "types": ["Grass", "Dark"]}}, {"Palkia": {"name": "Palkia", "species": "Palkia", "speciesId": "palkia", "gender": "N", "shiny": false, "level": 75, "moves": ["dracometeor", "fireblast", "hydropump", "spacialrend"], "ability": "Pressure", "evs": {"hp": 85, "atk": 0, "def": 85, "spa": 85, "spd": 85, "spe": 85}, "ivs": {"hp": 31, "atk": 0, "def": 31, "spa": 31, "spd": 31, "spe": 31}, "item": "Choice Specs", "teraType": "Fire", "role": "Fast Attacker", "bvs": {"hp": 90, "atk": 120, "def": 100, "spa": 150, "spd": 120, "spe": 100}, "stats": {"hp": 259, "atk": 185, "def": 194, "spa": 269, "spd": 224, "spe": 194}, "types": ["Water", "Dragon"]}, "Cinccino": {"name": "Cinccino", "species": "Cinccino", "speciesId": "cinccino", "gender": "F", "shiny": false, "level": 83, "moves": ["tripleaxel", "tailslap", "tidyup", "bulletseed"], "ability": "Technician", "evs": {"hp": 85, "atk": 85, "def": 85, "spa": 85, "spd": 85, "spe": 85}, "ivs": {"hp": 31, "atk": 31, "def": 31, "spa": 31, "spd": 31, "spe": 31}, "item": "Loaded Dice", "teraType": "Ice", "role": "Fast Attacker", "bvs": {"hp": 75, "atk": 95, "def": 60, "spa": 65, "spd": 60, "spe": 115}, "stats": {"hp": 260, "atk": 205, "def": 147, "spa": 156, "spd": 147, "spe": 239}, "types": ["Normal"]}, "Jumpluff": {"name": "Jumpluff", "species": "Jumpluff", "speciesId": "jumpluff", "gender": "F", "shiny": false, "level": 87, "moves": ["encore", "uturn", "strengthsap", "acrobatics"], "ability": "Infiltrator", "evs": {"hp": 81, "atk": 85, "def": 85, "spa": 85, "spd": 85, "spe": 85}, "ivs": {"hp": 31, "atk": 31, "def": 31, "spa": 31, "spd": 31, "spe": 31}, "item": "", "teraType": "Steel", "role": "Bulky Attacker", "bvs": {"hp": 75, "atk": 55, "def": 70, "spa": 55, "spd": 95, "spe": 110}, "stats": {"hp": 271, "atk": 145, "def": 172, "spa": 145, "spd": 215, "spe": 241}, "types": ["Grass", "Flying"]}, "Breloom": {"name": "Breloom", "species": "Breloom", "speciesId": "breloom", "gender": "F", "shiny": false, "level": 83, "moves": ["bulletseed", "swordsdance", "machpunch", "spore"], "ability": "Technician", "evs": {"hp": 85, "atk": 85, "def": 85, "spa": 85, "spd": 85, "spe": 85}, "ivs": {"hp": 31, "atk": 31, "def": 31, "spa": 31, "spd": 31, "spe": 31}, "item": "Life Orb", "teraType": "Fighting", "role": "Fast Attacker", "bvs": {"hp": 60, "atk": 130, "def": 80, "spa": 60, "spd": 60, "spe": 70}, "stats": {"hp": 235, "atk": 263, "def": 180, "spa": 147, "spd": 147, "spe": 164}, "types": ["Grass", "Fighting"]}, "Veluza": {"name": "Veluza", "species": "Veluza", "speciesId": "veluza", "gender": "M", "shiny": false, "level": 85, "moves": ["aquacutter", "nightslash", "flipturn", "psychocut"], "ability": "Sharpness", "evs": {"hp": 85, "atk": 85, "def": 85, "spa": 85, "spd": 85, "spe": 85}, "ivs": {"hp": 31, "atk": 31, "def": 31, "spa": 31, "spd": 31, "spe": 31}, "item": "Choice Scarf", "teraType": "Dark", "role": "Fast Attacker", "bvs": {"hp": 90, "atk": 102, "def": 73, "spa": 78, "spd": 65, "spe": 70}, "stats": {"hp": 292, "atk": 222, "def": 173, "spa": 181, "spd": 159, "spe": 168}, "types": ["Water", "Psychic"]}, "Fezandipiti": {"name": "Fezandipiti", "species": "Fezandipiti", "speciesId": "fezandipiti", "gender": "M", "shiny": false, "level": 82, "moves": ["playrough", "swordsdance", "terablast", "gunkshot"], "ability": "Toxic Chain", "evs": {"hp": 85, "atk": 85, "def": 85, "spa": 85, "spd": 85, "spe": 85}, "ivs": {"hp": 31, "atk": 31, "def": 31, "spa": 31, "spd": 31, "spe": 31}, "item": "Leftovers", "teraType": "Ground", "role": "Tera Blast user", "bvs": {"hp": 88, "atk": 91, "def": 82, "spa": 70, "spd": 125, "spe": 99}, "stats": {"hp": 278, "atk": 196, "def": 182, "spa": 162, "spd": 252, "spe": 210}, "types": ["Poison", "Fairy"]}}]}