{"id": "gen9randombattle-2641638061", "format": "[Gen 9] Random Battle", "players": ["dinomauro", "nhlist"], "log": "|j|\u2606dinomauro\n|j|\u2606nhlist\n|t:|1782823021\n|gametype|singles\n|player|p1|dinomauro|170|1902\n|player|p2|nhlist|1|1965\n|gen|9\n|tier|[Gen 9] Random Battle\n|rated|\n|rule|Species Clause: Limit one of each Pok\u00e9mon\n|rule|HP Percentage Mod: HP is shown in percentages\n|rule|Sleep Clause Mod: Limit one foe put to sleep\n|rule|Illusion Level Mod: Illusion disguises the Pok\u00e9mon's true level\n|\n|t:|1782823021\n|teamsize|p1|6\n|teamsize|p2|6\n|start\n|switch|p1a: Palossand|Palossand, L89, M|296/296\n|switch|p2a: Weavile|Weavile, L79, M|240/240\n|turn|1\n|inactive|Battle timer is ON: inactive players will automatically lose when time's up. (requested by dinomauro)\n|inactive|dinomauro has 120 seconds left.\n|inactive|nhlist has 120 seconds left.\n|inactive|nhlist has 90 seconds left.\n|\n|t:|1782823102\n|switch|p1a: Swanna|Swanna, L89, F|278/278\n|move|p2a: Weavile|Swords Dance|p2a: Weavile\n|-boost|p2a: Weavile|atk|2\n|\n|upkeep\n|turn|2\n|\n|t:|1782823107\n|move|p2a: Weavile|Swords Dance|p2a: Weavile\n|-boost|p2a: Weavile|atk|2\n|move|p1a: Swanna|Hydro Pump|p2a: Weavile\n|-damage|p2a: Weavile|111/240\n|\n|upkeep\n|turn|3\n|\n|t:|1782823124\n|move|p2a: Weavile|Knock Off|p1a: Swanna\n|-damage|p1a: Swanna|0 fnt\n|-enditem|p1a: Swanna|Heavy-Duty Boots|[from] move: Knock Off|[of] p2a: Weavile\n|faint|p1a: Swanna\n|\n|upkeep\n|\n|t:|1782823133\n|switch|p1a: Emboar|Emboar, L84, M|322/322\n|turn|4\n|\n|t:|1782823150\n|switch|p2a: Gothitelle|Gothitelle, L90, M|272/272\n|move|p1a: Emboar|Flare Blitz|p2a: Gothitelle\n|-damage|p2a: Gothitelle|115/272\n|-damage|p1a: Emboar|270/322|[from] Recoil\n|\n|upkeep\n|turn|5\n|\n|t:|1782823159\n|move|p2a: Gothitelle|Psychic|p1a: Emboar\n|-supereffective|p1a: Emboar\n|-damage|p1a: Emboar|0 fnt\n|faint|p1a: Emboar\n|\n|upkeep\n|\n|t:|1782823163\n|switch|p1a: Oranguru|Oranguru, L92, F|315/315\n|turn|6\n|\n|t:|1782823168\n|switch|p2a: Dewgong|Dewgong, L94, M|322/322\n|move|p1a: Oranguru|Hyper Voice|p2a: Dewgong\n|-damage|p2a: Dewgong|234/322\n|\n|upkeep\n|turn|7\n|\n|t:|1782823177\n|switch|p1a: Ariados|Ariados, L95, F|287/287\n|move|p2a: Dewgong|Knock Off|p1a: Ariados\n|-damage|p1a: Ariados|219/287\n|-enditem|p1a: Ariados|Heavy-Duty Boots|[from] move: Knock Off|[of] p2a: Dewgong\n|\n|upkeep\n|turn|8\n|\n|t:|1782823186\n|switch|p2a: Gothitelle|Gothitelle, L90, M|115/272\n|move|p1a: Ariados|Sticky Web|p2a: Gothitelle\n|-sidestart|p2: nhlist|move: Sticky Web\n|\n|upkeep\n|turn|9\n|\n|t:|1782823189\n|move|p1a: Ariados|Sucker Punch|p2a: Gothitelle\n|-supereffective|p2a: Gothitelle\n|-damage|p2a: Gothitelle|17/272\n|move|p2a: Gothitelle|Psychic|p1a: Ariados\n|-supereffective|p1a: Ariados\n|-damage|p1a: Ariados|0 fnt\n|faint|p1a: Ariados\n|\n|upkeep\n|\n|t:|1782823193\n|switch|p1a: Oranguru|Oranguru, L92, F|315/315\n|turn|10\n|\n|t:|1782823200\n|switch|p2a: Dewgong|Dewgong, L94, M|234/322\n|-activate|p2a: Dewgong|move: Sticky Web\n|-unboost|p2a: Dewgong|spe|1\n|move|p1a: Oranguru|Hyper Voice|p2a: Dewgong\n|-crit|p2a: Dewgong\n|-damage|p2a: Dewgong|89/322\n|\n|upkeep\n|turn|11\n|\n|t:|1782823229\n|move|p1a: Oranguru|Hyper Voice|p2a: Dewgong\n|-damage|p2a: Dewgong|0 fnt\n|faint|p2a: Dewgong\n|\n|upkeep\n|\n|t:|1782823250\n|switch|p2a: Gothitelle|Gothitelle, L90, M|17/272\n|-activate|p2a: Gothitelle|move: Sticky Web\n|-unboost|p2a: Gothitelle|spe|1\n|turn|12\n|\n|t:|1782823258\n|move|p2a: Gothitelle|Dark Pulse|p1a: Oranguru\n|-supereffective|p1a: Oranguru\n|-damage|p1a: Oranguru|221/315\n|move|p1a: Oranguru|Hyper Voice|p2a: Gothitelle\n|-damage|p2a: Gothitelle|0 fnt\n|faint|p2a: Gothitelle\n|\n|upkeep\n|inactive|nhlist has 120 seconds left.\n|\n|t:|1782823288\n|switch|p2a: Weavile|Weavile, L79, M|111/240\n|turn|13\n|\n|t:|1782823301\n|-terastallize|p1a: Oranguru|Normal\n|move|p2a: Weavile|Knock Off|p1a: Oranguru\n|-damage|p1a: Oranguru|122/315\n|-enditem|p1a: Oranguru|Choice Specs|[from] move: Knock Off|[of] p2a: Weavile\n|move|p1a: Oranguru|Hyper Voice|p2a: Weavile\n|-damage|p2a: Weavile|0 fnt\n|faint|p2a: Weavile\n|\n|upkeep\n|\n|t:|1782823310\n|switch|p2a: Armarouge|Armarouge, L80, F|267/267\n|-activate|p2a: Armarouge|move: Sticky Web\n|-unboost|p2a: Armarouge|spe|1\n|turn|14\n|\n|t:|1782823315\n|move|p1a: Oranguru|Hyper Voice|p2a: Armarouge\n|-damage|p2a: Armarouge|115/267\n|move|p2a: Armarouge|Armor Cannon|p1a: Oranguru\n|-damage|p1a: Oranguru|0 fnt\n|-unboost|p2a: Armarouge|def|1\n|-unboost|p2a: Armarouge|spd|1\n|faint|p1a: Oranguru\n|\n|upkeep\n|\n|t:|1782823320\n|switch|p1a: Altaria|Altaria, L89, M|278/278\n|turn|15\n|\n|t:|1782823323\n|switch|p2a: Whiscash|Whiscash, L88, F|337/337\n|-activate|p2a: Whiscash|move: Sticky Web\n|-unboost|p2a: Whiscash|spe|1\n|move|p1a: Altaria|Brave Bird|p2a: Whiscash\n|-damage|p2a: Whiscash|208/337\n|-damage|p1a: Altaria|235/278|[from] Recoil\n|\n|upkeep\n|turn|16\n|\n|t:|1782823341\n|move|p1a: Altaria|Brave Bird|p2a: Whiscash\n|-damage|p2a: Whiscash|94/337\n|-damage|p1a: Altaria|197/278|[from] Recoil\n|move|p2a: Whiscash|Dragon Dance|p2a: Whiscash\n|-boost|p2a: Whiscash|atk|1\n|-boost|p2a: Whiscash|spe|1\n|\n|upkeep\n|turn|17\n|\n|t:|1782823347\n|-terastallize|p2a: Whiscash|Steel\n|move|p1a: Altaria|Haze|p1a: Altaria\n|-clearallboost\n|move|p2a: Whiscash|Dragon Dance|p2a: Whiscash\n|-boost|p2a: Whiscash|atk|1\n|-boost|p2a: Whiscash|spe|1\n|\n|upkeep\n|turn|18\n|\n|t:|1782823354\n|move|p2a: Whiscash|Stone Edge|p1a: Altaria\n|-supereffective|p1a: Altaria\n|-damage|p1a: Altaria|0 fnt\n|faint|p1a: Altaria\n|-damage|p2a: Whiscash|61/337|[from] item: Life Orb\n|\n|upkeep\n|\n|t:|1782823356\n|switch|p1a: Palossand|Palossand, L89, M|296/296\n|turn|19\n|\n|t:|1782823361\n|move|p2a: Whiscash|Liquidation|p1a: Palossand\n|-supereffective|p1a: Palossand\n|-damage|p1a: Palossand|36/296\n|-ability|p1a: Palossand|Water Compaction|boost\n|-boost|p1a: Palossand|def|2\n|-damage|p2a: Whiscash|28/337|[from] item: Life Orb\n|move|p1a: Palossand|Shore Up|p1a: Palossand\n|-heal|p1a: Palossand|184/296\n|\n|-heal|p1a: Palossand|202/296|[from] item: Leftovers\n|upkeep\n|turn|20\n|\n|t:|1782823378\n|move|p2a: Whiscash|Earthquake|p1a: Palossand\n|-damage|p1a: Palossand|131/296\n|-damage|p2a: Whiscash|0 fnt|[from] item: Life Orb\n|faint|p2a: Whiscash\n|move|p1a: Palossand|Shore Up|p1a: Palossand\n|-heal|p1a: Palossand|279/296\n|\n|-heal|p1a: Palossand|296/296|[from] item: Leftovers\n|upkeep\n|\n|t:|1782823380\n|switch|p2a: Lilligant|Lilligant-Hisui, L79, F|240/240\n|-activate|p2a: Lilligant|move: Sticky Web\n|-unboost|p2a: Lilligant|spe|1\n|turn|21\n|\n|t:|1782823392\n|move|p2a: Lilligant|Leaf Blade|p1a: Palossand\n|-supereffective|p1a: Palossand\n|-damage|p1a: Palossand|194/296\n|move|p1a: Palossand|Sludge Bomb|p2a: Lilligant\n|-supereffective|p2a: Lilligant\n|-damage|p2a: Lilligant|80/240\n|-status|p2a: Lilligant|psn\n|\n|-heal|p1a: Palossand|212/296|[from] item: Leftovers\n|-damage|p2a: Lilligant|50/240 psn|[from] psn\n|upkeep\n|turn|22\n|\n|t:|1782823395\n|move|p2a: Lilligant|Leaf Blade|p1a: Palossand\n|-supereffective|p1a: Palossand\n|-damage|p1a: Palossand|110/296\n|move|p1a: Palossand|Shore Up|p1a: Palossand\n|-heal|p1a: Palossand|258/296\n|\n|-heal|p1a: Palossand|276/296|[from] item: Leftovers\n|-damage|p2a: Lilligant|20/240 psn|[from] psn\n|upkeep\n|turn|23\n|\n|t:|1782823399\n|move|p2a: Lilligant|Leaf Blade|p1a: Palossand\n|-supereffective|p1a: Palossand\n|-damage|p1a: Palossand|174/296\n|move|p1a: Palossand|Shore Up|p1a: Palossand\n|-heal|p1a: Palossand|296/296\n|\n|-damage|p2a: Lilligant|0 fnt|[from] psn\n|faint|p2a: Lilligant\n|upkeep\n|\n|t:|1782823403\n|switch|p2a: Armarouge|Armarouge, L80, F|115/267\n|-activate|p2a: Armarouge|move: Sticky Web\n|-unboost|p2a: Armarouge|spe|1\n|turn|24\n|-message|nhlist forfeited.\n|\n|win|dinomauro\n", "inputlog": ">version f8ac14003a5f27e1bdc8d8c59608a773c1cb96e5\n>start {\"formatid\":\"gen9randombattle\",\"seed\":\"sodium,6d015a9ab3668d5bcfc7075249b78f80\",\"rated\":\"Rated battle\"}\n>player p1 {\"name\":\"dinomauro\",\"avatar\":\"170\",\"rating\":1902,\"seed\":\"sodium,25b328ce512c53547b7a8f4a7344f06a\"}\n>player p2 {\"name\":\"nhlist\",\"avatar\":\"1\",\"rating\":1965,\"seed\":\"sodium,dcd3cca83d1c4025a860347f53008f78\"}\n>p1 switch 2\n>p2 move swordsdance\n>p1 move hydropump\n>p2 move swordsdance\n>p1 move hydropump\n>p2 move knockoff\n>p1 switch 3\n>p1 move flareblitz\n>p2 switch 6\n>p1 move flareblitz\n>p2 move psychic\n>p1 switch 6\n>p1 move hypervoice\n>p2 switch 2\n>p1 switch 4\n>p2 move knockoff\n>p1 move stickyweb\n>p2 switch 2\n>p1 move suckerpunch\n>p2 move psychic\n>p1 switch 4\n>p1 move hypervoice\n>p2 switch 2\n>p1 move hypervoice\n>p2 move knockoff\n>p2 switch 2\n>p1 move hypervoice\n>p2 move darkpulse\n>p2 switch 6\n>p1 move hypervoice terastallize\n>p2 move knockoff\n>p2 switch 5\n>p1 move hypervoice\n>p2 move armorcannon\n>p1 switch 5\n>p1 move bravebird\n>p2 switch 4\n>p1 move bravebird\n>p2 move dragondance\n>p1 move haze\n>p2 move dragondance terastallize\n>p1 move earthquake\n>p2 move stoneedge\n>p1 switch 2\n>p1 move shoreup\n>p2 move liquidation\n>p1 move shoreup\n>p2 move earthquake\n>p2 switch 3\n>p1 move sludgebomb\n>p2 move leafblade\n>p1 move shoreup\n>p2 move leafblade\n>p1 move shoreup\n>p2 move leafblade\n>p2 switch 4\n>forcelose p2", "uploadtime": 1782823023, "views": 6, "formatid": "gen9randombattle", "rating": null, "private": 0, "password": null, "player_dets": [{"name": "dinomauro", "avatar": "170", "rating": 1902, "seed": "sodium,25b328ce512c53547b7a8f4a7344f06a"}, {"name": "nhlist", "avatar": "1", "rating": 1965, "seed": "sodium,dcd3cca83d1c4025a860347f53008f78"}], "teams_full": [{"Palossand": {"name": "Palossand", "species": "Palossand", "speciesId": "palossand", "gender": "M", "shiny": false, "level": 89, "moves": ["shadowball", "earthpower", "shoreup", "sludgebomb"], "ability": "Water Compaction", "evs": {"hp": 85, "atk": 0, "def": 85, "spa": 85, "spd": 85, "spe": 85}, "ivs": {"hp": 31, "atk": 0, "def": 31, "spa": 31, "spd": 31, "spe": 31}, "item": "Leftovers", "teraType": "Water", "role": "Bulky Support", "bvs": {"hp": 85, "atk": 75, "def": 110, "spa": 100, "spd": 75, "spe": 35}, "stats": {"hp": 296, "atk": 138, "def": 247, "spa": 229, "spd": 184, "spe": 113}, "types": ["Ghost", "Ground"]}, "Swanna": {"name": "Swanna", "species": "Swanna", "speciesId": "swanna", "gender": "F", "shiny": false, "level": 89, "moves": ["bravebird", "defog", "hydropump", "roost"], "ability": "Hydration", "evs": {"hp": 85, "atk": 85, "def": 85, "spa": 85, "spd": 85, "spe": 85}, "ivs": {"hp": 31, "atk": 31, "def": 31, "spa": 31, "spd": 31, "spe": 31}, "item": "Heavy-Duty Boots", "teraType": "Ground", "role": "Bulky Support", "bvs": {"hp": 75, "atk": 87, "def": 63, "spa": 87, "spd": 63, "spe": 98}, "stats": {"hp": 278, "atk": 206, "def": 163, "spa": 206, "spd": 163, "spe": 225}, "types": ["Water", "Flying"]}, "Emboar": {"name": "Emboar", "species": "Emboar", "speciesId": "emboar", "gender": "M", "shiny": false, "level": 84, "moves": ["flareblitz", "closecombat", "headsmash", "knockoff"], "ability": "Reckless", "evs": {"hp": 85, "atk": 85, "def": 85, "spa": 85, "spd": 85, "spe": 85}, "ivs": {"hp": 31, "atk": 31, "def": 31, "spa": 31, "spd": 31, "spe": 31}, "item": "Choice Scarf", "teraType": "Fire", "role": "Fast Attacker", "bvs": {"hp": 110, "atk": 123, "def": 65, "spa": 100, "spd": 65, "spe": 65}, "stats": {"hp": 322, "atk": 255, "def": 157, "spa": 216, "spd": 157, "spe": 157}, "types": ["Fire", "Fighting"]}, "Ariados": {"name": "Ariados", "species": "Ariados", "speciesId": "ariados", "gender": "F", "shiny": false, "level": 95, "moves": ["poisonjab", "stickyweb", "megahorn", "suckerpunch"], "ability": "Insomnia", "evs": {"hp": 85, "atk": 85, "def": 85, "spa": 85, "spd": 85, "spe": 85}, "ivs": {"hp": 31, "atk": 31, "def": 31, "spa": 31, "spd": 31, "spe": 31}, "item": "Heavy-Duty Boots", "teraType": "Ghost", "role": "Fast Support", "bvs": {"hp": 70, "atk": 90, "def": 70, "spa": 60, "spd": 70, "spe": 40}, "stats": {"hp": 287, "atk": 225, "def": 187, "spa": 168, "spd": 187, "spe": 130}, "types": ["Bug", "Poison"]}, "Altaria": {"name": "Altaria", "species": "Altaria", "speciesId": "altaria", "gender": "M", "shiny": false, "level": 89, "moves": ["roost", "haze", "earthquake", "bravebird"], "ability": "Natural Cure", "evs": {"hp": 85, "atk": 85, "def": 85, "spa": 85, "spd": 85, "spe": 85}, "ivs": {"hp": 31, "atk": 31, "def": 31, "spa": 31, "spd": 31, "spe": 31}, "item": "Heavy-Duty Boots", "teraType": "Steel", "role": "Bulky Support", "bvs": {"hp": 75, "atk": 70, "def": 90, "spa": 70, "spd": 105, "spe": 80}, "stats": {"hp": 278, "atk": 175, "def": 211, "spa": 175, "spd": 238, "spe": 193}, "types": ["Dragon", "Flying"]}, "Oranguru": {"name": "Oranguru", "species": "Oranguru", "speciesId": "oranguru", "gender": "F", "shiny": false, "level": 92, "moves": ["trick", "hypervoice", "psyshock", "focusblast"], "ability": "Inner Focus", "evs": {"hp": 85, "atk": 0, "def": 85, "spa": 85, "spd": 85, "spe": 85}, "ivs": {"hp": 31, "atk": 0, "def": 31, "spa": 31, "spd": 31, "spe": 31}, "item": "Choice Specs", "teraType": "Normal", "role": "Wallbreaker", "bvs": {"hp": 90, "atk": 60, "def": 80, "spa": 90, "spd": 110, "spe": 60}, "stats": {"hp": 315, "atk": 115, "def": 200, "spa": 218, "spd": 255, "spe": 163}, "types": ["Normal", "Psychic"]}}, {"Weavile": {"name": "Weavile", "species": "Weavile", "speciesId": "weavile", "gender": "M", "shiny": false, "level": 79, "moves": ["knockoff", "swordsdance", "iceshard", "tripleaxel"], "ability": "Pickpocket", "evs": {"hp": 85, "atk": 85, "def": 85, "spa": 85, "spd": 85, "spe": 85}, "ivs": {"hp": 31, "atk": 31, "def": 31, "spa": 31, "spd": 31, "spe": 31}, "item": "Heavy-Duty Boots", "teraType": "Ice", "role": "Fast Attacker", "bvs": {"hp": 70, "atk": 120, "def": 65, "spa": 45, "spd": 85, "spe": 125}, "stats": {"hp": 240, "atk": 235, "def": 148, "spa": 117, "spd": 180, "spe": 243}, "types": ["Dark", "Ice"]}, "Dewgong": {"name": "Dewgong", "species": "Dewgong", "speciesId": "dewgong", "gender": "M", "shiny": false, "level": 94, "moves": ["flipturn", "tripleaxel", "knockoff", "surf"], "ability": "Thick Fat", "evs": {"hp": 85, "atk": 85, "def": 85, "spa": 85, "spd": 85, "spe": 85}, "ivs": {"hp": 31, "atk": 31, "def": 31, "spa": 31, "spd": 31, "spe": 31}, "item": "Assault Vest", "teraType": "Grass", "role": "Bulky Attacker", "bvs": {"hp": 90, "atk": 70, "def": 80, "spa": 70, "spd": 95, "spe": 70}, "stats": {"hp": 322, "atk": 185, "def": 204, "spa": 185, "spd": 232, "spe": 185}, "types": ["Water", "Ice"]}, "Lilligant": {"name": "Lilligant", "species": "Lilligant-Hisui", "speciesId": "lilliganthisui", "gender": "F", "shiny": false, "level": 79, "moves": ["icespinner", "leafblade", "victorydance", "closecombat"], "ability": "Hustle", "evs": {"hp": 85, "atk": 85, "def": 85, "spa": 85, "spd": 85, "spe": 85}, "ivs": {"hp": 31, "atk": 31, "def": 31, "spa": 31, "spd": 31, "spe": 31}, "item": "Wide Lens", "teraType": "Fighting", "role": "Setup Sweeper", "bvs": {"hp": 70, "atk": 105, "def": 75, "spa": 50, "spd": 75, "spe": 105}, "stats": {"hp": 240, "atk": 211, "def": 164, "spa": 125, "spd": 164, "spe": 211}, "types": ["Grass", "Fighting"]}, "Whiscash": {"name": "Whiscash", "species": "Whiscash", "speciesId": "whiscash", "gender": "F", "shiny": false, "level": 88, "moves": ["earthquake", "liquidation", "dragondance", "stoneedge"], "ability": "Oblivious", "evs": {"hp": 85, "atk": 85, "def": 85, "spa": 85, "spd": 85, "spe": 85}, "ivs": {"hp": 31, "atk": 31, "def": 31, "spa": 31, "spd": 31, "spe": 31}, "item": "Life Orb", "teraType": "Steel", "role": "Setup Sweeper", "bvs": {"hp": 110, "atk": 78, "def": 73, "spa": 76, "spd": 71, "spe": 60}, "stats": {"hp": 337, "atk": 188, "def": 179, "spa": 184, "spd": 175, "spe": 156}, "types": ["Water", "Ground"]}, "Armarouge": {"name": "Armarouge", "species": "Armarouge", "speciesId": "armarouge", "gender": "F", "shiny": false, "level": 80, "moves": ["energyball", "armorcannon", "psyshock", "focusblast"], "ability": "Weak Armor", "evs": {"hp": 85, "atk": 0, "def": 85, "spa": 85, "spd": 85, "spe": 85}, "ivs": {"hp": 31, "atk": 0, "def": 31, "spa": 31, "spd": 31, "spe": 31}, "item": "Choice Specs", "teraType": "Psychic", "role": "Wallbreaker", "bvs": {"hp": 85, "atk": 60, "def": 100, "spa": 125, "spd": 80, "spe": 75}, "stats": {"hp": 267, "atk": 101, "def": 206, "spa": 246, "spd": 174, "spe": 166}, "types": ["Fire", "Psychic"]}, "Gothitelle": {"name": "Gothitelle", "species": "Gothitelle", "speciesId": "gothitelle", "gender": "M", "shiny": false, "level": 90, "moves": ["psychic", "focusblast", "darkpulse", "trick"], "ability": "Shadow Tag", "evs": {"hp": 85, "atk": 0, "def": 85, "spa": 85, "spd": 85, "spe": 85}, "ivs": {"hp": 31, "atk": 0, "def": 31, "spa": 31, "spd": 31, "spe": 31}, "item": "Choice Scarf", "teraType": "Fairy", "role": "Fast Attacker", "bvs": {"hp": 70, "atk": 55, "def": 95, "spa": 95, "spd": 110, "spe": 65}, "stats": {"hp": 272, "atk": 104, "def": 222, "spa": 222, "spd": 249, "spe": 168}, "types": ["Psychic"]}}]}