{"id": "gen9randombattle-2641611490", "format": "[Gen 9] Random Battle", "players": ["SquadLeCuisto", "phoenix117"], "log": "|j|\u2606SquadLeCuisto\n|j|\u2606phoenix117\n|t:|1782818508\n|gametype|singles\n|player|p1|SquadLeCuisto|102|2083\n|player|p2|phoenix117|alder|2039\n|gen|9\n|tier|[Gen 9] Random Battle\n|rated|\n|rule|Species Clause: Limit one of each Pok\u00e9mon\n|rule|HP Percentage Mod: HP is shown in percentages\n|rule|Sleep Clause Mod: Limit one foe put to sleep\n|rule|Illusion Level Mod: Illusion disguises the Pok\u00e9mon's true level\n|\n|t:|1782818508\n|teamsize|p1|6\n|teamsize|p2|6\n|start\n|switch|p1a: Conkeldurr|Conkeldurr, L80, F|299/299\n|switch|p2a: Cetitan|Cetitan, L82, M|413/413\n|turn|1\n|\n|t:|1782818555\n|switch|p2a: Zacian|Zacian, L69|241/241\n|-ability|p2a: Zacian|Intrepid Sword|boost\n|-boost|p2a: Zacian|atk|1\n|move|p1a: Conkeldurr|Close Combat|p2a: Zacian\n|-resisted|p2a: Zacian\n|-damage|p2a: Zacian|163/241\n|-unboost|p1a: Conkeldurr|def|1\n|-unboost|p1a: Conkeldurr|spd|1\n|\n|-status|p1a: Conkeldurr|brn|[from] item: Flame Orb\n|upkeep\n|turn|2\n|inactive|Battle timer is ON: inactive players will automatically lose when time's up. (requested by phoenix117)\n|\n|t:|1782818566\n|switch|p1a: Corviknight|Corviknight, L80, M|288/288\n|move|p2a: Zacian|Play Rough|p1a: Corviknight\n|-resisted|p1a: Corviknight\n|-crit|p1a: Corviknight\n|-damage|p1a: Corviknight|177/288\n|\n|-heal|p1a: Corviknight|195/288|[from] item: Leftovers\n|upkeep\n|turn|3\n|\n|t:|1782818593\n|switch|p2a: Cyclizar|Cyclizar, L83, M|252/252\n|move|p1a: Corviknight|Roost|p1a: Corviknight\n|-heal|p1a: Corviknight|288/288\n|-singleturn|p1a: Corviknight|move: Roost\n|\n|upkeep\n|turn|4\n|\n|t:|1782818600\n|move|p2a: Cyclizar|Shed Tail|p2a: Cyclizar\n|-start|p2a: Cyclizar|Substitute|[from] move: Shed Tail\n|-damage|p2a: Cyclizar|126/252\n|\n|t:|1782818610\n|switch|p2a: Raichu|Raichu, L88, F|249/249|[from] Shed Tail\n|move|p1a: Corviknight|Body Press|p2a: Raichu\n|-end|p2a: Raichu|Substitute\n|\n|upkeep\n|turn|5\n|\n|t:|1782818633\n|switch|p1a: Wo-Chien|Wo-Chien, L83|277/277\n|-ability|p1a: Wo-Chien|Tablets of Ruin\n|move|p2a: Raichu|Nasty Plot|p2a: Raichu\n|-boost|p2a: Raichu|spa|2\n|\n|upkeep\n|turn|6\n|\n|t:|1782818642\n|-terastallize|p2a: Raichu|Grass\n|move|p2a: Raichu|Nasty Plot|p2a: Raichu\n|-boost|p2a: Raichu|spa|2\n|move|p1a: Wo-Chien|Knock Off|p2a: Raichu\n|-damage|p2a: Raichu|131/249\n|-enditem|p2a: Raichu|Leftovers|[from] move: Knock Off|[of] p1a: Wo-Chien\n|\n|upkeep\n|turn|7\n|\n|t:|1782818655\n|move|p2a: Raichu|Thunderbolt|p1a: Wo-Chien\n|-resisted|p1a: Wo-Chien\n|-damage|p1a: Wo-Chien|166/277\n|move|p1a: Wo-Chien|Knock Off|p2a: Raichu\n|-damage|p2a: Raichu|50/249\n|\n|-heal|p1a: Wo-Chien|183/277|[from] item: Leftovers\n|upkeep\n|turn|8\n|\n|t:|1782818664\n|switch|p2a: Wigglytuff|Wigglytuff, L96, M|424/424\n|move|p1a: Wo-Chien|Knock Off|p2a: Wigglytuff\n|-resisted|p2a: Wigglytuff\n|-damage|p2a: Wigglytuff|362/424\n|-enditem|p2a: Wigglytuff|Leftovers|[from] move: Knock Off|[of] p1a: Wo-Chien\n|\n|-heal|p1a: Wo-Chien|200/277|[from] item: Leftovers\n|upkeep\n|turn|9\n|\n|t:|1782818673\n|move|p1a: Wo-Chien|Ruination|p2a: Wigglytuff\n|-damage|p2a: Wigglytuff|181/424\n|move|p2a: Wigglytuff|Knock Off|p1a: Wo-Chien\n|-resisted|p1a: Wo-Chien\n|-damage|p1a: Wo-Chien|176/277\n|-enditem|p1a: Wo-Chien|Leftovers|[from] move: Knock Off|[of] p2a: Wigglytuff\n|\n|upkeep\n|turn|10\n|\n|t:|1782818677\n|move|p1a: Wo-Chien|Leech Seed|p2a: Wigglytuff\n|-start|p2a: Wigglytuff|move: Leech Seed\n|move|p2a: Wigglytuff|Thunder Wave|p1a: Wo-Chien\n|-status|p1a: Wo-Chien|par\n|\n|-damage|p2a: Wigglytuff|128/424|[from] Leech Seed|[of] p1a: Wo-Chien\n|-heal|p1a: Wo-Chien|229/277 par|[silent]\n|upkeep\n|turn|11\n|\n|t:|1782818684\n|switch|p2a: Raichu|Raichu, L88, F, tera:Grass|50/249\n|move|p1a: Wo-Chien|Knock Off|p2a: Raichu\n|-damage|p2a: Raichu|0 fnt\n|faint|p2a: Raichu\n|\n|upkeep\n|-message|phoenix117 forfeited.\n|\n|win|SquadLeCuisto\n|raw|SquadLeCuisto's rating: 2083 &rarr; <strong>2100</strong><br />(+17 for winning)\n|raw|phoenix117's rating: 2039 &rarr; <strong>2022</strong><br />(-17 for losing)\n", "inputlog": ">version f8ac14003a5f27e1bdc8d8c59608a773c1cb96e5\n>start {\"formatid\":\"gen9randombattle\",\"seed\":\"sodium,5b9f8646b7f6bddcdd82f29e7a2feb16\",\"rated\":\"Rated battle\"}\n>player p1 {\"name\":\"SquadLeCuisto\",\"avatar\":\"102\",\"rating\":2083,\"seed\":\"sodium,fca8a52a3c19ed296372957b974c32fb\"}\n>player p2 {\"name\":\"phoenix117\",\"avatar\":\"alder\",\"rating\":2039,\"seed\":\"sodium,b4309fd92a9cefb650bcd2b91c3f7eff\"}\n>p1 move closecombat\n>p2 switch 5\n>p1 switch 2\n>p2 move playrough\n>p1 move roost\n>p2 switch 4\n>p1 move bodypress\n>p2 move shedtail\n>p2 switch 2\n>p1 switch 5\n>p2 move nastyplot\n>p1 move knockoff\n>p2 move nastyplot terastallize\n>p1 move knockoff\n>p2 move thunderbolt\n>p1 move knockoff\n>p2 switch 3\n>p1 move ruination\n>p2 move knockoff\n>p1 move leechseed\n>p2 move thunderwave\n>p1 move knockoff\n>p2 switch 3\n>forcelose p2", "uploadtime": 1782818510, "views": 6, "formatid": "gen9randombattle", "rating": 2022, "private": 0, "password": null, "player_dets": [{"name": "SquadLeCuisto", "avatar": "102", "rating": 2083, "seed": "sodium,fca8a52a3c19ed296372957b974c32fb"}, {"name": "phoenix117", "avatar": "alder", "rating": 2039, "seed": "sodium,b4309fd92a9cefb650bcd2b91c3f7eff"}], "teams_full": [{"Conkeldurr": {"name": "Conkeldurr", "species": "Conkeldurr", "speciesId": "conkeldurr", "gender": "F", "shiny": false, "level": 80, "moves": ["knockoff", "facade", "machpunch", "closecombat"], "ability": "Guts", "evs": {"hp": 85, "atk": 85, "def": 85, "spa": 85, "spd": 85, "spe": 85}, "ivs": {"hp": 31, "atk": 31, "def": 31, "spa": 31, "spd": 31, "spe": 31}, "item": "Flame Orb", "teraType": "Normal", "role": "Wallbreaker", "bvs": {"hp": 105, "atk": 140, "def": 95, "spa": 55, "spd": 65, "spe": 45}, "stats": {"hp": 299, "atk": 270, "def": 198, "spa": 134, "spd": 150, "spe": 118}, "types": ["Fighting"]}, "Corviknight": {"name": "Corviknight", "species": "Corviknight", "speciesId": "corviknight", "gender": "M", "shiny": false, "level": 80, "moves": ["defog", "roost", "bodypress", "bravebird"], "ability": "Mirror Armor", "evs": {"hp": 85, "atk": 85, "def": 85, "spa": 85, "spd": 85, "spe": 85}, "ivs": {"hp": 31, "atk": 31, "def": 31, "spa": 31, "spd": 31, "spe": 31}, "item": "Leftovers", "teraType": "Dragon", "role": "Bulky Support", "bvs": {"hp": 98, "atk": 87, "def": 105, "spa": 53, "spd": 85, "spe": 67}, "stats": {"hp": 288, "atk": 185, "def": 214, "spa": 131, "spd": 182, "spe": 153}, "types": ["Flying", "Steel"]}, "Raging Bolt": {"name": "Raging Bolt", "species": "Raging Bolt", "speciesId": "ragingbolt", "gender": "N", "shiny": false, "level": 78, "moves": ["discharge", "dracometeor", "voltswitch", "thunderclap"], "ability": "Protosynthesis", "evs": {"hp": 85, "atk": 0, "def": 85, "spa": 85, "spd": 85, "spe": 85}, "ivs": {"hp": 31, "atk": 0, "def": 31, "spa": 31, "spd": 31, "spe": 31}, "item": "Assault Vest", "teraType": "Electric", "role": "AV Pivot", "bvs": {"hp": 125, "atk": 73, "def": 91, "spa": 137, "spd": 89, "spe": 75}, "stats": {"hp": 323, "atk": 118, "def": 187, "spa": 259, "spd": 184, "spe": 162}, "types": ["Electric", "Dragon"]}, "Wigglytuff": {"name": "Wigglytuff", "species": "Wigglytuff", "speciesId": "wigglytuff", "gender": "M", "shiny": false, "level": 96, "moves": ["fireblast", "dazzlinggleam", "thunderwave", "knockoff"], "ability": "Competitive", "evs": {"hp": 85, "atk": 85, "def": 85, "spa": 85, "spd": 85, "spe": 85}, "ivs": {"hp": 31, "atk": 31, "def": 31, "spa": 31, "spd": 31, "spe": 31}, "item": "Leftovers", "teraType": "Steel", "role": "Bulky Support", "bvs": {"hp": 140, "atk": 70, "def": 45, "spa": 85, "spd": 50, "spe": 45}, "stats": {"hp": 424, "atk": 189, "def": 141, "spa": 218, "spd": 150, "spe": 141}, "types": ["Normal", "Fairy"]}, "Wo-Chien": {"name": "Wo-Chien", "species": "Wo-Chien", "speciesId": "wochien", "gender": "N", "shiny": false, "level": 83, "moves": ["knockoff", "ruination", "protect", "leechseed"], "ability": "Tablets of Ruin", "evs": {"hp": 85, "atk": 85, "def": 85, "spa": 85, "spd": 85, "spe": 85}, "ivs": {"hp": 31, "atk": 31, "def": 31, "spa": 31, "spd": 31, "spe": 31}, "item": "Leftovers", "teraType": "Poison", "role": "Bulky Support", "bvs": {"hp": 85, "atk": 85, "def": 100, "spa": 95, "spd": 135, "spe": 70}, "stats": {"hp": 277, "atk": 189, "def": 214, "spa": 205, "spd": 272, "spe": 164}, "types": ["Dark", "Grass"]}, "Ogerpon": {"name": "Ogerpon", "species": "Ogerpon-Cornerstone", "speciesId": "ogerponcornerstone", "gender": "F", "shiny": false, "level": 76, "moves": ["swordsdance", "hornleech", "ivycudgel", "superpower"], "ability": "Sturdy", "evs": {"hp": 85, "atk": 85, "def": 85, "spa": 85, "spd": 85, "spe": 85}, "ivs": {"hp": 31, "atk": 31, "def": 31, "spa": 31, "spd": 31, "spe": 31}, "item": "Cornerstone Mask", "teraType": "Rock", "role": "Setup Sweeper", "bvs": {"hp": 80, "atk": 120, "def": 84, "spa": 60, "spd": 96, "spe": 110}, "stats": {"hp": 247, "atk": 226, "def": 172, "spa": 135, "spd": 190, "spe": 211}, "types": ["Grass", "Rock"]}}, {"Cetitan": {"name": "Cetitan", "species": "Cetitan", "speciesId": "cetitan", "gender": "M", "shiny": false, "level": 82, "moves": ["superpower", "iciclecrash", "liquidation", "iceshard"], "ability": "Sheer Force", "evs": {"hp": 85, "atk": 85, "def": 85, "spa": 85, "spd": 85, "spe": 85}, "ivs": {"hp": 31, "atk": 31, "def": 31, "spa": 31, "spd": 31, "spe": 31}, "item": "Life Orb", "teraType": "Water", "role": "Wallbreaker", "bvs": {"hp": 170, "atk": 113, "def": 65, "spa": 45, "spd": 55, "spe": 73}, "stats": {"hp": 413, "atk": 232, "def": 154, "spa": 121, "spd": 137, "spe": 167}, "types": ["Ice"]}, "Raichu": {"name": "Raichu", "species": "Raichu", "speciesId": "raichu", "gender": "F", "shiny": false, "level": 88, "moves": ["nastyplot", "grassknot", "thunderbolt", "encore"], "ability": "Lightning Rod", "evs": {"hp": 85, "atk": 0, "def": 85, "spa": 85, "spd": 85, "spe": 85}, "ivs": {"hp": 31, "atk": 0, "def": 31, "spa": 31, "spd": 31, "spe": 31}, "item": "Leftovers", "teraType": "Grass", "role": "Fast Support", "bvs": {"hp": 60, "atk": 90, "def": 55, "spa": 90, "spd": 80, "spe": 110}, "stats": {"hp": 249, "atk": 163, "def": 147, "spa": 209, "spd": 191, "spe": 244}, "types": ["Electric"]}, "Wigglytuff": {"name": "Wigglytuff", "species": "Wigglytuff", "speciesId": "wigglytuff", "gender": "M", "shiny": false, "level": 96, "moves": ["thunderwave", "fireblast", "knockoff", "alluringvoice"], "ability": "Competitive", "evs": {"hp": 85, "atk": 85, "def": 85, "spa": 85, "spd": 85, "spe": 85}, "ivs": {"hp": 31, "atk": 31, "def": 31, "spa": 31, "spd": 31, "spe": 31}, "item": "Leftovers", "teraType": "Steel", "role": "Bulky Support", "bvs": {"hp": 140, "atk": 70, "def": 45, "spa": 85, "spd": 50, "spe": 45}, "stats": {"hp": 424, "atk": 189, "def": 141, "spa": 218, "spd": 150, "spe": 141}, "types": ["Normal", "Fairy"]}, "Cyclizar": {"name": "Cyclizar", "species": "Cyclizar", "speciesId": "cyclizar", "gender": "M", "shiny": false, "level": 83, "moves": ["shedtail", "rapidspin", "knockoff", "dracometeor"], "ability": "Regenerator", "evs": {"hp": 85, "atk": 85, "def": 85, "spa": 85, "spd": 85, "spe": 85}, "ivs": {"hp": 31, "atk": 31, "def": 31, "spa": 31, "spd": 31, "spe": 31}, "item": "Heavy-Duty Boots", "teraType": "Fairy", "role": "Fast Support", "bvs": {"hp": 70, "atk": 95, "def": 65, "spa": 85, "spd": 65, "spe": 121}, "stats": {"hp": 252, "atk": 205, "def": 156, "spa": 189, "spd": 156, "spe": 249}, "types": ["Dragon", "Normal"]}, "Zacian": {"name": "Zacian", "species": "Zacian", "speciesId": "zacian", "gender": "N", "shiny": false, "level": 69, "moves": ["closecombat", "wildcharge", "psychicfangs", "playrough"], "ability": "Intrepid Sword", "evs": {"hp": 85, "atk": 85, "def": 85, "spa": 85, "spd": 85, "spe": 85}, "ivs": {"hp": 31, "atk": 31, "def": 31, "spa": 31, "spd": 31, "spe": 31}, "item": "Choice Band", "teraType": "Fighting", "role": "Fast Attacker", "bvs": {"hp": 92, "atk": 120, "def": 115, "spa": 80, "spd": 115, "spe": 138}, "stats": {"hp": 241, "atk": 206, "def": 199, "spa": 151, "spd": 199, "spe": 231}, "types": ["Fairy"]}, "Walking Wake": {"name": "Walking Wake", "species": "Walking Wake", "speciesId": "walkingwake", "gender": "N", "shiny": false, "level": 79, "moves": ["dracometeor", "sunnyday", "hydrosteam", "flamethrower"], "ability": "Protosynthesis", "evs": {"hp": 85, "atk": 0, "def": 85, "spa": 85, "spd": 85, "spe": 85}, "ivs": {"hp": 31, "atk": 0, "def": 31, "spa": 31, "spd": 31, "spe": 31}, "item": "Life Orb", "teraType": "Fire", "role": "Fast Attacker", "bvs": {"hp": 99, "atk": 83, "def": 91, "spa": 125, "spd": 83, "spe": 109}, "stats": {"hp": 286, "atk": 136, "def": 189, "spa": 243, "spd": 177, "spe": 218}, "types": ["Water", "Dragon"]}}]}