{"id": "gen9randombattle-2641358432", "format": "[Gen 9] Random Battle", "players": ["cant_be_cool", "bojangles mkII"], "log": "|j|\u2606cant_be_cool\n|j|\u2606bojangles mkII\n|t:|1782772560\n|gametype|singles\n|player|p1|cant_be_cool|swimmer-gen4|1835\n|player|p2|bojangles mkII|unknown|1768\n|gen|9\n|tier|[Gen 9] Random Battle\n|rated|\n|rule|Species Clause: Limit one of each Pok\u00e9mon\n|rule|HP Percentage Mod: HP is shown in percentages\n|rule|Sleep Clause Mod: Limit one foe put to sleep\n|rule|Illusion Level Mod: Illusion disguises the Pok\u00e9mon's true level\n|\n|t:|1782772560\n|teamsize|p1|6\n|teamsize|p2|6\n|start\n|switch|p1a: Iron Hands|Iron Hands, L79|373/373\n|switch|p2a: Espeon|Espeon, L84, F|246/246\n|turn|1\n|inactive|Battle timer is ON: inactive players will automatically lose when time's up. (requested by bojangles mkII)\n|inactive|cant_be_cool also wants the timer to be on.\n|\n|t:|1782772569\n|switch|p2a: Mudsdale|Mudsdale, L83, M|302/302\n|move|p1a: Iron Hands|Fake Out|p2a: Mudsdale\n|-damage|p2a: Mudsdale|272/302\n|-ability|p2a: Mudsdale|Stamina|boost\n|-boost|p2a: Mudsdale|def|1\n|\n|-heal|p2a: Mudsdale|290/302|[from] item: Leftovers\n|upkeep\n|turn|2\n|\n|t:|1782772579\n|-end|p1a: Iron Hands|Quark Drive|[silent]\n|switch|p1a: Donphan|Donphan, L84, M|288/288\n|move|p2a: Mudsdale|Stealth Rock|p1a: Donphan\n|-sidestart|p1: cant_be_cool|move: Stealth Rock\n|\n|-heal|p2a: Mudsdale|302/302|[from] item: Leftovers\n|upkeep\n|turn|3\n|\n|t:|1782772586\n|switch|p2a: Corviknight|Corviknight, L80, F|288/288\n|move|p1a: Donphan|Stealth Rock|p2a: Corviknight\n|-sidestart|p2: bojangles mkII|move: Stealth Rock\n|\n|upkeep\n|turn|4\n|\n|t:|1782772591\n|move|p2a: Corviknight|Defog|p1a: Donphan\n|-unboost|p1a: Donphan|evasion|1\n|-sideend|p1: cant_be_cool|Stealth Rock|[from] move: Defog|[of] p2a: Corviknight\n|-sideend|p2: bojangles mkII|Stealth Rock|[from] move: Defog|[of] p2a: Corviknight\n|move|p1a: Donphan|Rapid Spin|p2a: Corviknight\n|-resisted|p2a: Corviknight\n|-damage|p2a: Corviknight|270/288\n|-boost|p1a: Donphan|spe|1\n|-damage|p1a: Donphan|240/288|[from] item: Rocky Helmet|[of] p2a: Corviknight\n|\n|-heal|p1a: Donphan|258/288|[from] item: Leftovers\n|upkeep\n|turn|5\n|\n|t:|1782772596\n|move|p1a: Donphan|Stealth Rock|p2a: Corviknight\n|-sidestart|p2: bojangles mkII|move: Stealth Rock\n|move|p2a: Corviknight|U-turn|p1a: Donphan\n|-damage|p1a: Donphan|227/288\n|\n|t:|1782772598\n|switch|p2a: Hydrapple|Hydrapple, L83, M|312/312|[from] U-turn\n|-damage|p2a: Hydrapple|273/312|[from] Stealth Rock\n|\n|-heal|p1a: Donphan|245/288|[from] item: Leftovers\n|upkeep\n|turn|6\n|\n|t:|1782772607\n|switch|p1a: Iron Moth|Iron Moth, L78|253/253\n|move|p2a: Hydrapple|Draco Meteor|p1a: Iron Moth\n|-damage|p1a: Iron Moth|46/253\n|-unboost|p2a: Hydrapple|spa|2\n|\n|upkeep\n|turn|7\n|\n|t:|1782772617\n|switch|p2a: Mudsdale|Mudsdale, L83, M|302/302\n|-damage|p2a: Mudsdale|284/302|[from] Stealth Rock\n|move|p1a: Iron Moth|Fire Blast|p2a: Mudsdale\n|-damage|p2a: Mudsdale|76/302\n|-ability|p2a: Mudsdale|Stamina|boost\n|-boost|p2a: Mudsdale|def|1\n|\n|-heal|p2a: Mudsdale|94/302|[from] item: Leftovers\n|upkeep\n|turn|8\n|\n|t:|1782772621\n|move|p1a: Iron Moth|Fire Blast|p2a: Mudsdale\n|-damage|p2a: Mudsdale|0 fnt\n|faint|p2a: Mudsdale\n|\n|upkeep\n|\n|t:|1782772624\n|switch|p2a: Espeon|Espeon, L84, F|246/246\n|-damage|p2a: Espeon|216/246|[from] Stealth Rock\n|turn|9\n|\n|t:|1782772638\n|-end|p1a: Iron Moth|Quark Drive|[silent]\n|switch|p1a: Donphan|Donphan, L84, M|245/288\n|move|p2a: Espeon|Shadow Ball|p1a: Donphan\n|-crit|p1a: Donphan\n|-damage|p1a: Donphan|63/288\n|-damage|p2a: Espeon|192/246|[from] item: Life Orb\n|\n|-heal|p1a: Donphan|81/288|[from] item: Leftovers\n|upkeep\n|turn|10\n|\n|t:|1782772643\n|move|p2a: Espeon|Psyshock|p1a: Donphan\n|-damage|p1a: Donphan|0 fnt\n|faint|p1a: Donphan\n|-damage|p2a: Espeon|168/246|[from] item: Life Orb\n|\n|upkeep\n|\n|t:|1782772656\n|switch|p1a: Cresselia|Cresselia, L80, F|323/323\n|turn|11\n|\n|t:|1782772669\n|move|p2a: Espeon|Calm Mind|p2a: Espeon\n|-boost|p2a: Espeon|spa|1\n|-boost|p2a: Espeon|spd|1\n|move|p1a: Cresselia|Calm Mind|p1a: Cresselia\n|-boost|p1a: Cresselia|spa|1\n|-boost|p1a: Cresselia|spd|1\n|\n|upkeep\n|turn|12\n|\n|t:|1782772672\n|move|p2a: Espeon|Calm Mind|p2a: Espeon\n|-boost|p2a: Espeon|spa|1\n|-boost|p2a: Espeon|spd|1\n|move|p1a: Cresselia|Calm Mind|p1a: Cresselia\n|-boost|p1a: Cresselia|spa|1\n|-boost|p1a: Cresselia|spd|1\n|\n|upkeep\n|turn|13\n|\n|t:|1782772681\n|move|p2a: Espeon|Shadow Ball|p1a: Cresselia\n|-supereffective|p1a: Cresselia\n|-damage|p1a: Cresselia|170/323\n|-unboost|p1a: Cresselia|spd|1\n|-damage|p2a: Espeon|144/246|[from] item: Life Orb\n|move|p1a: Cresselia|Calm Mind|p1a: Cresselia\n|-boost|p1a: Cresselia|spa|1\n|-boost|p1a: Cresselia|spd|1\n|\n|-heal|p1a: Cresselia|190/323|[from] item: Leftovers\n|upkeep\n|turn|14\n|\n|t:|1782772703\n|move|p2a: Espeon|Calm Mind|p2a: Espeon\n|-boost|p2a: Espeon|spa|1\n|-boost|p2a: Espeon|spd|1\n|move|p1a: Cresselia|Psyshock|p2a: Espeon\n|-resisted|p2a: Espeon\n|-damage|p2a: Espeon|39/246\n|\n|-heal|p1a: Cresselia|210/323|[from] item: Leftovers\n|upkeep\n|turn|15\n|\n|t:|1782772708\n|move|p2a: Espeon|Shadow Ball|p1a: Cresselia\n|-supereffective|p1a: Cresselia\n|-damage|p1a: Cresselia|23/323\n|-damage|p2a: Espeon|15/246|[from] item: Life Orb\n|move|p1a: Cresselia|Thunderbolt|p2a: Espeon\n|-damage|p2a: Espeon|0 fnt\n|faint|p2a: Espeon\n|\n|-heal|p1a: Cresselia|43/323|[from] item: Leftovers\n|upkeep\n|\n|t:|1782772715\n|switch|p2a: Arceus|Arceus-Fairy, L69|280/280\n|-damage|p2a: Arceus|245/280|[from] Stealth Rock\n|turn|16\n|\n|t:|1782772726\n|move|p2a: Arceus|Judgment|p1a: Cresselia\n|-damage|p1a: Cresselia|0 fnt\n|faint|p1a: Cresselia\n|\n|upkeep\n|\n|t:|1782772748\n|switch|p1a: Sinistcha|Sinistcha-Masterpiece, L83|254/254\n|turn|17\n|\n|t:|1782772756\n|switch|p2a: Corviknight|Corviknight, L80, F|270/288\n|-damage|p2a: Corviknight|234/288|[from] Stealth Rock\n|move|p1a: Sinistcha|Calm Mind|p1a: Sinistcha\n|-boost|p1a: Sinistcha|spa|1\n|-boost|p1a: Sinistcha|spd|1\n|\n|upkeep\n|turn|18\n|\n|t:|1782772765\n|move|p1a: Sinistcha|Calm Mind|p1a: Sinistcha\n|-boost|p1a: Sinistcha|spa|1\n|-boost|p1a: Sinistcha|spd|1\n|move|p2a: Corviknight|Brave Bird|p1a: Sinistcha\n|-supereffective|p1a: Sinistcha\n|-damage|p1a: Sinistcha|56/254\n|-damage|p2a: Corviknight|169/288|[from] Recoil\n|\n|-heal|p1a: Sinistcha|71/254|[from] item: Leftovers\n|upkeep\n|turn|19\n|\n|t:|1782772771\n|move|p1a: Sinistcha|Strength Sap|p2a: Corviknight\n|-ability|p2a: Corviknight|Mirror Armor\n|-unboost|p1a: Sinistcha|atk|1\n|-heal|p1a: Sinistcha|254/254\n|move|p2a: Corviknight|Brave Bird|p1a: Sinistcha\n|-supereffective|p1a: Sinistcha\n|-damage|p1a: Sinistcha|60/254\n|-damage|p2a: Corviknight|105/288|[from] Recoil\n|\n|-heal|p1a: Sinistcha|75/254|[from] item: Leftovers\n|upkeep\n|turn|20\n|c|\u2606bojangles mkII|fuck ass ability lmao this team is so ass\n|\n|t:|1782772800\n|-terastallize|p1a: Sinistcha|Steel\n|move|p1a: Sinistcha|Strength Sap|p2a: Corviknight\n|-ability|p2a: Corviknight|Mirror Armor\n|-unboost|p1a: Sinistcha|atk|1\n|-heal|p1a: Sinistcha|254/254\n|move|p2a: Corviknight|Roost|p2a: Corviknight\n|-heal|p2a: Corviknight|249/288\n|-singleturn|p2a: Corviknight|move: Roost\n|\n|upkeep\n|turn|21\n|\n|t:|1782772804\n|move|p1a: Sinistcha|Calm Mind|p1a: Sinistcha\n|-boost|p1a: Sinistcha|spa|1\n|-boost|p1a: Sinistcha|spd|1\n|move|p2a: Corviknight|U-turn|p1a: Sinistcha\n|-resisted|p1a: Sinistcha\n|-damage|p1a: Sinistcha|235/254\n|\n|t:|1782772809\n|switch|p2a: Hydrapple|Hydrapple, L83, M|312/312|[from] U-turn\n|-damage|p2a: Hydrapple|273/312|[from] Stealth Rock\n|\n|-heal|p1a: Sinistcha|250/254|[from] item: Leftovers\n|upkeep\n|turn|22\n|\n|t:|1782772815\n|move|p1a: Sinistcha|Calm Mind|p1a: Sinistcha\n|-boost|p1a: Sinistcha|spa|1\n|-boost|p1a: Sinistcha|spd|1\n|move|p2a: Hydrapple|Earth Power|p1a: Sinistcha\n|-supereffective|p1a: Sinistcha\n|-damage|p1a: Sinistcha|170/254\n|\n|-heal|p1a: Sinistcha|185/254|[from] item: Leftovers\n|upkeep\n|turn|23\n|\n|t:|1782772818\n|move|p1a: Sinistcha|Shadow Ball|p2a: Hydrapple\n|-damage|p2a: Hydrapple|0 fnt\n|faint|p2a: Hydrapple\n|\n|-heal|p1a: Sinistcha|200/254|[from] item: Leftovers\n|upkeep\n|\n|t:|1782772825\n|switch|p2a: Dudunsparce|Dudunsparce, L83, F|343/343\n|-damage|p2a: Dudunsparce|301/343|[from] Stealth Rock\n|turn|24\n|\n|t:|1782772829\n|move|p1a: Sinistcha|Matcha Gotcha|p2a: Dudunsparce\n|-damage|p2a: Dudunsparce|0 fnt\n|-heal|p1a: Sinistcha|254/254|[from] drain|[of] p2a: Dudunsparce\n|faint|p2a: Dudunsparce\n|\n|upkeep\n|\n|t:|1782772830\n|switch|p2a: Arceus|Arceus-Fairy, L69|245/280\n|-damage|p2a: Arceus|210/280|[from] Stealth Rock\n|turn|25\n|\n|t:|1782772834\n|-terastallize|p2a: Arceus|Ground\n|move|p2a: Arceus|Earth Power|p1a: Sinistcha\n|-supereffective|p1a: Sinistcha\n|-damage|p1a: Sinistcha|194/254\n|move|p1a: Sinistcha|Matcha Gotcha|p2a: Arceus\n|-supereffective|p2a: Arceus\n|-damage|p2a: Arceus|0 fnt\n|-heal|p1a: Sinistcha|254/254|[from] drain|[of] p2a: Arceus\n|faint|p2a: Arceus\n|\n|upkeep\n|\n|t:|1782772839\n|switch|p2a: Corviknight|Corviknight, L80, F|249/288\n|-damage|p2a: Corviknight|213/288|[from] Stealth Rock\n|turn|26\n|\n|t:|1782772842\n|move|p1a: Sinistcha|Shadow Ball|p2a: Corviknight\n|-damage|p2a: Corviknight|0 fnt\n|faint|p2a: Corviknight\n|\n|win|cant_be_cool\n", "inputlog": ">version f8ac14003a5f27e1bdc8d8c59608a773c1cb96e5\n>start {\"formatid\":\"gen9randombattle\",\"seed\":\"sodium,5ffd34656604fd20e4ed7b94271cb9a1\",\"rated\":\"Rated battle\"}\n>player p1 {\"name\":\"cant_be_cool\",\"avatar\":\"swimmer-gen4\",\"rating\":1835,\"seed\":\"sodium,5038fa22ff7ab414e96fe091d7a6c986\"}\n>player p2 {\"name\":\"bojangles mkII\",\"avatar\":\"unknown\",\"rating\":1768,\"seed\":\"sodium,09b27e72a499af8144df0fde5933006d\"}\n>p1 move fakeout\n>p2 switch 5\n>p1 switch 5\n>p2 move stealthrock\n>p1 move stealthrock\n>p2 switch 2\n>p1 move rapidspin\n>p2 move defog\n>p1 move stealthrock\n>p2 move uturn\n>p2 switch 6\n>p1 switch 6\n>p2 move dracometeor\n>p1 move fireblast\n>p2 switch 2\n>p1 move fireblast\n>p2 move earthquake\n>p2 switch 5\n>p1 switch 6\n>p2 move shadowball\n>p1 move earthquake\n>p2 move psyshock\n>p1 switch 2\n>p1 move calmmind\n>p2 move calmmind\n>p1 move calmmind\n>p2 move calmmind\n>p1 move calmmind\n>p2 move shadowball\n>p1 move psyshock\n>p2 move calmmind\n>p1 move thunderbolt\n>p2 move shadowball\n>p2 switch 3\n>p1 move moonlight\n>p2 move judgment\n>p1 switch 4\n>p1 move calmmind\n>p2 switch 6\n>p1 move calmmind\n>p2 move bravebird\n>p1 move strengthsap\n>p2 move bravebird\n>chat \u2606bojangles mkII|fuck ass ability lmao this team is so ass\n>p1 move strengthsap terastallize\n>p2 move roost\n>p1 move calmmind\n>p2 move uturn\n>p2 switch 2\n>p1 move calmmind\n>p2 move earthpower\n>p1 move shadowball\n>p2 move earthpower\n>p2 switch 4\n>p1 move matchagotcha\n>p2 move calmmind\n>p2 switch 6\n>p1 move matchagotcha\n>p2 move earthpower terastallize\n>p2 switch 2\n>p1 move shadowball\n>p2 move bravebird", "uploadtime": 1782772782, "views": 3, "formatid": "gen9randombattle", "rating": null, "private": 0, "password": null, "player_dets": [{"name": "cant_be_cool", "avatar": "swimmer-gen4", "rating": 1835, "seed": "sodium,5038fa22ff7ab414e96fe091d7a6c986"}, {"name": "bojangles mkII", "avatar": "unknown", "rating": 1768, "seed": "sodium,09b27e72a499af8144df0fde5933006d"}], "teams_full": [{"Iron Hands": {"name": "Iron Hands", "species": "Iron Hands", "speciesId": "ironhands", "gender": "N", "shiny": false, "level": 79, "moves": ["drainpunch", "voltswitch", "fakeout", "thunderpunch"], "ability": "Quark Drive", "evs": {"hp": 85, "atk": 85, "def": 85, "spa": 85, "spd": 85, "spe": 85}, "ivs": {"hp": 31, "atk": 31, "def": 31, "spa": 31, "spd": 31, "spe": 31}, "item": "Assault Vest", "teraType": "Electric", "role": "AV Pivot", "bvs": {"hp": 154, "atk": 140, "def": 108, "spa": 50, "spd": 68, "spe": 50}, "stats": {"hp": 373, "atk": 267, "def": 216, "spa": 125, "spd": 153, "spe": 125}, "types": ["Fighting", "Electric"]}, "Cresselia": {"name": "Cresselia", "species": "Cresselia", "speciesId": "cresselia", "gender": "F", "shiny": false, "level": 80, "moves": ["psyshock", "calmmind", "moonlight", "thunderbolt"], "ability": "Levitate", "evs": {"hp": 85, "atk": 0, "def": 85, "spa": 85, "spd": 85, "spe": 85}, "ivs": {"hp": 31, "atk": 0, "def": 31, "spa": 31, "spd": 31, "spe": 31}, "item": "Leftovers", "teraType": "Electric", "role": "Bulky Setup", "bvs": {"hp": 120, "atk": 70, "def": 110, "spa": 75, "spd": 120, "spe": 85}, "stats": {"hp": 323, "atk": 117, "def": 222, "spa": 166, "spd": 238, "spe": 182}, "types": ["Psychic"]}, "Porygon-Z": {"name": "Porygon-Z", "species": "Porygon-Z", "speciesId": "porygonz", "gender": "N", "shiny": false, "level": 83, "moves": ["nastyplot", "agility", "terablast", "shadowball"], "ability": "Adaptability", "evs": {"hp": 85, "atk": 0, "def": 85, "spa": 85, "spd": 85, "spe": 85}, "ivs": {"hp": 31, "atk": 0, "def": 31, "spa": 31, "spd": 31, "spe": 31}, "item": "Life Orb", "teraType": "Fighting", "role": "Tera Blast user", "bvs": {"hp": 85, "atk": 80, "def": 70, "spa": 135, "spd": 75, "spe": 90}, "stats": {"hp": 277, "atk": 137, "def": 164, "spa": 272, "spd": 172, "spe": 197}, "types": ["Normal"]}, "Sinistcha": {"name": "Sinistcha", "species": "Sinistcha-Masterpiece", "speciesId": "sinistcha", "gender": "N", "shiny": false, "level": 83, "moves": ["shadowball", "strengthsap", "calmmind", "matchagotcha"], "ability": "Heatproof", "evs": {"hp": 85, "atk": 0, "def": 85, "spa": 85, "spd": 85, "spe": 85}, "ivs": {"hp": 31, "atk": 0, "def": 31, "spa": 31, "spd": 31, "spe": 31}, "item": "Leftovers", "teraType": "Steel", "role": "Bulky Setup", "bvs": {"hp": 71, "atk": 60, "def": 106, "spa": 121, "spd": 80, "spe": 70}, "stats": {"hp": 254, "atk": 104, "def": 224, "spa": 249, "spd": 180, "spe": 164}, "types": ["Grass", "Ghost"]}, "Donphan": {"name": "Donphan", "species": "Donphan", "speciesId": "donphan", "gender": "M", "shiny": false, "level": 84, "moves": ["earthquake", "iceshard", "rapidspin", "stealthrock"], "ability": "Sturdy", "evs": {"hp": 85, "atk": 85, "def": 85, "spa": 85, "spd": 85, "spe": 85}, "ivs": {"hp": 31, "atk": 31, "def": 31, "spa": 31, "spd": 31, "spe": 31}, "item": "Leftovers", "teraType": "Water", "role": "Bulky Support", "bvs": {"hp": 90, "atk": 120, "def": 120, "spa": 60, "spd": 60, "spe": 50}, "stats": {"hp": 288, "atk": 250, "def": 250, "spa": 149, "spd": 149, "spe": 132}, "types": ["Ground"]}, "Iron Moth": {"name": "Iron Moth", "species": "Iron Moth", "speciesId": "ironmoth", "gender": "N", "shiny": false, "level": 78, "moves": ["energyball", "fireblast", "sludgewave", "uturn"], "ability": "Quark Drive", "evs": {"hp": 85, "atk": 85, "def": 85, "spa": 85, "spd": 85, "spe": 85}, "ivs": {"hp": 31, "atk": 31, "def": 31, "spa": 31, "spd": 31, "spe": 31}, "item": "Choice Specs", "teraType": "Grass", "role": "Fast Attacker", "bvs": {"hp": 80, "atk": 70, "def": 60, "spa": 140, "spd": 110, "spe": 110}, "stats": {"hp": 253, "atk": 154, "def": 139, "spa": 263, "spd": 217, "spe": 217}, "types": ["Fire", "Poison"]}}, {"Espeon": {"name": "Espeon", "species": "Espeon", "speciesId": "espeon", "gender": "F", "shiny": false, "level": 84, "moves": ["shadowball", "calmmind", "alluringvoice", "psyshock"], "ability": "Magic Bounce", "evs": {"hp": 85, "atk": 0, "def": 85, "spa": 85, "spd": 85, "spe": 85}, "ivs": {"hp": 31, "atk": 0, "def": 31, "spa": 31, "spd": 31, "spe": 31}, "item": "Life Orb", "teraType": "Psychic", "role": "Fast Attacker", "bvs": {"hp": 65, "atk": 65, "def": 60, "spa": 130, "spd": 95, "spe": 110}, "stats": {"hp": 246, "atk": 114, "def": 149, "spa": 267, "spd": 208, "spe": 233}, "types": ["Psychic"]}, "Corviknight": {"name": "Corviknight", "species": "Corviknight", "speciesId": "corviknight", "gender": "F", "shiny": false, "level": 80, "moves": ["uturn", "defog", "bravebird", "roost"], "ability": "Mirror Armor", "evs": {"hp": 85, "atk": 85, "def": 85, "spa": 85, "spd": 85, "spe": 85}, "ivs": {"hp": 31, "atk": 31, "def": 31, "spa": 31, "spd": 31, "spe": 31}, "item": "Rocky Helmet", "teraType": "Dragon", "role": "Bulky Support", "bvs": {"hp": 98, "atk": 87, "def": 105, "spa": 53, "spd": 85, "spe": 67}, "stats": {"hp": 288, "atk": 185, "def": 214, "spa": 131, "spd": 182, "spe": 153}, "types": ["Flying", "Steel"]}, "Arceus": {"name": "Arceus", "species": "Arceus-Fairy", "speciesId": "arceusfairy", "gender": "N", "shiny": false, "level": 69, "moves": ["calmmind", "recover", "judgment", "earthpower"], "ability": "Multitype", "evs": {"hp": 85, "atk": 0, "def": 85, "spa": 85, "spd": 85, "spe": 85}, "ivs": {"hp": 31, "atk": 0, "def": 31, "spa": 31, "spd": 31, "spe": 31}, "item": "Pixie Plate", "teraType": "Ground", "role": "Bulky Setup", "bvs": {"hp": 120, "atk": 120, "def": 120, "spa": 120, "spd": 120, "spe": 120}, "stats": {"hp": 280, "atk": 170, "def": 206, "spa": 206, "spd": 206, "spe": 206}, "types": ["Fairy"]}, "Dudunsparce": {"name": "Dudunsparce", "species": "Dudunsparce", "speciesId": "dudunsparce", "gender": "F", "shiny": false, "level": 83, "moves": ["boomburst", "roost", "calmmind", "shadowball"], "ability": "Rattled", "evs": {"hp": 85, "atk": 0, "def": 85, "spa": 85, "spd": 85, "spe": 85}, "ivs": {"hp": 31, "atk": 0, "def": 31, "spa": 31, "spd": 31, "spe": 31}, "item": "Leftovers", "teraType": "Poison", "role": "Bulky Setup", "bvs": {"hp": 125, "atk": 100, "def": 80, "spa": 85, "spd": 75, "spe": 55}, "stats": {"hp": 343, "atk": 171, "def": 180, "spa": 189, "spd": 172, "spe": 139}, "types": ["Normal"]}, "Mudsdale": {"name": "Mudsdale", "species": "Mudsdale", "speciesId": "mudsdale", "gender": "M", "shiny": false, "level": 83, "moves": ["stoneedge", "stealthrock", "heavyslam", "earthquake"], "ability": "Stamina", "evs": {"hp": 85, "atk": 85, "def": 85, "spa": 85, "spd": 85, "spe": 85}, "ivs": {"hp": 31, "atk": 31, "def": 31, "spa": 31, "spd": 31, "spe": 31}, "item": "Leftovers", "teraType": "Steel", "role": "Bulky Attacker", "bvs": {"hp": 100, "atk": 125, "def": 100, "spa": 55, "spd": 85, "spe": 35}, "stats": {"hp": 302, "atk": 255, "def": 214, "spa": 139, "spd": 189, "spe": 106}, "types": ["Ground"]}, "Hydrapple": {"name": "Hydrapple", "species": "Hydrapple", "speciesId": "hydrapple", "gender": "M", "shiny": false, "level": 83, "moves": ["dracometeor", "leafstorm", "earthpower", "ficklebeam"], "ability": "Regenerator", "evs": {"hp": 85, "atk": 0, "def": 85, "spa": 85, "spd": 85, "spe": 85}, "ivs": {"hp": 31, "atk": 0, "def": 31, "spa": 31, "spd": 31, "spe": 31}, "item": "Choice Specs", "teraType": "Steel", "role": "Wallbreaker", "bvs": {"hp": 106, "atk": 80, "def": 110, "spa": 120, "spd": 80, "spe": 44}, "stats": {"hp": 312, "atk": 137, "def": 230, "spa": 247, "spd": 180, "spe": 121}, "types": ["Grass", "Dragon"]}}]}