{"id": "gen9randombattle-2641556728", "format": "[Gen 9] Random Battle", "players": ["superluckhero", "stopreportingmeffs"], "log": "|j|\u2606superluckhero\n|j|\u2606stopreportingmeffs\n|t:|1782807374\n|gametype|singles\n|player|p1|superluckhero|volkner|2124\n|player|p2|stopreportingmeffs|266|2168\n|gen|9\n|tier|[Gen 9] Random Battle\n|rated|\n|rule|Species Clause: Limit one of each Pok\u00e9mon\n|rule|HP Percentage Mod: HP is shown in percentages\n|rule|Sleep Clause Mod: Limit one foe put to sleep\n|rule|Illusion Level Mod: Illusion disguises the Pok\u00e9mon's true level\n|\n|t:|1782807374\n|teamsize|p1|6\n|teamsize|p2|6\n|start\n|switch|p1a: Fezandipiti|Fezandipiti, L82, M|278/278\n|switch|p2a: Flareon|Flareon, L90, M|263/263\n|turn|1\n|inactive|Battle timer is ON: inactive players will automatically lose when time's up. (requested by stopreportingmeffs)\n|\n|t:|1782807390\n|-terastallize|p1a: Fezandipiti|Ground\n|move|p1a: Fezandipiti|Tera Blast|p2a: Flareon|[anim] Tera Blast Ground\n|-supereffective|p2a: Flareon\n|-damage|p2a: Flareon|71/263\n|move|p2a: Flareon|Trailblaze|p1a: Fezandipiti\n|-supereffective|p1a: Fezandipiti\n|-damage|p1a: Fezandipiti|170/278\n|-boost|p2a: Flareon|spe|1\n|\n|-heal|p1a: Fezandipiti|187/278|[from] item: Leftovers\n|-status|p2a: Flareon|tox|[from] item: Toxic Orb\n|upkeep\n|turn|2\n|\n|t:|1782807403\n|switch|p1a: Empoleon|Empoleon, L84, F|278/278\n|move|p2a: Flareon|Facade|p1a: Empoleon\n|-resisted|p1a: Empoleon\n|-crit|p1a: Empoleon\n|-damage|p1a: Empoleon|116/278\n|\n|-heal|p1a: Empoleon|133/278|[from] item: Leftovers\n|-damage|p2a: Flareon|55/263 tox|[from] psn\n|upkeep\n|turn|3\n|\n|t:|1782807414\n|move|p2a: Flareon|Flare Blitz|p1a: Empoleon\n|-damage|p1a: Empoleon|0 fnt\n|faint|p1a: Empoleon\n|-damage|p2a: Flareon|11/263 tox|[from] Recoil\n|\n|-damage|p2a: Flareon|0 fnt|[from] psn\n|faint|p2a: Flareon\n|upkeep\n|\n|t:|1782807432\n|switch|p2a: Cobalion|Cobalion, L80|277/277\n|switch|p1a: Kyogre|Kyogre, L71|259/259\n|-weather|RainDance|[from] ability: Drizzle|[of] p1a: Kyogre\n|turn|4\n|\n|t:|1782807437\n|switch|p2a: Vaporeon|Vaporeon, L86, F|364/364\n|move|p1a: Kyogre|Origin Pulse|p2a: Vaporeon\n|-immune|p2a: Vaporeon|[from] ability: Water Absorb\n|\n|-weather|RainDance|[upkeep]\n|upkeep\n|turn|5\n|\n|t:|1782807441\n|switch|p1a: Spidops|Spidops, L96, M|271/271\n|move|p2a: Vaporeon|Scald|p1a: Spidops\n|-damage|p1a: Spidops|142/271\n|-status|p1a: Spidops|brn\n|\n|-weather|RainDance|[upkeep]\n|-damage|p1a: Spidops|126/271 brn|[from] brn\n|upkeep\n|turn|6\n|\n|t:|1782807446\n|move|p2a: Vaporeon|Scald|p1a: Spidops\n|-damage|p1a: Spidops|0 fnt\n|faint|p1a: Spidops\n|\n|-weather|RainDance|[upkeep]\n|upkeep\n|\n|t:|1782807450\n|switch|p1a: Zebstrika|Zebstrika, L87, M|272/272\n|turn|7\n|\n|t:|1782807453\n|move|p1a: Zebstrika|Supercell Slam|p2a: Vaporeon|[miss]\n|-miss|p1a: Zebstrika|p2a: Vaporeon\n|-damage|p1a: Zebstrika|136/272|[from] supercellslam\n|move|p2a: Vaporeon|Scald|p1a: Zebstrika\n|-damage|p1a: Zebstrika|0 fnt\n|faint|p1a: Zebstrika\n|\n|-weather|RainDance|[upkeep]\n|upkeep\n|\n|t:|1782807459\n|switch|p1a: Dunsparce|Dunsparce, L86, F|312/312\n|turn|8\n|\n|t:|1782807465\n|switch|p2a: Eelektross|Eelektross, L87, F|290/290\n|move|p1a: Dunsparce|Body Slam|p2a: Eelektross\n|-damage|p2a: Eelektross|217/290\n|\n|-weather|none\n|upkeep\n|turn|9\n|\n|t:|1782807476\n|switch|p1a: Kyogre|Kyogre, L71|259/259\n|-weather|RainDance|[from] ability: Drizzle|[of] p1a: Kyogre\n|move|p2a: Eelektross|Knock Off|p1a: Kyogre\n|-damage|p1a: Kyogre|159/259\n|-enditem|p1a: Kyogre|Leftovers|[from] move: Knock Off|[of] p2a: Eelektross\n|\n|-weather|RainDance|[upkeep]\n|upkeep\n|turn|10\n|\n|t:|1782807481\n|move|p1a: Kyogre|Calm Mind|p1a: Kyogre\n|-boost|p1a: Kyogre|spa|1\n|-boost|p1a: Kyogre|spd|1\n|move|p2a: Eelektross|Discharge|p1a: Kyogre\n|-supereffective|p1a: Kyogre\n|-damage|p1a: Kyogre|55/259\n|\n|-weather|RainDance|[upkeep]\n|upkeep\n|turn|11\n|\n|t:|1782807484\n|move|p1a: Kyogre|Thunder|p2a: Eelektross\n|-resisted|p2a: Eelektross\n|-damage|p2a: Eelektross|177/290\n|move|p2a: Eelektross|Discharge|p1a: Kyogre\n|-supereffective|p1a: Kyogre\n|-damage|p1a: Kyogre|0 fnt\n|faint|p1a: Kyogre\n|\n|-weather|RainDance|[upkeep]\n|upkeep\n|\n|t:|1782807487\n|switch|p1a: Fezandipiti|Fezandipiti, L82, M, tera:Ground|187/278\n|turn|12\n|\n|t:|1782807492\n|switch|p2a: Venomoth|Venomoth, L84, M|255/255\n|move|p1a: Fezandipiti|Swords Dance|p1a: Fezandipiti\n|-boost|p1a: Fezandipiti|atk|2\n|\n|-weather|RainDance|[upkeep]\n|-heal|p1a: Fezandipiti|204/278|[from] item: Leftovers\n|upkeep\n|turn|13\n|\n|t:|1782807497\n|move|p1a: Fezandipiti|Gunk Shot|p2a: Venomoth|[miss]\n|-miss|p1a: Fezandipiti|p2a: Venomoth\n|move|p2a: Venomoth|Sleep Powder|p1a: Fezandipiti\n|-status|p1a: Fezandipiti|slp|[from] move: Sleep Powder\n|\n|-weather|none\n|-heal|p1a: Fezandipiti|221/278 slp|[from] item: Leftovers\n|upkeep\n|turn|14\n|\n|t:|1782807501\n|cant|p1a: Fezandipiti|slp\n|move|p2a: Venomoth|Quiver Dance|p2a: Venomoth\n|-boost|p2a: Venomoth|spa|1\n|-boost|p2a: Venomoth|spd|1\n|-boost|p2a: Venomoth|spe|1\n|\n|-heal|p1a: Fezandipiti|238/278 slp|[from] item: Leftovers\n|upkeep\n|turn|15\n|\n|t:|1782807508\n|move|p2a: Venomoth|Bug Buzz|p1a: Fezandipiti\n|-damage|p1a: Fezandipiti|130/278 slp\n|-curestatus|p1a: Fezandipiti|slp|[msg]\n|move|p1a: Fezandipiti|Tera Blast|p2a: Venomoth|[anim] Tera Blast Ground\n|-damage|p2a: Venomoth|41/255\n|\n|-heal|p1a: Fezandipiti|147/278|[from] item: Leftovers\n|upkeep\n|turn|16\n|\n|t:|1782807513\n|move|p2a: Venomoth|Sleep Powder|p1a: Fezandipiti\n|-status|p1a: Fezandipiti|slp|[from] move: Sleep Powder\n|cant|p1a: Fezandipiti|slp\n|\n|-heal|p1a: Fezandipiti|164/278 slp|[from] item: Leftovers\n|upkeep\n|turn|17\n|\n|t:|1782807516\n|move|p2a: Venomoth|Bug Buzz|p1a: Fezandipiti\n|-damage|p1a: Fezandipiti|56/278 slp\n|-curestatus|p1a: Fezandipiti|slp|[msg]\n|move|p1a: Fezandipiti|Tera Blast|p2a: Venomoth|[anim] Tera Blast Ground\n|-damage|p2a: Venomoth|0 fnt\n|faint|p2a: Venomoth\n|\n|-heal|p1a: Fezandipiti|73/278|[from] item: Leftovers\n|upkeep\n|\n|t:|1782807520\n|switch|p2a: Cobalion|Cobalion, L80|277/277\n|turn|18\n|\n|t:|1782807524\n|move|p2a: Cobalion|Close Combat|p1a: Fezandipiti\n|-damage|p1a: Fezandipiti|0 fnt\n|-unboost|p2a: Cobalion|def|1\n|-unboost|p2a: Cobalion|spd|1\n|faint|p1a: Fezandipiti\n|-damage|p2a: Cobalion|250/277|[from] item: Life Orb\n|\n|upkeep\n|\n|t:|1782807526\n|switch|p1a: Dunsparce|Dunsparce, L86, F|312/312\n|turn|19\n|\n|t:|1782807529\n|switch|p2a: Eelektross|Eelektross, L87, F|177/290\n|move|p1a: Dunsparce|Earthquake|p2a: Eelektross\n|-immune|p2a: Eelektross|[from] ability: Levitate\n|\n|upkeep\n|turn|20\n|\n|t:|1782807531\n|move|p2a: Eelektross|Knock Off|p1a: Dunsparce\n|-damage|p1a: Dunsparce|243/312\n|-enditem|p1a: Dunsparce|Eviolite|[from] move: Knock Off|[of] p2a: Eelektross\n|move|p1a: Dunsparce|Coil|p1a: Dunsparce\n|-boost|p1a: Dunsparce|atk|1\n|-boost|p1a: Dunsparce|def|1\n|-boost|p1a: Dunsparce|accuracy|1\n|\n|upkeep\n|turn|21\n|\n|t:|1782807533\n|move|p2a: Eelektross|Discharge|p1a: Dunsparce\n|-damage|p1a: Dunsparce|134/312\n|-status|p1a: Dunsparce|par\n|cant|p1a: Dunsparce|par\n|\n|upkeep\n|turn|22\n|\n|t:|1782807537\n|move|p2a: Eelektross|Discharge|p1a: Dunsparce\n|-damage|p1a: Dunsparce|22/312 par\n|move|p1a: Dunsparce|Roost|p1a: Dunsparce\n|-heal|p1a: Dunsparce|178/312 par\n|-singleturn|p1a: Dunsparce|move: Roost\n|\n|upkeep\n|turn|23\n|\n|t:|1782807539\n|move|p2a: Eelektross|Discharge|p1a: Dunsparce\n|-damage|p1a: Dunsparce|51/312 par\n|cant|p1a: Dunsparce|par\n|\n|upkeep\n|turn|24\n|\n|t:|1782807542\n|move|p2a: Eelektross|Flamethrower|p1a: Dunsparce\n|-damage|p1a: Dunsparce|0 fnt\n|faint|p1a: Dunsparce\n|\n|win|stopreportingmeffs\n", "inputlog": ">version f8ac14003a5f27e1bdc8d8c59608a773c1cb96e5\n>start {\"formatid\":\"gen9randombattle\",\"seed\":\"sodium,82d5f44207f809b79c96fc2c738e285f\",\"rated\":\"Rated battle\"}\n>player p1 {\"name\":\"superluckhero\",\"avatar\":\"volkner\",\"rating\":2124,\"seed\":\"sodium,52cc9c7dae4fed60f8d2effe78716e15\"}\n>player p2 {\"name\":\"stopreportingmeffs\",\"avatar\":\"266\",\"rating\":2168,\"seed\":\"sodium,a639d9327e869da329acb8f5829c216c\"}\n>p1 move terablast terastallize\n>p2 move trailblaze\n>p1 switch 2\n>p2 move facade\n>p1 move flipturn\n>p2 move flareblitz\n>p1 switch 5\n>p2 switch 4\n>p1 move originpulse\n>p2 switch 6\n>p1 switch 4\n>p2 move scald\n>p1 move stickyweb\n>p2 move scald\n>p1 switch 3\n>p1 move supercellslam\n>p2 move scald\n>p1 switch 6\n>p1 move bodyslam\n>p2 switch 3\n>p1 switch 4\n>p2 move knockoff\n>p1 move calmmind\n>p2 move discharge\n>p1 move thunder\n>p2 move discharge\n>p1 switch 2\n>p1 move swordsdance\n>p2 switch 2\n>p1 move gunkshot\n>p2 move sleeppowder\n>p1 move gunkshot\n>p2 move quiverdance\n>p1 move terablast\n>p2 move bugbuzz\n>p1 move terablast\n>p2 move sleeppowder\n>p1 move terablast\n>p2 move bugbuzz\n>p2 switch 6\n>p1 move terablast\n>p2 move closecombat\n>p1 switch 4\n>p1 move earthquake\n>p2 switch 2\n>p1 move coil\n>p2 move knockoff\n>p1 move coil\n>p2 move discharge\n>p1 move roost\n>p2 move discharge\n>p1 move roost\n>p2 move discharge\n>p1 move roost\n>p2 move flamethrower", "uploadtime": 1782807377, "views": 5, "formatid": "gen9randombattle", "rating": null, "private": 0, "password": null, "player_dets": [{"name": "superluckhero", "avatar": "volkner", "rating": 2124, "seed": "sodium,52cc9c7dae4fed60f8d2effe78716e15"}, {"name": "stopreportingmeffs", "avatar": "266", "rating": 2168, "seed": "sodium,a639d9327e869da329acb8f5829c216c"}], "teams_full": [{"Fezandipiti": {"name": "Fezandipiti", "species": "Fezandipiti", "speciesId": "fezandipiti", "gender": "M", "shiny": false, "level": 82, "moves": ["gunkshot", "terablast", "playrough", "swordsdance"], "ability": "Toxic Chain", "evs": {"hp": 85, "atk": 85, "def": 85, "spa": 85, "spd": 85, "spe": 85}, "ivs": {"hp": 31, "atk": 31, "def": 31, "spa": 31, "spd": 31, "spe": 31}, "item": "Leftovers", "teraType": "Ground", "role": "Tera Blast user", "bvs": {"hp": 88, "atk": 91, "def": 82, "spa": 70, "spd": 125, "spe": 99}, "stats": {"hp": 278, "atk": 196, "def": 182, "spa": 162, "spd": 252, "spe": 210}, "types": ["Poison", "Fairy"]}, "Empoleon": {"name": "Empoleon", "species": "Empoleon", "speciesId": "empoleon", "gender": "F", "shiny": false, "level": 84, "moves": ["icebeam", "surf", "roost", "flipturn"], "ability": "Competitive", "evs": {"hp": 85, "atk": 85, "def": 85, "spa": 85, "spd": 85, "spe": 85}, "ivs": {"hp": 31, "atk": 31, "def": 31, "spa": 31, "spd": 31, "spe": 31}, "item": "Leftovers", "teraType": "Grass", "role": "Bulky Support", "bvs": {"hp": 84, "atk": 86, "def": 88, "spa": 111, "spd": 101, "spe": 60}, "stats": {"hp": 278, "atk": 193, "def": 196, "spa": 235, "spd": 218, "spe": 149}, "types": ["Water", "Steel"]}, "Zebstrika": {"name": "Zebstrika", "species": "Zebstrika", "speciesId": "zebstrika", "gender": "M", "shiny": false, "level": 87, "moves": ["overheat", "supercellslam", "voltswitch", "highhorsepower"], "ability": "Sap Sipper", "evs": {"hp": 85, "atk": 85, "def": 85, "spa": 85, "spd": 85, "spe": 85}, "ivs": {"hp": 31, "atk": 31, "def": 31, "spa": 31, "spd": 31, "spe": 31}, "item": "Life Orb", "teraType": "Ground", "role": "Fast Attacker", "bvs": {"hp": 75, "atk": 100, "def": 63, "spa": 80, "spd": 63, "spe": 116}, "stats": {"hp": 272, "atk": 224, "def": 159, "spa": 189, "spd": 159, "spe": 252}, "types": ["Electric"]}, "Spidops": {"name": "Spidops", "species": "Spidops", "speciesId": "spidops", "gender": "M", "shiny": false, "level": 96, "moves": ["knockoff", "circlethrow", "uturn", "stickyweb"], "ability": "Stakeout", "evs": {"hp": 85, "atk": 85, "def": 85, "spa": 85, "spd": 85, "spe": 85}, "ivs": {"hp": 31, "atk": 31, "def": 31, "spa": 31, "spd": 31, "spe": 31}, "item": "Heavy-Duty Boots", "teraType": "Ghost", "role": "Bulky Support", "bvs": {"hp": 60, "atk": 79, "def": 92, "spa": 52, "spd": 86, "spe": 35}, "stats": {"hp": 271, "atk": 206, "def": 231, "spa": 154, "spd": 220, "spe": 122}, "types": ["Bug"]}, "Kyogre": {"name": "Kyogre", "species": "Kyogre", "speciesId": "kyogre", "gender": "N", "shiny": false, "level": 71, "moves": ["thunder", "originpulse", "calmmind", "icebeam"], "ability": "Drizzle", "evs": {"hp": 85, "atk": 0, "def": 85, "spa": 85, "spd": 85, "spe": 85}, "ivs": {"hp": 31, "atk": 0, "def": 31, "spa": 31, "spd": 31, "spe": 31}, "item": "Leftovers", "teraType": "Dragon", "role": "Bulky Setup", "bvs": {"hp": 100, "atk": 100, "def": 90, "spa": 150, "spd": 140, "spe": 90}, "stats": {"hp": 259, "atk": 147, "def": 169, "spa": 254, "spd": 240, "spe": 169}, "types": ["Water"]}, "Dunsparce": {"name": "Dunsparce", "species": "Dunsparce", "speciesId": "dunsparce", "gender": "F", "shiny": false, "level": 86, "moves": ["roost", "coil", "earthquake", "bodyslam"], "ability": "Serene Grace", "evs": {"hp": 85, "atk": 85, "def": 85, "spa": 85, "spd": 85, "spe": 85}, "ivs": {"hp": 31, "atk": 31, "def": 31, "spa": 31, "spd": 31, "spe": 31}, "item": "Eviolite", "teraType": "Ground", "role": "Bulky Setup", "bvs": {"hp": 100, "atk": 70, "def": 70, "spa": 65, "spd": 65, "spe": 45}, "stats": {"hp": 312, "atk": 170, "def": 170, "spa": 161, "spd": 161, "spe": 127}, "types": ["Normal"]}}, {"Flareon": {"name": "Flareon", "species": "Flareon", "speciesId": "flareon", "gender": "M", "shiny": false, "level": 90, "moves": ["quickattack", "trailblaze", "flareblitz", "facade"], "ability": "Guts", "evs": {"hp": 85, "atk": 85, "def": 85, "spa": 85, "spd": 85, "spe": 85}, "ivs": {"hp": 31, "atk": 31, "def": 31, "spa": 31, "spd": 31, "spe": 31}, "item": "Toxic Orb", "teraType": "Normal", "role": "Setup Sweeper", "bvs": {"hp": 65, "atk": 130, "def": 60, "spa": 95, "spd": 110, "spe": 65}, "stats": {"hp": 263, "atk": 285, "def": 159, "spa": 222, "spd": 249, "spe": 168}, "types": ["Fire"]}, "Venomoth": {"name": "Venomoth", "species": "Venomoth", "speciesId": "venomoth", "gender": "M", "shiny": false, "level": 84, "moves": ["sleeppowder", "bugbuzz", "sludgewave", "quiverdance"], "ability": "Tinted Lens", "evs": {"hp": 85, "atk": 0, "def": 85, "spa": 85, "spd": 85, "spe": 85}, "ivs": {"hp": 31, "atk": 0, "def": 31, "spa": 31, "spd": 31, "spe": 31}, "item": "Heavy-Duty Boots", "teraType": "Water", "role": "Setup Sweeper", "bvs": {"hp": 70, "atk": 65, "def": 60, "spa": 90, "spd": 75, "spe": 90}, "stats": {"hp": 255, "atk": 114, "def": 149, "spa": 199, "spd": 174, "spe": 199}, "types": ["Bug", "Poison"]}, "Eelektross": {"name": "Eelektross", "species": "Eelektross", "speciesId": "eelektross", "gender": "F", "shiny": false, "level": 87, "moves": ["uturn", "discharge", "knockoff", "flamethrower"], "ability": "Levitate", "evs": {"hp": 85, "atk": 85, "def": 85, "spa": 85, "spd": 85, "spe": 85}, "ivs": {"hp": 31, "atk": 31, "def": 31, "spa": 31, "spd": 31, "spe": 31}, "item": "Assault Vest", "teraType": "Steel", "role": "AV Pivot", "bvs": {"hp": 85, "atk": 115, "def": 80, "spa": 105, "spd": 80, "spe": 50}, "stats": {"hp": 290, "atk": 250, "def": 189, "spa": 232, "spd": 189, "spe": 137}, "types": ["Electric"]}, "Cobalion": {"name": "Cobalion", "species": "Cobalion", "speciesId": "cobalion", "gender": "N", "shiny": false, "level": 80, "moves": ["stoneedge", "swordsdance", "closecombat", "ironhead"], "ability": "Justified", "evs": {"hp": 85, "atk": 85, "def": 85, "spa": 85, "spd": 85, "spe": 85}, "ivs": {"hp": 31, "atk": 31, "def": 31, "spa": 31, "spd": 31, "spe": 31}, "item": "Life Orb", "teraType": "Fighting", "role": "Fast Bulky Setup", "bvs": {"hp": 91, "atk": 90, "def": 129, "spa": 90, "spd": 72, "spe": 108}, "stats": {"hp": 277, "atk": 190, "def": 253, "spa": 190, "spd": 161, "spe": 219}, "types": ["Steel", "Fighting"]}, "Scovillain": {"name": "Scovillain", "species": "Scovillain", "speciesId": "scovillain", "gender": "F", "shiny": false, "level": 91, "moves": ["leechseed", "protect", "flamethrower", "substitute"], "ability": "Chlorophyll", "evs": {"hp": 85, "atk": 0, "def": 85, "spa": 85, "spd": 85, "spe": 85}, "ivs": {"hp": 31, "atk": 0, "def": 31, "spa": 31, "spd": 31, "spe": 31}, "item": "Leftovers", "teraType": "Steel", "role": "Bulky Attacker", "bvs": {"hp": 65, "atk": 108, "def": 65, "spa": 108, "spd": 65, "spe": 75}, "stats": {"hp": 266, "atk": 201, "def": 170, "spa": 248, "spd": 170, "spe": 188}, "types": ["Grass", "Fire"]}, "Vaporeon": {"name": "Vaporeon", "species": "Vaporeon", "speciesId": "vaporeon", "gender": "F", "shiny": false, "level": 86, "moves": ["icebeam", "wish", "scald", "protect"], "ability": "Water Absorb", "evs": {"hp": 85, "atk": 0, "def": 85, "spa": 85, "spd": 85, "spe": 85}, "ivs": {"hp": 31, "atk": 0, "def": 31, "spa": 31, "spd": 31, "spe": 31}, "item": "Leftovers", "teraType": "Ghost", "role": "Bulky Support", "bvs": {"hp": 130, "atk": 65, "def": 60, "spa": 110, "spd": 95, "spe": 65}, "stats": {"hp": 364, "atk": 116, "def": 152, "spa": 238, "spd": 213, "spe": 161}, "types": ["Water"]}}]}