{"id": "gen9randombattle-2641623937", "format": "[Gen 9] Random Battle", "players": ["alanti9568", "goodluckwithyour0"], "log": "|j|\u2606alanti9568\n|j|\u2606goodluckwithyour0\n|t:|1782820720\n|gametype|singles\n|player|p1|alanti9568|265|2152\n|player|p2|goodluckwithyour0|170|2071\n|gen|9\n|tier|[Gen 9] Random Battle\n|rated|\n|rule|Species Clause: Limit one of each Pok\u00e9mon\n|rule|HP Percentage Mod: HP is shown in percentages\n|rule|Sleep Clause Mod: Limit one foe put to sleep\n|rule|Illusion Level Mod: Illusion disguises the Pok\u00e9mon's true level\n|\n|t:|1782820720\n|teamsize|p1|6\n|teamsize|p2|6\n|start\n|switch|p1a: Araquanid|Araquanid, L82, F|246/246\n|switch|p2a: Dragapult|Dragapult, L77, M|262/262\n|turn|1\n|inactive|Battle timer is ON: inactive players will automatically lose when time's up. (requested by goodluckwithyour0)\n|\n|t:|1782820734\n|switch|p2a: Luxray|Luxray, L88, M|283/283\n|move|p1a: Araquanid|Sticky Web|p2a: Luxray\n|-sidestart|p2: goodluckwithyour0|move: Sticky Web\n|\n|-status|p2a: Luxray|brn|[from] item: Flame Orb\n|upkeep\n|turn|2\n|\n|t:|1782820737\n|switch|p1a: Mightyena|Mightyena, L96, F|290/290\n|-ability|p1a: Mightyena|Intimidate|boost\n|-unboost|p2a: Luxray|atk|1\n|move|p2a: Luxray|Trailblaze|p1a: Mightyena\n|-damage|p1a: Mightyena|239/290\n|-boost|p2a: Luxray|spe|1\n|\n|-damage|p2a: Luxray|266/283 brn|[from] brn\n|upkeep\n|turn|3\n|\n|t:|1782820747\n|move|p2a: Luxray|Play Rough|p1a: Mightyena|[miss]\n|-miss|p2a: Luxray|p1a: Mightyena\n|move|p1a: Mightyena|Throat Chop|p2a: Luxray\n|-crit|p2a: Luxray\n|-damage|p2a: Luxray|28/283 brn\n|-start|p2a: Luxray|Throat Chop|[silent]\n|\n|-damage|p2a: Luxray|11/283 brn|[from] brn\n|upkeep\n|turn|4\n|\n|t:|1782820771\n|switch|p1a: Araquanid|Araquanid, L82, F|246/246\n|move|p2a: Luxray|Supercell Slam|p1a: Araquanid\n|-supereffective|p1a: Araquanid\n|-damage|p1a: Araquanid|0 fnt\n|faint|p1a: Araquanid\n|\n|-damage|p2a: Luxray|0 fnt|[from] brn\n|faint|p2a: Luxray\n|upkeep\n|\n|t:|1782820778\n|switch|p2a: Tentacruel|Tentacruel, L84, M|272/272\n|switch|p1a: Mightyena|Mightyena, L96, F|239/290\n|-activate|p2a: Tentacruel|move: Sticky Web\n|-unboost|p2a: Tentacruel|spe|1\n|-ability|p1a: Mightyena|Intimidate|boost\n|-unboost|p2a: Tentacruel|atk|1\n|turn|5\n|\n|t:|1782820786\n|move|p1a: Mightyena|Throat Chop|p2a: Tentacruel\n|-damage|p2a: Tentacruel|77/272\n|-start|p2a: Tentacruel|Throat Chop|[silent]\n|move|p2a: Tentacruel|Rapid Spin|p1a: Mightyena\n|-damage|p1a: Mightyena|220/290\n|-boost|p2a: Tentacruel|spe|1\n|-sideend|p2: goodluckwithyour0|Sticky Web|[from] move: Rapid Spin|[of] p2a: Tentacruel\n|\n|-heal|p2a: Tentacruel|94/272|[from] item: Leftovers\n|upkeep\n|turn|6\n|\n|t:|1782820796\n|move|p2a: Tentacruel|Sludge Bomb|p1a: Mightyena\n|-damage|p1a: Mightyena|130/290\n|-status|p1a: Mightyena|psn\n|move|p1a: Mightyena|Throat Chop|p2a: Tentacruel\n|-damage|p2a: Tentacruel|0 fnt\n|faint|p2a: Tentacruel\n|\n|-damage|p1a: Mightyena|94/290 psn|[from] psn\n|upkeep\n|\n|t:|1782820806\n|switch|p2a: Dragapult|Dragapult, L77, M|262/262\n|turn|7\n|\n|t:|1782820811\n|switch|p1a: Dragalge|Dragalge, L88, F|258/258\n|move|p2a: Dragapult|U-turn|p1a: Dragalge\n|-resisted|p1a: Dragalge\n|-damage|p1a: Dragalge|233/258\n|\n|t:|1782820815\n|switch|p2a: Solgaleo|Solgaleo, L74|325/325|[from] U-turn\n|\n|upkeep\n|turn|8\n|\n|t:|1782820819\n|move|p2a: Solgaleo|Sunsteel Strike|p1a: Dragalge\n|-damage|p1a: Dragalge|136/258\n|move|p1a: Dragalge|Flip Turn|p2a: Solgaleo\n|-damage|p2a: Solgaleo|288/325\n|-damage|p1a: Dragalge|93/258|[from] item: Rocky Helmet|[of] p2a: Solgaleo\n|\n|t:|1782820837\n|switch|p1a: Mightyena|Mightyena, L96, F|94/290 psn|[from] Flip Turn\n|-ability|p1a: Mightyena|Intimidate|boost\n|-fail|p2a: Solgaleo|unboost|[from] ability: Full Metal Body|[of] p2a: Solgaleo\n|\n|-damage|p1a: Mightyena|58/290 psn|[from] psn\n|upkeep\n|turn|9\n|\n|t:|1782820843\n|switch|p2a: Illumise|Illumise, L91, F|266/266\n|move|p1a: Mightyena|Throat Chop|p2a: Illumise\n|-damage|p2a: Illumise|97/266\n|-start|p2a: Illumise|Throat Chop|[silent]\n|\n|-damage|p1a: Mightyena|22/290 psn|[from] psn\n|upkeep\n|turn|10\n|\n|t:|1782820847\n|move|p2a: Illumise|Roost|p2a: Illumise\n|-heal|p2a: Illumise|230/266\n|-singleturn|p2a: Illumise|move: Roost\n|move|p1a: Mightyena|Throat Chop|p2a: Illumise\n|-damage|p2a: Illumise|79/266\n|\n|-damage|p1a: Mightyena|0 fnt|[from] psn\n|faint|p1a: Mightyena\n|-end|p2a: Illumise|Throat Chop|[silent]\n|upkeep\n|\n|t:|1782820857\n|switch|p1a: Chien-Pao|Chien-Pao, L72|234/234\n|-ability|p1a: Chien-Pao|Sword of Ruin\n|turn|11\n|\n|t:|1782820868\n|move|p1a: Chien-Pao|Crunch|p2a: Illumise\n|-damage|p2a: Illumise|0 fnt\n|faint|p2a: Illumise\n|\n|upkeep\n|\n|t:|1782820874\n|switch|p2a: Meowstic|Meowstic, L89, M|277/277\n|turn|12\n|\n|t:|1782820880\n|move|p2a: Meowstic|Reflect|p2a: Meowstic\n|-sidestart|p2: goodluckwithyour0|Reflect\n|move|p1a: Chien-Pao|Crunch|p2a: Meowstic\n|-supereffective|p2a: Meowstic\n|-damage|p2a: Meowstic|133/277\n|-unboost|p2a: Meowstic|def|1\n|\n|upkeep\n|turn|13\n|\n|t:|1782820886\n|move|p2a: Meowstic|Light Screen|p2a: Meowstic\n|-sidestart|p2: goodluckwithyour0|move: Light Screen\n|move|p1a: Chien-Pao|Crunch|p2a: Meowstic\n|-supereffective|p2a: Meowstic\n|-damage|p2a: Meowstic|0 fnt\n|faint|p2a: Meowstic\n|\n|upkeep\n|\n|t:|1782820887\n|switch|p2a: Solgaleo|Solgaleo, L74|288/325\n|turn|14\n|\n|t:|1782820901\n|switch|p1a: Dragalge|Dragalge, L88, F|93/258\n|move|p2a: Solgaleo|Sunsteel Strike|p1a: Dragalge\n|-damage|p1a: Dragalge|0 fnt\n|faint|p1a: Dragalge\n|\n|upkeep\n|\n|t:|1782820904\n|switch|p1a: Decidueye|Decidueye, L88, F|281/281\n|turn|15\n|\n|t:|1782820918\n|move|p2a: Solgaleo|Sunsteel Strike|p1a: Decidueye\n|-damage|p1a: Decidueye|167/281\n|move|p1a: Decidueye|Swords Dance|p1a: Decidueye\n|-boost|p1a: Decidueye|atk|2\n|\n|upkeep\n|turn|16\n|\n|t:|1782820930\n|-terastallize|p2a: Solgaleo|Water\n|move|p1a: Decidueye|Poltergeist|p2a: Solgaleo\n|-activate|p2a: Solgaleo|move: Poltergeist|Rocky Helmet\n|-damage|p2a: Solgaleo|116/325\n|-damage|p1a: Decidueye|139/281|[from] item: Life Orb\n|move|p2a: Solgaleo|Roar|p1a: Decidueye\n|drag|p1a: Chien-Pao|Chien-Pao, L72|234/234\n|-ability|p1a: Chien-Pao|Sword of Ruin\n|\n|upkeep\n|turn|17\n|\n|t:|1782820959\n|switch|p1a: Decidueye|Decidueye, L88, F|139/281\n|move|p2a: Solgaleo|Morning Sun|p2a: Solgaleo\n|-heal|p2a: Solgaleo|278/325\n|\n|upkeep\n|turn|18\n|\n|t:|1782820966\n|switch|p2a: Dragapult|Dragapult, L77, M|262/262\n|move|p1a: Decidueye|Leaf Blade|p2a: Dragapult\n|-resisted|p2a: Dragapult\n|-damage|p2a: Dragapult|216/262\n|-damage|p1a: Decidueye|111/281|[from] item: Life Orb\n|\n|upkeep\n|turn|19\n|c|\u2606goodluckwithyour0|Maybe next time I'll have an an answer to a dark type\n|inactive|alanti9568 has 120 seconds left.\n|\n|t:|1782820992\n|move|p1a: Decidueye|Shadow Sneak|p2a: Dragapult\n|-supereffective|p2a: Dragapult\n|-damage|p2a: Dragapult|130/262\n|-damage|p1a: Decidueye|83/281|[from] item: Life Orb\n|move|p2a: Dragapult|Fire Blast|p1a: Decidueye\n|-supereffective|p1a: Decidueye\n|-damage|p1a: Decidueye|0 fnt\n|faint|p1a: Decidueye\n|\n|-sideend|p2: goodluckwithyour0|Reflect\n|upkeep\n|\n|t:|1782821008\n|switch|p1a: Medicham|Medicham, L86, M|243/243\n|turn|20\n|\n|t:|1782821013\n|move|p1a: Medicham|Zen Headbutt|p2a: Dragapult\n|-damage|p2a: Dragapult|0 fnt\n|faint|p2a: Dragapult\n|\n|-sideend|p2: goodluckwithyour0|move: Light Screen\n|upkeep\n|\n|t:|1782821016\n|switch|p2a: Solgaleo|Solgaleo, L74, tera:Water|278/325\n|turn|21\n|\n|t:|1782821025\n|move|p1a: Medicham|Zen Headbutt|p2a: Solgaleo|[miss]\n|-miss|p1a: Medicham|p2a: Solgaleo\n|move|p2a: Solgaleo|Morning Sun|p2a: Solgaleo\n|-heal|p2a: Solgaleo|325/325\n|\n|upkeep\n|turn|22\n|\n|t:|1782821035\n|move|p1a: Medicham|Zen Headbutt|p2a: Solgaleo\n|-damage|p2a: Solgaleo|198/325\n|-damage|p1a: Medicham|203/243|[from] item: Rocky Helmet|[of] p2a: Solgaleo\n|move|p2a: Solgaleo|Sunsteel Strike|p1a: Medicham\n|-damage|p1a: Medicham|92/243\n|\n|upkeep\n|turn|23\n|\n|t:|1782821040\n|move|p1a: Medicham|Zen Headbutt|p2a: Solgaleo\n|-damage|p2a: Solgaleo|72/325\n|-damage|p1a: Medicham|52/243|[from] item: Rocky Helmet|[of] p2a: Solgaleo\n|move|p2a: Solgaleo|Morning Sun|p2a: Solgaleo\n|-heal|p2a: Solgaleo|234/325\n|\n|upkeep\n|turn|24\n|\n|t:|1782821043\n|move|p1a: Medicham|Zen Headbutt|p2a: Solgaleo\n|-damage|p2a: Solgaleo|114/325\n|-damage|p1a: Medicham|12/243|[from] item: Rocky Helmet|[of] p2a: Solgaleo\n|move|p2a: Solgaleo|Morning Sun|p2a: Solgaleo\n|-heal|p2a: Solgaleo|276/325\n|\n|upkeep\n|turn|25\n|\n|t:|1782821047\n|switch|p1a: Chien-Pao|Chien-Pao, L72|234/234\n|-ability|p1a: Chien-Pao|Sword of Ruin\n|move|p2a: Solgaleo|Morning Sun|p2a: Solgaleo\n|-heal|p2a: Solgaleo|325/325\n|\n|upkeep\n|turn|26\n|\n|t:|1782821053\n|move|p1a: Chien-Pao|Crunch|p2a: Solgaleo\n|-damage|p2a: Solgaleo|184/325\n|-damage|p1a: Chien-Pao|195/234|[from] item: Rocky Helmet|[of] p2a: Solgaleo\n|move|p2a: Solgaleo|Sunsteel Strike|p1a: Chien-Pao\n|-supereffective|p1a: Chien-Pao\n|-damage|p1a: Chien-Pao|0 fnt\n|faint|p1a: Chien-Pao\n|\n|upkeep\n|\n|t:|1782821055\n|switch|p1a: Medicham|Medicham, L86, M|12/243\n|turn|27\n|\n|t:|1782821058\n|-terastallize|p1a: Medicham|Fighting\n|move|p1a: Medicham|Close Combat|p2a: Solgaleo\n|-damage|p2a: Solgaleo|0 fnt\n|-unboost|p1a: Medicham|def|1\n|-unboost|p1a: Medicham|spd|1\n|-damage|p1a: Medicham|0 fnt|[from] item: Rocky Helmet|[of] p2a: Solgaleo\n|faint|p2a: Solgaleo\n|faint|p1a: Medicham\n|\n|win|alanti9568\n", "inputlog": ">version f8ac14003a5f27e1bdc8d8c59608a773c1cb96e5\n>start {\"formatid\":\"gen9randombattle\",\"seed\":\"sodium,ef5c7beedb6b473ffe2897b17abdaa0a\",\"rated\":\"Rated battle\"}\n>player p1 {\"name\":\"alanti9568\",\"avatar\":\"265\",\"rating\":2152,\"seed\":\"sodium,244cb00b6d0b9d0f77a2eb6fb4e62539\"}\n>player p2 {\"name\":\"goodluckwithyour0\",\"avatar\":\"170\",\"rating\":2071,\"seed\":\"sodium,481b12e40d5364279cc64ca12b4535a1\"}\n>p1 move stickyweb\n>p2 switch 5\n>p1 switch 3\n>p2 move trailblaze\n>p1 move throatchop\n>p2 move playrough\n>p1 switch 3\n>p2 move supercellslam\n>p1 switch 3\n>p2 switch 4\n>p1 move throatchop\n>p2 move rapidspin\n>p1 move throatchop\n>p2 move sludgebomb\n>p2 switch 5\n>p1 switch 5\n>p2 move uturn\n>p2 switch 2\n>p1 move flipturn\n>p2 move sunsteelstrike\n>p1 switch 5\n>p1 move throatchop\n>p2 switch 6\n>p1 move throatchop\n>p2 move roost\n>p1 switch 4\n>p1 move crunch\n>p2 move bugbuzz\n>p2 switch 3\n>p1 move crunch\n>p2 move reflect\n>p1 move crunch\n>p2 move lightscreen\n>p2 switch 6\n>p1 switch 5\n>p2 move sunsteelstrike\n>p1 switch 2\n>p1 move swordsdance\n>p2 move sunsteelstrike\n>p1 move poltergeist\n>p2 move roar terastallize\n>p1 switch 5\n>p2 move morningsun\n>p1 move leafblade\n>p2 switch 2\n>chat \u2606goodluckwithyour0|Maybe next time I'll have an an answer to a dark type\n>p1 move shadowsneak\n>p2 move fireblast\n>p1 switch 6\n>p1 move zenheadbutt\n>p2 move fireblast\n>p2 switch 2\n>p1 move zenheadbutt\n>p2 move morningsun\n>p1 move zenheadbutt\n>p2 move sunsteelstrike\n>p1 move zenheadbutt\n>p2 move morningsun\n>p1 move zenheadbutt\n>p2 move morningsun\n>p1 switch 5\n>p2 move morningsun\n>p1 move crunch\n>p2 move sunsteelstrike\n>p1 switch 5\n>p1 move closecombat terastallize\n>p2 move sunsteelstrike", "uploadtime": 1782820722, "views": 3, "formatid": "gen9randombattle", "rating": null, "private": 0, "password": null, "player_dets": [{"name": "alanti9568", "avatar": "265", "rating": 2152, "seed": "sodium,244cb00b6d0b9d0f77a2eb6fb4e62539"}, {"name": "goodluckwithyour0", "avatar": "170", "rating": 2071, "seed": "sodium,481b12e40d5364279cc64ca12b4535a1"}], "teams_full": [{"Araquanid": {"name": "Araquanid", "species": "Araquanid", "speciesId": "araquanid", "gender": "F", "shiny": false, "level": 82, "moves": ["stickyweb", "mirrorcoat", "liquidation", "leechlife"], "ability": "Water Bubble", "evs": {"hp": 85, "atk": 85, "def": 85, "spa": 85, "spd": 85, "spe": 85}, "ivs": {"hp": 31, "atk": 31, "def": 31, "spa": 31, "spd": 31, "spe": 31}, "item": "Heavy-Duty Boots", "teraType": "Steel", "role": "Bulky Attacker", "bvs": {"hp": 68, "atk": 70, "def": 92, "spa": 50, "spd": 132, "spe": 42}, "stats": {"hp": 246, "atk": 162, "def": 198, "spa": 129, "spd": 264, "spe": 116}, "types": ["Water", "Bug"]}, "Decidueye": {"name": "Decidueye", "species": "Decidueye", "speciesId": "decidueye", "gender": "F", "shiny": false, "level": 88, "moves": ["leafblade", "swordsdance", "shadowsneak", "poltergeist"], "ability": "Overgrow", "evs": {"hp": 85, "atk": 85, "def": 85, "spa": 85, "spd": 85, "spe": 85}, "ivs": {"hp": 31, "atk": 31, "def": 31, "spa": 31, "spd": 31, "spe": 31}, "item": "Life Orb", "teraType": "Ghost", "role": "Setup Sweeper", "bvs": {"hp": 78, "atk": 107, "def": 75, "spa": 100, "spd": 100, "spe": 70}, "stats": {"hp": 281, "atk": 239, "def": 182, "spa": 226, "spd": 226, "spe": 173}, "types": ["Grass", "Ghost"]}, "Mightyena": {"name": "Mightyena", "species": "Mightyena", "speciesId": "mightyena", "gender": "F", "shiny": false, "level": 96, "moves": ["throatchop", "poisonfang", "playrough", "suckerpunch"], "ability": "Intimidate", "evs": {"hp": 85, "atk": 85, "def": 85, "spa": 85, "spd": 85, "spe": 85}, "ivs": {"hp": 31, "atk": 31, "def": 31, "spa": 31, "spd": 31, "spe": 31}, "item": "Choice Band", "teraType": "Fairy", "role": "Bulky Attacker", "bvs": {"hp": 70, "atk": 90, "def": 70, "spa": 60, "spd": 60, "spe": 70}, "stats": {"hp": 290, "atk": 227, "def": 189, "spa": 170, "spd": 170, "spe": 189}, "types": ["Dark"]}, "Chien-Pao": {"name": "Chien-Pao", "species": "Chien-Pao", "speciesId": "chienpao", "gender": "N", "shiny": false, "level": 72, "moves": ["sacredsword", "iciclecrash", "crunch", "iceshard"], "ability": "Sword of Ruin", "evs": {"hp": 85, "atk": 85, "def": 85, "spa": 85, "spd": 85, "spe": 85}, "ivs": {"hp": 31, "atk": 31, "def": 31, "spa": 31, "spd": 31, "spe": 31}, "item": "Choice Band", "teraType": "Fighting", "role": "Wallbreaker", "bvs": {"hp": 80, "atk": 120, "def": 80, "spa": 90, "spd": 65, "spe": 135}, "stats": {"hp": 234, "atk": 215, "def": 157, "spa": 172, "spd": 136, "spe": 236}, "types": ["Dark", "Ice"]}, "Dragalge": {"name": "Dragalge", "species": "Dragalge", "speciesId": "dragalge", "gender": "F", "shiny": false, "level": 88, "moves": ["focusblast", "sludgewave", "flipturn", "dracometeor"], "ability": "Adaptability", "evs": {"hp": 85, "atk": 85, "def": 85, "spa": 85, "spd": 85, "spe": 85}, "ivs": {"hp": 31, "atk": 31, "def": 31, "spa": 31, "spd": 31, "spe": 31}, "item": "Choice Specs", "teraType": "Fighting", "role": "Bulky Attacker", "bvs": {"hp": 65, "atk": 75, "def": 90, "spa": 97, "spd": 123, "spe": 44}, "stats": {"hp": 258, "atk": 182, "def": 209, "spa": 221, "spd": 267, "spe": 128}, "types": ["Poison", "Dragon"]}, "Medicham": {"name": "Medicham", "species": "Medicham", "speciesId": "medicham", "gender": "M", "shiny": false, "level": 86, "moves": ["icepunch", "zenheadbutt", "closecombat", "poisonjab"], "ability": "Pure Power", "evs": {"hp": 85, "atk": 85, "def": 85, "spa": 85, "spd": 85, "spe": 85}, "ivs": {"hp": 31, "atk": 31, "def": 31, "spa": 31, "spd": 31, "spe": 31}, "item": "Choice Scarf", "teraType": "Fighting", "role": "Fast Attacker", "bvs": {"hp": 60, "atk": 60, "def": 75, "spa": 60, "spd": 75, "spe": 80}, "stats": {"hp": 243, "atk": 152, "def": 178, "spa": 152, "spd": 178, "spe": 187}, "types": ["Fighting", "Psychic"]}}, {"Dragapult": {"name": "Dragapult", "species": "Dragapult", "speciesId": "dragapult", "gender": "M", "shiny": false, "level": 77, "moves": ["shadowball", "dracometeor", "uturn", "fireblast"], "ability": "Infiltrator", "evs": {"hp": 85, "atk": 85, "def": 85, "spa": 85, "spd": 85, "spe": 85}, "ivs": {"hp": 31, "atk": 31, "def": 31, "spa": 31, "spd": 31, "spe": 31}, "item": "Choice Specs", "teraType": "Fire", "role": "Fast Attacker", "bvs": {"hp": 88, "atk": 120, "def": 75, "spa": 100, "spd": 75, "spe": 142}, "stats": {"hp": 262, "atk": 229, "def": 160, "spa": 199, "spd": 160, "spe": 263}, "types": ["Dragon", "Ghost"]}, "Solgaleo": {"name": "Solgaleo", "species": "Solgaleo", "speciesId": "solgaleo", "gender": "N", "shiny": false, "level": 74, "moves": ["roar", "morningsun", "sunsteelstrike", "psychicfangs"], "ability": "Full Metal Body", "evs": {"hp": 85, "atk": 85, "def": 85, "spa": 85, "spd": 85, "spe": 85}, "ivs": {"hp": 31, "atk": 31, "def": 31, "spa": 31, "spd": 31, "spe": 31}, "item": "Rocky Helmet", "teraType": "Water", "role": "Bulky Attacker", "bvs": {"hp": 137, "atk": 137, "def": 107, "spa": 113, "spd": 89, "spe": 97}, "stats": {"hp": 325, "atk": 246, "def": 201, "spa": 210, "spd": 175, "spe": 187}, "types": ["Psychic", "Steel"]}, "Meowstic": {"name": "Meowstic", "species": "Meowstic", "speciesId": "meowstic", "gender": "M", "shiny": false, "level": 89, "moves": ["reflect", "lightscreen", "psychicnoise", "thunderwave"], "ability": "Prankster", "evs": {"hp": 85, "atk": 0, "def": 85, "spa": 85, "spd": 85, "spe": 85}, "ivs": {"hp": 31, "atk": 0, "def": 31, "spa": 31, "spd": 31, "spe": 31}, "item": "Light Clay", "teraType": "Fairy", "role": "Bulky Support", "bvs": {"hp": 74, "atk": 48, "def": 76, "spa": 83, "spd": 81, "spe": 104}, "stats": {"hp": 277, "atk": 90, "def": 186, "spa": 199, "spd": 195, "spe": 236}, "types": ["Psychic"]}, "Tentacruel": {"name": "Tentacruel", "species": "Tentacruel", "speciesId": "tentacruel", "gender": "M", "shiny": false, "level": 84, "moves": ["surf", "sludgebomb", "rapidspin", "toxic"], "ability": "Liquid Ooze", "evs": {"hp": 85, "atk": 85, "def": 85, "spa": 85, "spd": 85, "spe": 85}, "ivs": {"hp": 31, "atk": 31, "def": 31, "spa": 31, "spd": 31, "spe": 31}, "item": "Leftovers", "teraType": "Grass", "role": "Bulky Support", "bvs": {"hp": 80, "atk": 70, "def": 65, "spa": 80, "spd": 120, "spe": 100}, "stats": {"hp": 272, "atk": 166, "def": 157, "spa": 183, "spd": 250, "spe": 216}, "types": ["Water", "Poison"]}, "Luxray": {"name": "Luxray", "species": "Luxray", "speciesId": "luxray", "gender": "M", "shiny": false, "level": 88, "moves": ["supercellslam", "facade", "trailblaze", "playrough"], "ability": "Guts", "evs": {"hp": 81, "atk": 85, "def": 85, "spa": 85, "spd": 85, "spe": 85}, "ivs": {"hp": 31, "atk": 31, "def": 31, "spa": 31, "spd": 31, "spe": 31}, "item": "Flame Orb", "teraType": "Normal", "role": "Setup Sweeper", "bvs": {"hp": 80, "atk": 120, "def": 79, "spa": 95, "spd": 79, "spe": 70}, "stats": {"hp": 283, "atk": 261, "def": 189, "spa": 217, "spd": 189, "spe": 173}, "types": ["Electric"]}, "Illumise": {"name": "Illumise", "species": "Illumise", "speciesId": "illumise", "gender": "F", "shiny": false, "level": 91, "moves": ["roost", "encore", "thunderwave", "bugbuzz"], "ability": "Prankster", "evs": {"hp": 85, "atk": 0, "def": 85, "spa": 85, "spd": 85, "spe": 85}, "ivs": {"hp": 31, "atk": 0, "def": 31, "spa": 31, "spd": 31, "spe": 31}, "item": "Heavy-Duty Boots", "teraType": "Steel", "role": "Bulky Support", "bvs": {"hp": 65, "atk": 47, "def": 75, "spa": 73, "spd": 85, "spe": 85}, "stats": {"hp": 266, "atk": 90, "def": 188, "spa": 185, "spd": 207, "spe": 207}, "types": ["Bug"]}}]}