{"id": "gen9randombattle-2641134330", "format": "[Gen 9] Random Battle", "players": ["The False Pariah", "Ifey"], "log": "|j|\u2606The False Pariah\n|j|\u2606Ifey\n|t:|1782744767\n|gametype|singles\n|player|p1|The False Pariah|265|1602\n|player|p2|Ifey|101|1585\n|gen|9\n|tier|[Gen 9] Random Battle\n|rated|\n|rule|Species Clause: Limit one of each Pok\u00e9mon\n|rule|HP Percentage Mod: HP is shown in percentages\n|rule|Sleep Clause Mod: Limit one foe put to sleep\n|rule|Illusion Level Mod: Illusion disguises the Pok\u00e9mon's true level\n|\n|t:|1782744767\n|teamsize|p1|6\n|teamsize|p2|6\n|start\n|switch|p1a: Lumineon|Lumineon, L93, F|279/279\n|switch|p2a: Rotom|Rotom, L88|231/231\n|turn|1\n|\n|t:|1782744778\n|move|p1a: Lumineon|Hydro Pump|p2a: Rotom\n|-damage|p2a: Rotom|107/231\n|move|p2a: Rotom|Will-O-Wisp|p1a: Lumineon\n|-status|p1a: Lumineon|brn\n|\n|-damage|p1a: Lumineon|262/279 brn|[from] brn\n|upkeep\n|turn|2\n|\n|t:|1782744789\n|switch|p2a: Amoonguss|Amoonguss, L82, F|321/321\n|move|p1a: Lumineon|Ice Beam|p2a: Amoonguss\n|-supereffective|p2a: Amoonguss\n|-damage|p2a: Amoonguss|177/321\n|\n|-damage|p1a: Lumineon|245/279 brn|[from] brn\n|upkeep\n|turn|3\n|\n|t:|1782744796\n|move|p1a: Lumineon|U-turn|p2a: Amoonguss\n|-damage|p2a: Amoonguss|147/321\n|-damage|p1a: Lumineon|199/279 brn|[from] item: Rocky Helmet|[of] p2a: Amoonguss\n|\n|t:|1782744804\n|switch|p1a: Sawsbuck|Sawsbuck-Autumn, L88, F|284/284|[from] U-turn\n|move|p2a: Amoonguss|Giga Drain|p1a: Sawsbuck\n|-ability|p1a: Sawsbuck|Sap Sipper|boost\n|-boost|p1a: Sawsbuck|atk|1\n|\n|upkeep\n|turn|4\n|\n|t:|1782744812\n|move|p1a: Sawsbuck|Swords Dance|p1a: Sawsbuck\n|-boost|p1a: Sawsbuck|atk|2\n|move|p2a: Amoonguss|Sludge Bomb|p1a: Sawsbuck\n|-supereffective|p1a: Sawsbuck\n|-damage|p1a: Sawsbuck|92/284\n|\n|upkeep\n|turn|5\n|\n|t:|1782744817\n|switch|p2a: Rotom|Rotom, L88|107/231\n|move|p1a: Sawsbuck|High Horsepower|p2a: Rotom\n|-immune|p2a: Rotom|[from] ability: Levitate\n|\n|upkeep\n|turn|6\n|\n|t:|1782744823\n|move|p1a: Sawsbuck|Horn Leech|p2a: Rotom\n|-crit|p2a: Rotom\n|-damage|p2a: Rotom|0 fnt\n|-heal|p1a: Sawsbuck|146/284|[from] drain|[of] p2a: Rotom\n|faint|p2a: Rotom\n|-damage|p1a: Sawsbuck|118/284|[from] item: Life Orb\n|\n|upkeep\n|\n|t:|1782744830\n|switch|p2a: Mabosstiff|Mabosstiff, L86, F|278/278\n|turn|7\n|\n|t:|1782744850\n|move|p2a: Mabosstiff|Psychic Fangs|p1a: Sawsbuck\n|-damage|p1a: Sawsbuck|39/284\n|move|p1a: Sawsbuck|Double-Edge|p2a: Mabosstiff\n|-damage|p2a: Mabosstiff|0 fnt\n|faint|p2a: Mabosstiff\n|-damage|p1a: Sawsbuck|0 fnt|[from] Recoil\n|faint|p1a: Sawsbuck\n|\n|upkeep\n|\n|t:|1782744869\n|switch|p1a: Gallade|Gallade, L80, M|240/240\n|switch|p2a: Garchomp|Garchomp, L74, F|282/282\n|turn|8\n|\n|t:|1782744881\n|switch|p1a: Poliwrath|Poliwrath, L88, M|302/302\n|move|p2a: Garchomp|Dragon Tail|p1a: Poliwrath|[miss]\n|-miss|p2a: Garchomp|p1a: Poliwrath\n|\n|upkeep\n|turn|9\n|\n|t:|1782744888\n|move|p2a: Garchomp|Spikes|p1a: Poliwrath\n|-sidestart|p1: The False Pariah|Spikes\n|move|p1a: Poliwrath|Knock Off|p2a: Garchomp\n|-damage|p2a: Garchomp|202/282\n|-damage|p1a: Poliwrath|265/302|[from] ability: Rough Skin|[of] p2a: Garchomp\n|-damage|p1a: Poliwrath|215/302|[from] item: Rocky Helmet|[of] p2a: Garchomp\n|-enditem|p2a: Garchomp|Rocky Helmet|[from] move: Knock Off|[of] p1a: Poliwrath\n|\n|upkeep\n|turn|10\n|\n|t:|1782744895\n|move|p2a: Garchomp|Spikes|p1a: Poliwrath\n|-sidestart|p1: The False Pariah|Spikes\n|move|p1a: Poliwrath|Liquidation|p2a: Garchomp\n|-damage|p2a: Garchomp|91/282\n|-unboost|p2a: Garchomp|def|1\n|-damage|p1a: Poliwrath|178/302|[from] ability: Rough Skin|[of] p2a: Garchomp\n|\n|upkeep\n|turn|11\n|\n|t:|1782744910\n|move|p2a: Garchomp|Earthquake|p1a: Poliwrath\n|-damage|p1a: Poliwrath|85/302\n|move|p1a: Poliwrath|Liquidation|p2a: Garchomp\n|-damage|p2a: Garchomp|0 fnt\n|-damage|p1a: Poliwrath|48/302|[from] ability: Rough Skin|[of] p2a: Garchomp\n|faint|p2a: Garchomp\n|\n|upkeep\n|\n|t:|1782744918\n|switch|p2a: Necrozma|Necrozma-Dusk-Mane, L69|248/248\n|turn|12\n|\n|t:|1782744922\n|move|p2a: Necrozma|Dragon Dance|p2a: Necrozma\n|-boost|p2a: Necrozma|atk|1\n|-boost|p2a: Necrozma|spe|1\n|move|p1a: Poliwrath|Circle Throw|p2a: Necrozma\n|-damage|p2a: Necrozma|185/248\n|drag|p2a: Basculegion|Basculegion, L80, M|323/323\n|\n|upkeep\n|turn|13\n|\n|t:|1782744943\n|move|p1a: Poliwrath|Knock Off|p2a: Basculegion\n|-supereffective|p2a: Basculegion\n|-damage|p2a: Basculegion|117/323\n|-enditem|p2a: Basculegion|Assault Vest|[from] move: Knock Off|[of] p1a: Poliwrath\n|move|p2a: Basculegion|Shadow Ball|p1a: Poliwrath\n|-damage|p1a: Poliwrath|0 fnt\n|faint|p1a: Poliwrath\n|\n|upkeep\n|\n|t:|1782744971\n|switch|p1a: Squawkabilly|Squawkabilly-Yellow, L89, F|291/291\n|turn|14\n|\n|t:|1782744984\n|move|p1a: Squawkabilly|Brave Bird|p2a: Basculegion\n|-damage|p2a: Basculegion|0 fnt\n|faint|p2a: Basculegion\n|-damage|p1a: Squawkabilly|252/291|[from] Recoil\n|\n|upkeep\n|\n|t:|1782745009\n|switch|p2a: Amoonguss|Amoonguss, L82, F|254/321\n|turn|15\n|\n|t:|1782745030\n|move|p1a: Squawkabilly|Parting Shot|p2a: Amoonguss\n|-unboost|p2a: Amoonguss|atk|1\n|-unboost|p2a: Amoonguss|spa|1\n|\n|t:|1782745038\n|switch|p1a: Kleavor|Kleavor, L78, M|237/237|[from] Parting Shot\n|move|p2a: Amoonguss|Sludge Bomb|p1a: Kleavor\n|-resisted|p1a: Kleavor\n|-damage|p1a: Kleavor|205/237\n|\n|upkeep\n|turn|16\n|\n|t:|1782745056\n|move|p1a: Kleavor|Stone Axe|p2a: Amoonguss\n|-damage|p2a: Amoonguss|109/321\n|-damage|p1a: Kleavor|166/237|[from] item: Rocky Helmet|[of] p2a: Amoonguss\n|-sidestart|p2: Ifey|move: Stealth Rock\n|move|p2a: Amoonguss|Giga Drain|p1a: Kleavor\n|-damage|p1a: Kleavor|111/237\n|-heal|p2a: Amoonguss|137/321|[from] drain|[of] p1a: Kleavor\n|\n|upkeep\n|turn|17\n|\n|t:|1782745067\n|move|p1a: Kleavor|X-Scissor|p2a: Amoonguss\n|-damage|p2a: Amoonguss|0 fnt\n|-damage|p1a: Kleavor|72/237|[from] item: Rocky Helmet|[of] p2a: Amoonguss\n|faint|p2a: Amoonguss\n|\n|upkeep\n|\n|t:|1782745103\n|switch|p2a: Necrozma|Necrozma-Dusk-Mane, L69|185/248\n|-damage|p2a: Necrozma|170/248|[from] Stealth Rock\n|turn|18\n|\n|t:|1782745119\n|-terastallize|p1a: Kleavor|Fighting\n|move|p1a: Kleavor|Close Combat|p2a: Necrozma\n|-damage|p2a: Necrozma|29/248\n|-unboost|p1a: Kleavor|def|1\n|-unboost|p1a: Kleavor|spd|1\n|move|p2a: Necrozma|Morning Sun|p2a: Necrozma\n|-heal|p2a: Necrozma|153/248\n|\n|upkeep\n|turn|19\n|\n|t:|1782745142\n|-terastallize|p2a: Necrozma|Water\n|move|p1a: Kleavor|X-Scissor|p2a: Necrozma\n|-damage|p2a: Necrozma|20/248\n|move|p2a: Necrozma|Morning Sun|p2a: Necrozma\n|-heal|p2a: Necrozma|144/248\n|\n|upkeep\n|turn|20\n|\n|t:|1782745161\n|move|p1a: Kleavor|X-Scissor|p2a: Necrozma\n|-damage|p2a: Necrozma|6/248\n|move|p2a: Necrozma|Dragon Dance|p2a: Necrozma\n|-boost|p2a: Necrozma|atk|1\n|-boost|p2a: Necrozma|spe|1\n|\n|upkeep\n|turn|21\n|\n|t:|1782745179\n|move|p2a: Necrozma|Earthquake|p1a: Kleavor\n|-damage|p1a: Kleavor|0 fnt\n|faint|p1a: Kleavor\n|\n|upkeep\n|\n|t:|1782745185\n|switch|p1a: Lumineon|Lumineon, L93, F|199/279 brn\n|turn|22\n|\n|t:|1782745191\n|move|p1a: Lumineon|U-turn|p2a: Necrozma\n|-damage|p2a: Necrozma|0 fnt\n|faint|p2a: Necrozma\n|\n|win|The False Pariah\n|raw|The False Pariah's rating: 1602 &rarr; <strong>1621</strong><br />(+19 for winning)\n|raw|Ifey's rating: 1585 &rarr; <strong>1566</strong><br />(-19 for losing)\n|l|\u2606Ifey\n|player|p2|\n|c|\u2606The False Pariah|Gg\n|c|\u2606The False Pariah|Wp\n", "inputlog": ">version f8ac14003a5f27e1bdc8d8c59608a773c1cb96e5\n>start {\"formatid\":\"gen9randombattle\",\"seed\":\"sodium,f261aaf9de2dd0819efd7c72845ca398\",\"rated\":\"Rated battle\"}\n>player p1 {\"name\":\"The False Pariah\",\"avatar\":\"265\",\"rating\":1602,\"seed\":\"sodium,516e9b6e8c6200ef2a80a1acefd6750f\"}\n>player p2 {\"name\":\"Ifey\",\"avatar\":\"101\",\"rating\":1585,\"seed\":\"sodium,ba2d3573ae5126c6fb4e73a6c8ab1dd3\"}\n>p1 move hydropump\n>p2 move willowisp\n>p1 move icebeam\n>p2 switch 5\n>p1 move uturn\n>p2 move gigadrain\n>p1 switch 6\n>p1 move swordsdance\n>p2 move sludgebomb\n>p1 move highhorsepower\n>p2 switch 5\n>p1 move hornleech\n>p2 move willowisp\n>p2 switch 2\n>p1 move doubleedge\n>p2 move psychicfangs\n>p1 switch 5\n>p2 switch 6\n>p1 switch 2\n>p2 move dragontail\n>p1 move knockoff\n>p2 move spikes\n>p1 move liquidation\n>p2 move spikes\n>p1 move liquidation\n>p2 move earthquake\n>p2 switch 4\n>p1 move circlethrow\n>p2 move dragondance\n>p1 move knockoff\n>p2 move shadowball\n>p1 switch 3\n>p1 move bravebird\n>p2 move wavecrash\n>p2 switch 5\n>p1 move partingshot\n>p2 move sludgebomb\n>p1 switch 4\n>p1 move stoneaxe\n>p2 move gigadrain\n>p1 move xscissor\n>p2 move spore\n>p2 switch 3\n>p1 move closecombat terastallize\n>p2 move morningsun\n>p1 move xscissor\n>p2 move morningsun terastallize\n>p1 move xscissor\n>p2 move dragondance\n>p1 move xscissor\n>p2 move earthquake\n>p1 switch 6\n>p1 move uturn\n>p2 move morningsun", "uploadtime": 1782745199, "views": 7, "formatid": "gen9randombattle", "rating": 1566, "private": 0, "password": null, "player_dets": [{"name": "The False Pariah", "avatar": "265", "rating": 1602, "seed": "sodium,516e9b6e8c6200ef2a80a1acefd6750f"}, {"name": "Ifey", "avatar": "101", "rating": 1585, "seed": "sodium,ba2d3573ae5126c6fb4e73a6c8ab1dd3"}], "teams_full": [{"Lumineon": {"name": "Lumineon", "species": "Lumineon", "speciesId": "lumineon", "gender": "F", "shiny": false, "level": 93, "moves": ["icebeam", "uturn", "encore", "hydropump"], "ability": "Storm Drain", "evs": {"hp": 85, "atk": 85, "def": 85, "spa": 85, "spd": 85, "spe": 85}, "ivs": {"hp": 31, "atk": 31, "def": 31, "spa": 31, "spd": 31, "spe": 31}, "item": "Heavy-Duty Boots", "teraType": "Fire", "role": "Fast Support", "bvs": {"hp": 69, "atk": 69, "def": 76, "spa": 69, "spd": 86, "spe": 91}, "stats": {"hp": 279, "atk": 181, "def": 194, "spa": 181, "spd": 213, "spe": 222}, "types": ["Water"]}, "Poliwrath": {"name": "Poliwrath", "species": "Poliwrath", "speciesId": "poliwrath", "gender": "M", "shiny": false, "level": 88, "moves": ["circlethrow", "closecombat", "knockoff", "liquidation"], "ability": "Water Absorb", "evs": {"hp": 85, "atk": 85, "def": 85, "spa": 85, "spd": 85, "spe": 85}, "ivs": {"hp": 31, "atk": 31, "def": 31, "spa": 31, "spd": 31, "spe": 31}, "item": "Assault Vest", "teraType": "Dark", "role": "AV Pivot", "bvs": {"hp": 90, "atk": 95, "def": 95, "spa": 70, "spd": 90, "spe": 70}, "stats": {"hp": 302, "atk": 217, "def": 217, "spa": 173, "spd": 209, "spe": 173}, "types": ["Water", "Fighting"]}, "Squawkabilly": {"name": "Squawkabilly", "species": "Squawkabilly-Yellow", "speciesId": "squawkabillyyellow", "gender": "F", "shiny": false, "level": 89, "moves": ["quickattack", "doubleedge", "partingshot", "bravebird"], "ability": "Hustle", "evs": {"hp": 85, "atk": 85, "def": 85, "spa": 85, "spd": 85, "spe": 85}, "ivs": {"hp": 31, "atk": 31, "def": 31, "spa": 31, "spd": 31, "spe": 31}, "item": "Heavy-Duty Boots", "teraType": "Normal", "role": "Wallbreaker", "bvs": {"hp": 82, "atk": 96, "def": 51, "spa": 45, "spd": 51, "spe": 92}, "stats": {"hp": 291, "atk": 222, "def": 142, "spa": 131, "spd": 142, "spe": 215}, "types": ["Normal", "Flying"]}, "Kleavor": {"name": "Kleavor", "species": "Kleavor", "speciesId": "kleavor", "gender": "M", "shiny": false, "level": 78, "moves": ["closecombat", "xscissor", "stoneaxe", "defog"], "ability": "Sharpness", "evs": {"hp": 85, "atk": 85, "def": 85, "spa": 85, "spd": 85, "spe": 85}, "ivs": {"hp": 31, "atk": 31, "def": 31, "spa": 31, "spd": 31, "spe": 31}, "item": "Heavy-Duty Boots", "teraType": "Fighting", "role": "Bulky Attacker", "bvs": {"hp": 70, "atk": 135, "def": 95, "spa": 45, "spd": 70, "spe": 85}, "stats": {"hp": 237, "atk": 256, "def": 193, "spa": 115, "spd": 154, "spe": 178}, "types": ["Bug", "Rock"]}, "Gallade": {"name": "Gallade", "species": "Gallade", "speciesId": "gallade", "gender": "M", "shiny": false, "level": 80, "moves": ["sacredsword", "agility", "nightslash", "psychocut"], "ability": "Sharpness", "evs": {"hp": 85, "atk": 85, "def": 85, "spa": 85, "spd": 85, "spe": 85}, "ivs": {"hp": 31, "atk": 31, "def": 31, "spa": 31, "spd": 31, "spe": 31}, "item": "Life Orb", "teraType": "Fighting", "role": "Setup Sweeper", "bvs": {"hp": 68, "atk": 125, "def": 65, "spa": 65, "spd": 115, "spe": 80}, "stats": {"hp": 240, "atk": 246, "def": 150, "spa": 150, "spd": 230, "spe": 174}, "types": ["Psychic", "Fighting"]}, "Sawsbuck": {"name": "Sawsbuck", "species": "Sawsbuck-Autumn", "speciesId": "sawsbuck", "gender": "F", "shiny": false, "level": 88, "moves": ["swordsdance", "hornleech", "highhorsepower", "doubleedge"], "ability": "Sap Sipper", "evs": {"hp": 85, "atk": 85, "def": 85, "spa": 85, "spd": 85, "spe": 85}, "ivs": {"hp": 31, "atk": 31, "def": 31, "spa": 31, "spd": 31, "spe": 31}, "item": "Life Orb", "teraType": "Ground", "role": "Setup Sweeper", "bvs": {"hp": 80, "atk": 100, "def": 70, "spa": 60, "spd": 70, "spe": 95}, "stats": {"hp": 284, "atk": 226, "def": 173, "spa": 156, "spd": 173, "spe": 217}, "types": ["Normal", "Grass"]}}, {"Rotom": {"name": "Rotom", "species": "Rotom", "speciesId": "rotom", "gender": "N", "shiny": false, "level": 88, "moves": ["thunderbolt", "shadowball", "willowisp", "voltswitch"], "ability": "Levitate", "evs": {"hp": 85, "atk": 0, "def": 85, "spa": 85, "spd": 85, "spe": 85}, "ivs": {"hp": 31, "atk": 0, "def": 31, "spa": 31, "spd": 31, "spe": 31}, "item": "Life Orb", "teraType": "Electric", "role": "Fast Attacker", "bvs": {"hp": 50, "atk": 50, "def": 77, "spa": 95, "spd": 77, "spe": 91}, "stats": {"hp": 231, "atk": 93, "def": 186, "spa": 217, "spd": 186, "spe": 210}, "types": ["Electric", "Ghost"]}, "Mabosstiff": {"name": "Mabosstiff", "species": "Mabosstiff", "speciesId": "mabosstiff", "gender": "F", "shiny": false, "level": 86, "moves": ["crunch", "wildcharge", "playrough", "psychicfangs"], "ability": "Stakeout", "evs": {"hp": 85, "atk": 85, "def": 85, "spa": 85, "spd": 85, "spe": 85}, "ivs": {"hp": 31, "atk": 31, "def": 31, "spa": 31, "spd": 31, "spe": 31}, "item": "Choice Scarf", "teraType": "Dark", "role": "Bulky Attacker", "bvs": {"hp": 80, "atk": 120, "def": 90, "spa": 60, "spd": 70, "spe": 85}, "stats": {"hp": 278, "atk": 256, "def": 204, "spa": 152, "spd": 170, "spe": 195}, "types": ["Dark"]}, "Basculegion": {"name": "Basculegion", "species": "Basculegion", "speciesId": "basculegion", "gender": "M", "shiny": false, "level": 80, "moves": ["shadowball", "wavecrash", "aquajet", "flipturn"], "ability": "Adaptability", "evs": {"hp": 85, "atk": 85, "def": 85, "spa": 85, "spd": 85, "spe": 85}, "ivs": {"hp": 31, "atk": 31, "def": 31, "spa": 31, "spd": 31, "spe": 31}, "item": "Assault Vest", "teraType": "Water", "role": "AV Pivot", "bvs": {"hp": 120, "atk": 112, "def": 65, "spa": 80, "spd": 75, "spe": 78}, "stats": {"hp": 323, "atk": 225, "def": 150, "spa": 174, "spd": 166, "spe": 171}, "types": ["Water", "Ghost"]}, "Necrozma": {"name": "Necrozma", "species": "Necrozma-Dusk-Mane", "speciesId": "necrozmaduskmane", "gender": "N", "shiny": false, "level": 69, "moves": ["sunsteelstrike", "morningsun", "earthquake", "dragondance"], "ability": "Prism Armor", "evs": {"hp": 85, "atk": 85, "def": 85, "spa": 85, "spd": 85, "spe": 85}, "ivs": {"hp": 31, "atk": 31, "def": 31, "spa": 31, "spd": 31, "spe": 31}, "item": "Weakness Policy", "teraType": "Water", "role": "Bulky Setup", "bvs": {"hp": 97, "atk": 157, "def": 127, "spa": 113, "spd": 109, "spe": 77}, "stats": {"hp": 248, "atk": 257, "def": 216, "spa": 196, "spd": 191, "spe": 147}, "types": ["Psychic", "Steel"]}, "Amoonguss": {"name": "Amoonguss", "species": "Amoonguss", "speciesId": "amoonguss", "gender": "F", "shiny": false, "level": 82, "moves": ["spore", "sludgebomb", "stompingtantrum", "gigadrain"], "ability": "Regenerator", "evs": {"hp": 85, "atk": 85, "def": 85, "spa": 85, "spd": 85, "spe": 85}, "ivs": {"hp": 31, "atk": 31, "def": 31, "spa": 31, "spd": 31, "spe": 31}, "item": "Rocky Helmet", "teraType": "Steel", "role": "Bulky Attacker", "bvs": {"hp": 114, "atk": 85, "def": 70, "spa": 85, "spd": 80, "spe": 30}, "stats": {"hp": 321, "atk": 187, "def": 162, "spa": 187, "spd": 178, "spe": 96}, "types": ["Grass", "Poison"]}, "Garchomp": {"name": "Garchomp", "species": "Garchomp", "speciesId": "garchomp", "gender": "F", "shiny": false, "level": 74, "moves": ["dragontail", "spikes", "earthquake", "outrage"], "ability": "Rough Skin", "evs": {"hp": 85, "atk": 85, "def": 85, "spa": 85, "spd": 85, "spe": 85}, "ivs": {"hp": 31, "atk": 31, "def": 31, "spa": 31, "spd": 31, "spe": 31}, "item": "Rocky Helmet", "teraType": "Ground", "role": "Fast Support", "bvs": {"hp": 108, "atk": 130, "def": 95, "spa": 80, "spd": 85, "spe": 102}, "stats": {"hp": 282, "atk": 235, "def": 184, "spa": 161, "spd": 169, "spe": 194}, "types": ["Dragon", "Ground"]}}]}