{"id": "gen9randombattle-2641344038", "format": "[Gen 9] Random Battle", "players": ["testbotcif", "Greyworth"], "log": "|j|\u2606testbotcif\n|j|\u2606Greyworth\n|t:|1782770582\n|gametype|singles\n|player|p1|testbotcif|266|1188\n|player|p2|Greyworth|lucas|1210\n|gen|9\n|tier|[Gen 9] Random Battle\n|rated|\n|rule|Species Clause: Limit one of each Pok\u00e9mon\n|rule|HP Percentage Mod: HP is shown in percentages\n|rule|Sleep Clause Mod: Limit one foe put to sleep\n|rule|Illusion Level Mod: Illusion disguises the Pok\u00e9mon's true level\n|\n|t:|1782770582\n|teamsize|p1|6\n|teamsize|p2|6\n|start\n|switch|p1a: Eelektross|Eelektross, L87, M|290/290\n|switch|p2a: Stonjourner|Stonjourner, L91, M|330/330\n|turn|1\n|inactive|Battle timer is ON: inactive players will automatically lose when time's up. (requested by testbotcif)\n|c|\u2606testbotcif|rlhf\n|\n|t:|1782770589\n|-terastallize|p1a: Eelektross|Fighting\n|move|p2a: Stonjourner|Stealth Rock|p1a: Eelektross\n|-sidestart|p1: testbotcif|move: Stealth Rock\n|move|p1a: Eelektross|Coil|p1a: Eelektross\n|-boost|p1a: Eelektross|atk|1\n|-boost|p1a: Eelektross|def|1\n|-boost|p1a: Eelektross|accuracy|1\n|\n|upkeep\n|turn|2\n|\n|t:|1782770607\n|move|p2a: Stonjourner|Heat Crash|p1a: Eelektross\n|-damage|p1a: Eelektross|172/290\n|-damage|p2a: Stonjourner|297/330|[from] item: Life Orb\n|move|p1a: Eelektross|Drain Punch|p2a: Stonjourner\n|-supereffective|p2a: Stonjourner\n|-damage|p2a: Stonjourner|111/330\n|-heal|p1a: Eelektross|265/290|[from] drain|[of] p2a: Stonjourner\n|\n|-heal|p1a: Eelektross|283/290|[from] item: Leftovers\n|upkeep\n|turn|3\n|\n|t:|1782770610\n|move|p2a: Stonjourner|Heat Crash|p1a: Eelektross\n|-damage|p1a: Eelektross|167/290\n|-damage|p2a: Stonjourner|78/330|[from] item: Life Orb\n|move|p1a: Eelektross|Drain Punch|p2a: Stonjourner\n|-supereffective|p2a: Stonjourner\n|-damage|p2a: Stonjourner|0 fnt\n|-heal|p1a: Eelektross|206/290|[from] drain|[of] p2a: Stonjourner\n|faint|p2a: Stonjourner\n|\n|-heal|p1a: Eelektross|224/290|[from] item: Leftovers\n|upkeep\n|\n|t:|1782770620\n|switch|p2a: Torterra|Torterra, L78, M|276/276\n|turn|4\n|\n|t:|1782770623\n|move|p1a: Eelektross|Drain Punch|p2a: Torterra\n|-damage|p2a: Torterra|129/276\n|-heal|p1a: Eelektross|290/290|[from] drain|[of] p2a: Torterra\n|move|p2a: Torterra|Shell Smash|p2a: Torterra\n|-unboost|p2a: Torterra|def|1\n|-unboost|p2a: Torterra|spd|1\n|-boost|p2a: Torterra|atk|2\n|-boost|p2a: Torterra|spa|2\n|-boost|p2a: Torterra|spe|2\n|\n|upkeep\n|turn|5\n|\n|t:|1782770631\n|move|p2a: Torterra|Bullet Seed|p1a: Eelektross\n|-damage|p1a: Eelektross|256/290\n|-damage|p1a: Eelektross|220/290\n|-damage|p1a: Eelektross|183/290\n|-damage|p1a: Eelektross|147/290\n|-hitcount|p1a: Eelektross|4\n|move|p1a: Eelektross|Drain Punch|p2a: Torterra\n|-damage|p2a: Torterra|0 fnt\n|-heal|p1a: Eelektross|212/290|[from] drain|[of] p2a: Torterra\n|faint|p2a: Torterra\n|\n|-heal|p1a: Eelektross|230/290|[from] item: Leftovers\n|upkeep\n|\n|t:|1782770640\n|switch|p2a: Iron Leaves|Iron Leaves, L80|275/275\n|turn|6\n|\n|t:|1782770644\n|move|p2a: Iron Leaves|Psyblade|p1a: Eelektross\n|-supereffective|p1a: Eelektross\n|-damage|p1a: Eelektross|40/290\n|-damage|p2a: Iron Leaves|248/275|[from] item: Life Orb\n|move|p1a: Eelektross|Knock Off|p2a: Iron Leaves\n|-supereffective|p2a: Iron Leaves\n|-damage|p2a: Iron Leaves|0 fnt\n|-enditem|p2a: Iron Leaves|Life Orb|[from] move: Knock Off|[of] p1a: Eelektross\n|faint|p2a: Iron Leaves\n|-end|p2a: Iron Leaves|Quark Drive|[silent]\n|\n|-heal|p1a: Eelektross|58/290|[from] item: Leftovers\n|upkeep\n|\n|t:|1782770650\n|switch|p2a: Yanmega|Yanmega, L82, F|275/275\n|turn|7\n|\n|t:|1782770652\n|move|p2a: Yanmega|Air Slash|p1a: Eelektross\n|-supereffective|p1a: Eelektross\n|-damage|p1a: Eelektross|0 fnt\n|faint|p1a: Eelektross\n|\n|-ability|p2a: Yanmega|Speed Boost|boost\n|-boost|p2a: Yanmega|spe|1\n|upkeep\n|\n|t:|1782770652\n|switch|p1a: Cyclizar|Cyclizar, L83, M|252/252\n|turn|8\n|\n|t:|1782770658\n|move|p2a: Yanmega|Bug Buzz|p1a: Cyclizar\n|-damage|p1a: Cyclizar|126/252\n|move|p1a: Cyclizar|Draco Meteor|p2a: Yanmega\n|-damage|p2a: Yanmega|106/275\n|-unboost|p1a: Cyclizar|spa|2\n|\n|-ability|p2a: Yanmega|Speed Boost|boost\n|-boost|p2a: Yanmega|spe|1\n|upkeep\n|turn|9\n|\n|t:|1782770661\n|move|p2a: Yanmega|Protect|p2a: Yanmega\n|-singleturn|p2a: Yanmega|Protect\n|move|p1a: Cyclizar|Draco Meteor|p2a: Yanmega\n|-activate|p2a: Yanmega|move: Protect\n|\n|-ability|p2a: Yanmega|Speed Boost|boost\n|-boost|p2a: Yanmega|spe|1\n|upkeep\n|turn|10\n|\n|t:|1782770664\n|move|p2a: Yanmega|Bug Buzz|p1a: Cyclizar\n|-damage|p1a: Cyclizar|2/252\n|move|p1a: Cyclizar|Rapid Spin|p2a: Yanmega\n|-damage|p2a: Yanmega|55/275\n|-boost|p1a: Cyclizar|spe|1\n|-sideend|p1: testbotcif|Stealth Rock|[from] move: Rapid Spin|[of] p1a: Cyclizar\n|\n|-ability|p2a: Yanmega|Speed Boost|boost\n|-boost|p2a: Yanmega|spe|1\n|upkeep\n|turn|11\n|\n|t:|1782770666\n|move|p2a: Yanmega|Bug Buzz|p1a: Cyclizar\n|-damage|p1a: Cyclizar|0 fnt\n|faint|p1a: Cyclizar\n|\n|-ability|p2a: Yanmega|Speed Boost|boost\n|-boost|p2a: Yanmega|spe|1\n|upkeep\n|\n|t:|1782770666\n|switch|p1a: Spectrier|Spectrier, L75|274/274\n|turn|12\n|\n|t:|1782770680\n|-terastallize|p2a: Yanmega|Ground\n|move|p2a: Yanmega|Tera Blast|p1a: Spectrier|[anim] Tera Blast Ground\n|-damage|p1a: Spectrier|166/274\n|move|p1a: Spectrier|Shadow Ball|p2a: Yanmega\n|-damage|p2a: Yanmega|0 fnt\n|faint|p2a: Yanmega\n|-ability|p1a: Spectrier|Grim Neigh|boost\n|-boost|p1a: Spectrier|spa|1\n|\n|-heal|p1a: Spectrier|183/274|[from] item: Leftovers\n|upkeep\n|\n|t:|1782770690\n|switch|p2a: Vigoroth|Vigoroth, L85, F|275/275\n|turn|13\n|\n|t:|1782770694\n|move|p1a: Spectrier|Tera Blast|p2a: Vigoroth\n|-damage|p2a: Vigoroth|187/275\n|move|p2a: Vigoroth|Knock Off|p1a: Spectrier\n|-supereffective|p1a: Spectrier\n|-damage|p1a: Spectrier|3/274\n|-enditem|p1a: Spectrier|Leftovers|[from] move: Knock Off|[of] p2a: Vigoroth\n|\n|upkeep\n|turn|14\n|\n|t:|1782770698\n|move|p1a: Spectrier|Tera Blast|p2a: Vigoroth\n|-damage|p2a: Vigoroth|102/275\n|move|p2a: Vigoroth|Bulk Up|p2a: Vigoroth\n|-boost|p2a: Vigoroth|atk|1\n|-boost|p2a: Vigoroth|def|1\n|\n|upkeep\n|turn|15\n|\n|t:|1782770701\n|move|p1a: Spectrier|Tera Blast|p2a: Vigoroth\n|-damage|p2a: Vigoroth|16/275\n|move|p2a: Vigoroth|Slack Off|p2a: Vigoroth\n|-heal|p2a: Vigoroth|154/275\n|\n|upkeep\n|turn|16\n|\n|t:|1782770704\n|move|p1a: Spectrier|Tera Blast|p2a: Vigoroth\n|-damage|p2a: Vigoroth|74/275\n|move|p2a: Vigoroth|Slack Off|p2a: Vigoroth\n|-heal|p2a: Vigoroth|212/275\n|\n|upkeep\n|turn|17\n|\n|t:|1782770706\n|move|p1a: Spectrier|Nasty Plot|p1a: Spectrier\n|-boost|p1a: Spectrier|spa|2\n|move|p2a: Vigoroth|Knock Off|p1a: Spectrier\n|-supereffective|p1a: Spectrier\n|-damage|p1a: Spectrier|0 fnt\n|faint|p1a: Spectrier\n|\n|upkeep\n|\n|t:|1782770706\n|switch|p1a: Cobalion|Cobalion, L80|277/277\n|turn|18\n|\n|t:|1782770714\n|move|p1a: Cobalion|Swords Dance|p1a: Cobalion\n|-boost|p1a: Cobalion|atk|2\n|move|p2a: Vigoroth|Bulk Up|p2a: Vigoroth\n|-boost|p2a: Vigoroth|atk|1\n|-boost|p2a: Vigoroth|def|1\n|\n|upkeep\n|turn|19\n|\n|t:|1782770718\n|move|p1a: Cobalion|Close Combat|p2a: Vigoroth\n|-supereffective|p2a: Vigoroth\n|-damage|p2a: Vigoroth|56/275\n|-unboost|p1a: Cobalion|def|1\n|-unboost|p1a: Cobalion|spd|1\n|move|p2a: Vigoroth|Body Slam|p1a: Cobalion\n|-resisted|p1a: Cobalion\n|-damage|p1a: Cobalion|178/277\n|\n|-heal|p1a: Cobalion|195/277|[from] item: Leftovers\n|upkeep\n|turn|20\n|\n|t:|1782770726\n|move|p1a: Cobalion|Close Combat|p2a: Vigoroth\n|-supereffective|p2a: Vigoroth\n|-damage|p2a: Vigoroth|0 fnt\n|-unboost|p1a: Cobalion|def|1\n|-unboost|p1a: Cobalion|spd|1\n|faint|p2a: Vigoroth\n|\n|-heal|p1a: Cobalion|212/277|[from] item: Leftovers\n|upkeep\n|\n|t:|1782770728\n|switch|p2a: Drednaw|Drednaw, L81, F|278/278\n|turn|21\n|\n|t:|1782770731\n|move|p1a: Cobalion|Close Combat|p2a: Drednaw\n|-supereffective|p2a: Drednaw\n|-damage|p2a: Drednaw|0 fnt\n|-unboost|p1a: Cobalion|def|1\n|-unboost|p1a: Cobalion|spd|1\n|faint|p2a: Drednaw\n|\n|win|testbotcif\n|raw|testbotcif's rating: 1188 &rarr; <strong>1215</strong><br />(+27 for winning)\n|raw|Greyworth's rating: 1210 &rarr; <strong>1183</strong><br />(-27 for losing)\n", "inputlog": ">version f8ac14003a5f27e1bdc8d8c59608a773c1cb96e5\n>start {\"formatid\":\"gen9randombattle\",\"seed\":\"sodium,e33fbd6f51a6912f7ac6e5cec28b99e4\",\"rated\":\"Rated battle\"}\n>player p1 {\"name\":\"testbotcif\",\"avatar\":\"266\",\"rating\":1188,\"seed\":\"sodium,f9eba537215722be137acd70313dd2c2\"}\n>player p2 {\"name\":\"Greyworth\",\"avatar\":\"lucas\",\"rating\":1210,\"seed\":\"sodium,2cc8f97f61caf16bc53a317e3852da03\"}\n>chat \u2606testbotcif|rlhf\n>p1 move coil terastallize\n>p2 move stealthrock\n>p1 move drainpunch\n>p2 move heatcrash\n>p1 move drainpunch\n>p2 move heatcrash\n>p2 switch 6\n>p1 move drainpunch\n>p2 move shellsmash\n>p1 move drainpunch\n>p2 move bulletseed\n>p2 switch 4\n>p1 move knockoff\n>p2 move psyblade\n>p2 switch 3\n>p1 move supercellslam\n>p2 move airslash\n>p1 switch 3\n>p1 move dracometeor\n>p2 move bugbuzz\n>p1 move dracometeor\n>p2 move protect\n>p1 move rapidspin\n>p2 move bugbuzz\n>p1 move rapidspin\n>p2 move bugbuzz\n>p1 switch 2\n>p1 move shadowball\n>p2 move terablast terastallize\n>p2 switch 2\n>p1 move terablast\n>p2 move knockoff\n>p1 move terablast\n>p2 move bulkup\n>p1 move terablast\n>p2 move slackoff\n>p1 move terablast\n>p2 move slackoff\n>p1 move nastyplot\n>p2 move knockoff\n>p1 switch 6\n>p1 move swordsdance\n>p2 move bulkup\n>p1 move closecombat\n>p2 move bodyslam\n>p1 move closecombat\n>p2 move bodyslam\n>p2 switch 5\n>p1 move closecombat\n>p2 move liquidation", "uploadtime": 1782770732, "views": 3, "formatid": "gen9randombattle", "rating": 1183, "private": 0, "password": null, "player_dets": [{"name": "testbotcif", "avatar": "266", "rating": 1188, "seed": "sodium,f9eba537215722be137acd70313dd2c2"}, {"name": "Greyworth", "avatar": "lucas", "rating": 1210, "seed": "sodium,2cc8f97f61caf16bc53a317e3852da03"}], "teams_full": [{"Eelektross": {"name": "Eelektross", "species": "Eelektross", "speciesId": "eelektross", "gender": "M", "shiny": false, "level": 87, "moves": ["drainpunch", "supercellslam", "knockoff", "coil"], "ability": "Levitate", "evs": {"hp": 85, "atk": 85, "def": 85, "spa": 85, "spd": 85, "spe": 85}, "ivs": {"hp": 31, "atk": 31, "def": 31, "spa": 31, "spd": 31, "spe": 31}, "item": "Leftovers", "teraType": "Fighting", "role": "Bulky Setup", "bvs": {"hp": 85, "atk": 115, "def": 80, "spa": 105, "spd": 80, "spe": 50}, "stats": {"hp": 290, "atk": 250, "def": 189, "spa": 232, "spd": 189, "spe": 137}, "types": ["Electric"]}, "Spectrier": {"name": "Spectrier", "species": "Spectrier", "speciesId": "spectrier", "gender": "N", "shiny": false, "level": 75, "moves": ["nastyplot", "shadowball", "terablast", "substitute"], "ability": "Grim Neigh", "evs": {"hp": 85, "atk": 0, "def": 85, "spa": 85, "spd": 85, "spe": 85}, "ivs": {"hp": 31, "atk": 0, "def": 31, "spa": 31, "spd": 31, "spe": 31}, "item": "Leftovers", "teraType": "Fighting", "role": "Tera Blast user", "bvs": {"hp": 100, "atk": 65, "def": 60, "spa": 145, "spd": 80, "spe": 130}, "stats": {"hp": 274, "atk": 102, "def": 134, "spa": 261, "spd": 164, "spe": 239}, "types": ["Ghost"]}, "Cyclizar": {"name": "Cyclizar", "species": "Cyclizar", "speciesId": "cyclizar", "gender": "M", "shiny": false, "level": 83, "moves": ["dracometeor", "taunt", "shedtail", "rapidspin"], "ability": "Regenerator", "evs": {"hp": 85, "atk": 85, "def": 85, "spa": 85, "spd": 85, "spe": 85}, "ivs": {"hp": 31, "atk": 31, "def": 31, "spa": 31, "spd": 31, "spe": 31}, "item": "Heavy-Duty Boots", "teraType": "Steel", "role": "Fast Support", "bvs": {"hp": 70, "atk": 95, "def": 65, "spa": 85, "spd": 65, "spe": 121}, "stats": {"hp": 252, "atk": 205, "def": 156, "spa": 189, "spd": 156, "spe": 249}, "types": ["Dragon", "Normal"]}, "Honchkrow": {"name": "Honchkrow", "species": "Honchkrow", "speciesId": "honchkrow", "gender": "F", "shiny": false, "level": 86, "moves": ["lashout", "heatwave", "bravebird", "suckerpunch"], "ability": "Moxie", "evs": {"hp": 85, "atk": 85, "def": 85, "spa": 85, "spd": 85, "spe": 85}, "ivs": {"hp": 31, "atk": 31, "def": 31, "spa": 31, "spd": 31, "spe": 31}, "item": "Heavy-Duty Boots", "teraType": "Dark", "role": "Wallbreaker", "bvs": {"hp": 100, "atk": 125, "def": 52, "spa": 105, "spd": 52, "spe": 71}, "stats": {"hp": 312, "atk": 264, "def": 139, "spa": 230, "spd": 139, "spe": 171}, "types": ["Dark", "Flying"]}, "Hitmonchan": {"name": "Hitmonchan", "species": "Hitmonchan", "speciesId": "hitmonchan", "gender": "M", "shiny": false, "level": 87, "moves": ["poisonjab", "encore", "knockoff", "drainpunch"], "ability": "Iron Fist", "evs": {"hp": 85, "atk": 85, "def": 85, "spa": 85, "spd": 85, "spe": 85}, "ivs": {"hp": 31, "atk": 31, "def": 31, "spa": 31, "spd": 31, "spe": 31}, "item": "Leftovers", "teraType": "Steel", "role": "Bulky Support", "bvs": {"hp": 50, "atk": 105, "def": 79, "spa": 35, "spd": 110, "spe": 76}, "stats": {"hp": 229, "atk": 232, "def": 187, "spa": 111, "spd": 241, "spe": 182}, "types": ["Fighting"]}, "Cobalion": {"name": "Cobalion", "species": "Cobalion", "speciesId": "cobalion", "gender": "N", "shiny": false, "level": 80, "moves": ["ironhead", "taunt", "closecombat", "swordsdance"], "ability": "Justified", "evs": {"hp": 85, "atk": 85, "def": 85, "spa": 85, "spd": 85, "spe": 85}, "ivs": {"hp": 31, "atk": 31, "def": 31, "spa": 31, "spd": 31, "spe": 31}, "item": "Leftovers", "teraType": "Fighting", "role": "Fast Bulky Setup", "bvs": {"hp": 91, "atk": 90, "def": 129, "spa": 90, "spd": 72, "spe": 108}, "stats": {"hp": 277, "atk": 190, "def": 253, "spa": 190, "spd": 161, "spe": 219}, "types": ["Steel", "Fighting"]}}, {"Stonjourner": {"name": "Stonjourner", "species": "Stonjourner", "speciesId": "stonjourner", "gender": "M", "shiny": false, "level": 91, "moves": ["stealthrock", "stoneedge", "earthquake", "heatcrash"], "ability": "Power Spot", "evs": {"hp": 85, "atk": 85, "def": 85, "spa": 85, "spd": 85, "spe": 85}, "ivs": {"hp": 31, "atk": 31, "def": 31, "spa": 31, "spd": 31, "spe": 31}, "item": "Life Orb", "teraType": "Ground", "role": "Fast Attacker", "bvs": {"hp": 100, "atk": 125, "def": 135, "spa": 20, "spd": 20, "spe": 70}, "stats": {"hp": 330, "atk": 279, "def": 298, "spa": 88, "spd": 88, "spe": 179}, "types": ["Rock"]}, "Vigoroth": {"name": "Vigoroth", "species": "Vigoroth", "speciesId": "vigoroth", "gender": "F", "shiny": false, "level": 85, "moves": ["bodyslam", "bulkup", "slackoff", "knockoff"], "ability": "Vital Spirit", "evs": {"hp": 85, "atk": 85, "def": 85, "spa": 85, "spd": 85, "spe": 85}, "ivs": {"hp": 31, "atk": 31, "def": 31, "spa": 31, "spd": 31, "spe": 31}, "item": "Eviolite", "teraType": "Ghost", "role": "Bulky Setup", "bvs": {"hp": 80, "atk": 80, "def": 80, "spa": 55, "spd": 55, "spe": 90}, "stats": {"hp": 275, "atk": 185, "def": 185, "spa": 142, "spd": 142, "spe": 202}, "types": ["Normal"]}, "Yanmega": {"name": "Yanmega", "species": "Yanmega", "speciesId": "yanmega", "gender": "F", "shiny": false, "level": 82, "moves": ["protect", "bugbuzz", "terablast", "airslash"], "ability": "Speed Boost", "evs": {"hp": 85, "atk": 0, "def": 85, "spa": 85, "spd": 85, "spe": 85}, "ivs": {"hp": 31, "atk": 0, "def": 31, "spa": 31, "spd": 31, "spe": 31}, "item": "Heavy-Duty Boots", "teraType": "Ground", "role": "Tera Blast user", "bvs": {"hp": 86, "atk": 76, "def": 86, "spa": 116, "spd": 56, "spe": 95}, "stats": {"hp": 275, "atk": 129, "def": 188, "spa": 237, "spd": 139, "spe": 203}, "types": ["Bug", "Flying"]}, "Iron Leaves": {"name": "Iron Leaves", "species": "Iron Leaves", "speciesId": "ironleaves", "gender": "N", "shiny": false, "level": 80, "moves": ["psyblade", "closecombat", "swordsdance", "leafblade"], "ability": "Quark Drive", "evs": {"hp": 85, "atk": 85, "def": 85, "spa": 85, "spd": 85, "spe": 85}, "ivs": {"hp": 31, "atk": 31, "def": 31, "spa": 31, "spd": 31, "spe": 31}, "item": "Life Orb", "teraType": "Fighting", "role": "Wallbreaker", "bvs": {"hp": 90, "atk": 130, "def": 88, "spa": 70, "spd": 108, "spe": 104}, "stats": {"hp": 275, "atk": 254, "def": 187, "spa": 158, "spd": 219, "spe": 213}, "types": ["Grass", "Psychic"]}, "Drednaw": {"name": "Drednaw", "species": "Drednaw", "speciesId": "drednaw", "gender": "F", "shiny": false, "level": 81, "moves": ["shellsmash", "stoneedge", "crunch", "liquidation"], "ability": "Strong Jaw", "evs": {"hp": 85, "atk": 85, "def": 85, "spa": 85, "spd": 85, "spe": 85}, "ivs": {"hp": 31, "atk": 31, "def": 31, "spa": 31, "spd": 31, "spe": 31}, "item": "White Herb", "teraType": "Dark", "role": "Setup Sweeper", "bvs": {"hp": 90, "atk": 115, "def": 90, "spa": 48, "spd": 68, "spe": 74}, "stats": {"hp": 278, "atk": 233, "def": 192, "spa": 124, "spd": 157, "spe": 167}, "types": ["Water", "Rock"]}, "Torterra": {"name": "Torterra", "species": "Torterra", "speciesId": "torterra", "gender": "M", "shiny": false, "level": 78, "moves": ["rockblast", "bulletseed", "headlongrush", "shellsmash"], "ability": "Overgrow", "evs": {"hp": 85, "atk": 85, "def": 85, "spa": 85, "spd": 85, "spe": 85}, "ivs": {"hp": 31, "atk": 31, "def": 31, "spa": 31, "spd": 31, "spe": 31}, "item": "Loaded Dice", "teraType": "Grass", "role": "Setup Sweeper", "bvs": {"hp": 95, "atk": 109, "def": 105, "spa": 75, "spd": 85, "spe": 56}, "stats": {"hp": 276, "atk": 215, "def": 209, "spa": 162, "spd": 178, "spe": 132}, "types": ["Grass", "Ground"]}}]}