{"id": "gen9randombattle-2641719505", "format": "[Gen 9] Random Battle", "players": ["Specialdie", "tj131"], "log": "|badge|p1|bronze|gen9randombattle|100-9\n|html|<div class=\"broadcast-red\"><strong>This battle is required to be public due to one or more player having a season medal.</strong><br />During the public phase, you can discuss the state of the ladder <a href=\"/seasondiscussion\">in a special chatroom.</a></div>\n|uhtml|medal-msg|<div class=\"broadcast-blue\">Curious what those medals under the avatar are? PS now has Ladder Seasons! For more information, check out the <a href=\"https://www.smogon.com/forums/threads/3740067/\">thread on Smogon.</a></div>\n|j|\u2606Specialdie\n|j|\u203dtj131\n|t:|1782833786\n|gametype|singles\n|player|p1|Specialdie|acetrainer-gen4dp|2272\n|player|p2|tj131|unknown|2260\n|gen|9\n|tier|[Gen 9] Random Battle\n|rated|\n|rule|Species Clause: Limit one of each Pok\u00e9mon\n|rule|HP Percentage Mod: HP is shown in percentages\n|rule|Sleep Clause Mod: Limit one foe put to sleep\n|rule|Illusion Level Mod: Illusion disguises the Pok\u00e9mon's true level\n|\n|t:|1782833786\n|teamsize|p1|6\n|teamsize|p2|6\n|start\n|switch|p1a: Dewgong|Dewgong, L94, M|322/322\n|switch|p2a: Skuntank|Skuntank, L84, F|310/310\n|turn|1\n|inactive|Battle timer is ON: inactive players will automatically lose when time's up. (requested by Specialdie)\n|inactive|tj131 has 120 seconds left.\n|\n|t:|1782833840\n|move|p2a: Skuntank|Gunk Shot|p1a: Dewgong\n|-damage|p1a: Dewgong|196/322\n|move|p1a: Dewgong|Knock Off|p2a: Skuntank\n|-resisted|p2a: Skuntank\n|-damage|p2a: Skuntank|270/310\n|-enditem|p2a: Skuntank|Assault Vest|[from] move: Knock Off|[of] p1a: Dewgong\n|\n|upkeep\n|turn|2\n|\n|t:|1782833851\n|switch|p1a: Rotom|Rotom, L88|231/231\n|move|p2a: Skuntank|Knock Off|p1a: Rotom\n|-supereffective|p1a: Rotom\n|-damage|p1a: Rotom|33/231\n|-enditem|p1a: Rotom|Choice Scarf|[from] move: Knock Off|[of] p2a: Skuntank\n|\n|upkeep\n|turn|3\n|\n|t:|1782833860\n|move|p2a: Skuntank|Sucker Punch|p1a: Rotom\n|-supereffective|p1a: Rotom\n|-damage|p1a: Rotom|0 fnt\n|faint|p1a: Rotom\n|\n|upkeep\n|\n|t:|1782833866\n|switch|p1a: Vileplume|Vileplume, L85, M|266/266\n|turn|4\n|\n|t:|1782833892\n|switch|p2a: Toucannon|Toucannon, L88, M|284/284\n|move|p1a: Vileplume|Sleep Powder|p2a: Toucannon\n|-status|p2a: Toucannon|slp|[from] move: Sleep Powder\n|\n|upkeep\n|turn|5\n|\n|t:|1782833899\n|switch|p1a: Dewgong|Dewgong, L94, M|196/322\n|-singleturn|p2a: Toucannon|move: Beak Blast\n|cant|p2a: Toucannon|slp\n|\n|upkeep\n|turn|6\n|\n|t:|1782833906\n|switch|p2a: Skuntank|Skuntank, L84, F|270/310\n|move|p1a: Dewgong|Surf|p2a: Skuntank\n|-damage|p2a: Skuntank|152/310\n|\n|upkeep\n|turn|7\n|\n|t:|1782833910\n|move|p2a: Skuntank|Gunk Shot|p1a: Dewgong\n|-damage|p1a: Dewgong|72/322\n|-status|p1a: Dewgong|psn\n|move|p1a: Dewgong|Surf|p2a: Skuntank\n|-damage|p2a: Skuntank|41/310\n|\n|-damage|p1a: Dewgong|32/322 psn|[from] psn\n|upkeep\n|turn|8\n|\n|t:|1782833921\n|move|p2a: Skuntank|Knock Off|p1a: Dewgong\n|-damage|p1a: Dewgong|0 fnt\n|-enditem|p1a: Dewgong|Assault Vest|[from] move: Knock Off|[of] p2a: Skuntank\n|faint|p1a: Dewgong\n|\n|upkeep\n|\n|t:|1782833931\n|switch|p1a: Vileplume|Vileplume, L85, M|266/266\n|turn|9\n|\n|t:|1782833946\n|move|p2a: Skuntank|Knock Off|p1a: Vileplume\n|-damage|p1a: Vileplume|160/266\n|-enditem|p1a: Vileplume|Leftovers|[from] move: Knock Off|[of] p2a: Skuntank\n|move|p1a: Vileplume|Sludge Bomb|p2a: Skuntank\n|-resisted|p2a: Skuntank\n|-damage|p2a: Skuntank|0 fnt\n|faint|p2a: Skuntank\n|\n|upkeep\n|inactive|tj131 has 120 seconds left.\n|\n|t:|1782833967\n|switch|p2a: Galvantula|Galvantula, L82, M|249/249\n|turn|10\n|\n|t:|1782833977\n|move|p2a: Galvantula|Bug Buzz|p1a: Vileplume\n|-damage|p1a: Vileplume|73/266\n|move|p1a: Vileplume|Sludge Bomb|p2a: Galvantula\n|-damage|p2a: Galvantula|98/249\n|\n|upkeep\n|turn|11\n|\n|t:|1782833983\n|move|p2a: Galvantula|Bug Buzz|p1a: Vileplume\n|-damage|p1a: Vileplume|0 fnt\n|faint|p1a: Vileplume\n|\n|upkeep\n|\n|t:|1782833986\n|switch|p1a: Weavile|Weavile, L79, F|239/239\n|turn|12\n|\n|t:|1782833998\n|move|p1a: Weavile|Triple Axel|p2a: Galvantula\n|-damage|p2a: Galvantula|56/249\n|-damage|p2a: Galvantula|0 fnt\n|faint|p2a: Galvantula\n|-hitcount|p2: Galvantula|2\n|\n|upkeep\n|\n|t:|1782834013\n|switch|p2a: Basculin|Basculin, L86, M|261/261\n|turn|13\n|\n|t:|1782834024\n|move|p1a: Weavile|Triple Axel|p2a: Basculin\n|-resisted|p2a: Basculin\n|-damage|p2a: Basculin|240/261\n|-resisted|p2a: Basculin\n|-damage|p2a: Basculin|201/261\n|-resisted|p2a: Basculin\n|-damage|p2a: Basculin|142/261\n|-hitcount|p2a: Basculin|3\n|move|p2a: Basculin|Flip Turn|p1a: Weavile\n|-damage|p1a: Weavile|57/239\n|\n|t:|1782834039\n|switch|p2a: Dewgong|Dewgong, L94, M|322/322|[from] Flip Turn\n|\n|upkeep\n|turn|14\n|\n|t:|1782834046\n|move|p1a: Weavile|Triple Axel|p2a: Dewgong\n|-resisted|p2a: Dewgong\n|-damage|p2a: Dewgong|318/322\n|-resisted|p2a: Dewgong\n|-damage|p2a: Dewgong|311/322\n|-resisted|p2a: Dewgong\n|-damage|p2a: Dewgong|299/322\n|-hitcount|p2a: Dewgong|3\n|move|p2a: Dewgong|Flip Turn|p1a: Weavile\n|-damage|p1a: Weavile|0 fnt\n|faint|p1a: Weavile\n|\n|t:|1782834051\n|switch|p2a: Basculin|Basculin, L86, M|142/261|[from] Flip Turn\n|\n|upkeep\n|\n|t:|1782834057\n|switch|p1a: Arceus|Arceus, L68|276/276\n|turn|15\n|\n|t:|1782834084\n|-terastallize|p2a: Basculin|Water\n|move|p1a: Arceus|Extreme Speed|p2a: Basculin\n|-damage|p2a: Basculin|41/261\n|-damage|p1a: Arceus|249/276|[from] item: Life Orb\n|move|p2a: Basculin|Wave Crash|p1a: Arceus\n|-damage|p1a: Arceus|0 fnt\n|faint|p1a: Arceus\n|-damage|p2a: Basculin|0 fnt|[from] Recoil\n|faint|p2a: Basculin\n|\n|upkeep\n|inactive|tj131 has 120 seconds left.\n|\n|t:|1782834095\n|switch|p2a: Sneasler|Sneasler, L74, M|240/240\n|switch|p1a: Bronzong|Bronzong, L88|261/261\n|turn|16\n|inactive|tj131 has 120 seconds left.\n|\n|t:|1782834106\n|-terastallize|p1a: Bronzong|Fighting\n|move|p2a: Sneasler|Close Combat|p1a: Bronzong\n|-damage|p1a: Bronzong|161/261\n|-unboost|p2a: Sneasler|def|1\n|-unboost|p2a: Sneasler|spd|1\n|-enditem|p2a: Sneasler|White Herb\n|-clearnegativeboost|p2a: Sneasler|[silent]\n|move|p1a: Bronzong|Iron Defense|p1a: Bronzong\n|-boost|p1a: Bronzong|def|2\n|\n|upkeep\n|turn|17\n|inactive|tj131 has 120 seconds left.\n|\n|t:|1782834128\n|move|p2a: Sneasler|Dire Claw|p1a: Bronzong\n|-damage|p1a: Bronzong|131/261\n|move|p1a: Bronzong|Iron Defense|p1a: Bronzong\n|-boost|p1a: Bronzong|def|2\n|\n|upkeep\n|turn|18\n|\n|t:|1782834140\n|move|p2a: Sneasler|Swords Dance|p2a: Sneasler\n|-boost|p2a: Sneasler|atk|2\n|move|p1a: Bronzong|Iron Defense|p1a: Bronzong\n|-boost|p1a: Bronzong|def|2\n|\n|upkeep\n|turn|19\n|\n|t:|1782834170\n|move|p2a: Sneasler|Swords Dance|p2a: Sneasler\n|-boost|p2a: Sneasler|atk|2\n|move|p1a: Bronzong|Body Press|p2a: Sneasler\n|-resisted|p2a: Sneasler\n|-damage|p2a: Sneasler|0 fnt\n|faint|p2a: Sneasler\n|\n|upkeep\n|\n|t:|1782834195\n|switch|p2a: Dewgong|Dewgong, L94, M|299/322\n|turn|20\n|\n|t:|1782834200\n|move|p2a: Dewgong|Knock Off|p1a: Bronzong\n|-resisted|p1a: Bronzong\n|-damage|p1a: Bronzong|125/261\n|-enditem|p1a: Bronzong|Chesto Berry|[from] move: Knock Off|[of] p2a: Dewgong\n|move|p1a: Bronzong|Body Press|p2a: Dewgong\n|-supereffective|p2a: Dewgong\n|-damage|p2a: Dewgong|0 fnt\n|faint|p2a: Dewgong\n|\n|upkeep\n|\n|t:|1782834203\n|switch|p2a: Toucannon|Toucannon, L88, M|284/284 slp\n|turn|21\n|c|\u2606Specialdie|gg\n|\n|t:|1782834208\n|cant|p2a: Toucannon|slp\n|move|p1a: Bronzong|Body Press|p2a: Toucannon\n|-damage|p2a: Toucannon|0 fnt\n|faint|p2a: Toucannon\n|\n|win|Specialdie\n", "inputlog": ">version f8ac14003a5f27e1bdc8d8c59608a773c1cb96e5\n>start {\"formatid\":\"gen9randombattle\",\"seed\":\"sodium,f0b0fa99021fa12c0e1890d8de7187b8\",\"rated\":\"Rated battle\"}\n>player p1 {\"name\":\"Specialdie\",\"avatar\":\"acetrainer-gen4dp\",\"rating\":2272,\"seed\":\"sodium,dc4e83fa93df5b31affff432c6ef940b\"}\n>player p2 {\"name\":\"tj131\",\"avatar\":\"unknown\",\"rating\":2260,\"seed\":\"sodium,05c88ea321d369c2f81600bd9400853b\"}\n>p1 move knockoff\n>p2 move gunkshot\n>p1 switch 3\n>p2 move knockoff\n>p1 move thunderbolt\n>p2 move suckerpunch\n>p1 switch 5\n>p1 move sleeppowder\n>p2 switch 4\n>p1 switch 3\n>p2 move beakblast\n>p1 move surf\n>p2 switch 4\n>p1 move surf\n>p2 move gunkshot\n>p1 move surf\n>p2 move knockoff\n>p1 switch 3\n>p1 move sludgebomb\n>p2 move knockoff\n>p2 switch 3\n>p1 move sludgebomb\n>p2 move bugbuzz\n>p1 move sludgebomb\n>p2 move bugbuzz\n>p1 switch 4\n>p1 move tripleaxel\n>p2 move bugbuzz\n>p2 switch 2\n>p1 move tripleaxel\n>p2 move flipturn\n>p2 switch 5\n>p1 move tripleaxel\n>p2 move flipturn\n>p2 switch 5\n>p1 switch 6\n>p1 move extremespeed\n>p2 move wavecrash terastallize\n>p1 switch 2\n>p2 switch 6\n>p1 move irondefense terastallize\n>p2 move closecombat\n>p1 move irondefense\n>p2 move direclaw\n>p1 move irondefense\n>p2 move swordsdance\n>p1 move bodypress\n>p2 move swordsdance\n>p2 switch 5\n>p1 move bodypress\n>p2 move knockoff\n>p2 switch 4\n>chat \u2606Specialdie|gg\n>p1 move bodypress\n>p2 move boomburst", "uploadtime": 1782833788, "views": 3, "formatid": "gen9randombattle", "rating": null, "private": 0, "password": null, "player_dets": [{"name": "Specialdie", "avatar": "acetrainer-gen4dp", "rating": 2272, "seed": "sodium,dc4e83fa93df5b31affff432c6ef940b"}, {"name": "tj131", "avatar": "unknown", "rating": 2260, "seed": "sodium,05c88ea321d369c2f81600bd9400853b"}], "teams_full": [{"Dewgong": {"name": "Dewgong", "species": "Dewgong", "speciesId": "dewgong", "gender": "M", "shiny": false, "level": 94, "moves": ["knockoff", "surf", "flipturn", "tripleaxel"], "ability": "Thick Fat", "evs": {"hp": 85, "atk": 85, "def": 85, "spa": 85, "spd": 85, "spe": 85}, "ivs": {"hp": 31, "atk": 31, "def": 31, "spa": 31, "spd": 31, "spe": 31}, "item": "Assault Vest", "teraType": "Poison", "role": "Bulky Attacker", "bvs": {"hp": 90, "atk": 70, "def": 80, "spa": 70, "spd": 95, "spe": 70}, "stats": {"hp": 322, "atk": 185, "def": 204, "spa": 185, "spd": 232, "spe": 185}, "types": ["Water", "Ice"]}, "Bronzong": {"name": "Bronzong", "species": "Bronzong", "speciesId": "bronzong", "gender": "N", "shiny": false, "level": 88, "moves": ["rest", "irondefense", "bodypress", "ironhead"], "ability": "Levitate", "evs": {"hp": 85, "atk": 85, "def": 85, "spa": 85, "spd": 85, "spe": 85}, "ivs": {"hp": 31, "atk": 31, "def": 31, "spa": 31, "spd": 31, "spe": 31}, "item": "Chesto Berry", "teraType": "Fighting", "role": "Bulky Setup", "bvs": {"hp": 67, "atk": 89, "def": 116, "spa": 79, "spd": 116, "spe": 33}, "stats": {"hp": 261, "atk": 207, "def": 254, "spa": 189, "spd": 254, "spe": 108}, "types": ["Steel", "Psychic"]}, "Rotom": {"name": "Rotom", "species": "Rotom", "speciesId": "rotom", "gender": "N", "shiny": false, "level": 88, "moves": ["trick", "voltswitch", "shadowball", "thunderbolt"], "ability": "Levitate", "evs": {"hp": 85, "atk": 0, "def": 85, "spa": 85, "spd": 85, "spe": 85}, "ivs": {"hp": 31, "atk": 0, "def": 31, "spa": 31, "spd": 31, "spe": 31}, "item": "Choice Scarf", "teraType": "Electric", "role": "Fast Attacker", "bvs": {"hp": 50, "atk": 50, "def": 77, "spa": 95, "spd": 77, "spe": 91}, "stats": {"hp": 231, "atk": 93, "def": 186, "spa": 217, "spd": 186, "spe": 210}, "types": ["Electric", "Ghost"]}, "Weavile": {"name": "Weavile", "species": "Weavile", "speciesId": "weavile", "gender": "F", "shiny": false, "level": 79, "moves": ["knockoff", "tripleaxel", "iceshard", "lowkick"], "ability": "Pickpocket", "evs": {"hp": 81, "atk": 85, "def": 85, "spa": 85, "spd": 85, "spe": 85}, "ivs": {"hp": 31, "atk": 31, "def": 31, "spa": 31, "spd": 31, "spe": 31}, "item": "Choice Band", "teraType": "Dark", "role": "Fast Attacker", "bvs": {"hp": 70, "atk": 120, "def": 65, "spa": 45, "spd": 85, "spe": 125}, "stats": {"hp": 239, "atk": 235, "def": 148, "spa": 117, "spd": 180, "spe": 243}, "types": ["Dark", "Ice"]}, "Vileplume": {"name": "Vileplume", "species": "Vileplume", "speciesId": "vileplume", "gender": "M", "shiny": false, "level": 85, "moves": ["sludgebomb", "strengthsap", "gigadrain", "sleeppowder"], "ability": "Effect Spore", "evs": {"hp": 85, "atk": 0, "def": 85, "spa": 85, "spd": 85, "spe": 85}, "ivs": {"hp": 31, "atk": 0, "def": 31, "spa": 31, "spd": 31, "spe": 31}, "item": "Leftovers", "teraType": "Water", "role": "Bulky Attacker", "bvs": {"hp": 75, "atk": 80, "def": 85, "spa": 110, "spd": 90, "spe": 50}, "stats": {"hp": 266, "atk": 141, "def": 193, "spa": 236, "spd": 202, "spe": 134}, "types": ["Grass", "Poison"]}, "Arceus": {"name": "Arceus", "species": "Arceus", "speciesId": "arceus", "gender": "N", "shiny": false, "level": 68, "moves": ["swordsdance", "earthquake", "extremespeed", "shadowclaw"], "ability": "Multitype", "evs": {"hp": 85, "atk": 85, "def": 85, "spa": 85, "spd": 85, "spe": 85}, "ivs": {"hp": 31, "atk": 31, "def": 31, "spa": 31, "spd": 31, "spe": 31}, "item": "Life Orb", "teraType": "Ghost", "role": "Fast Bulky Setup", "bvs": {"hp": 120, "atk": 120, "def": 120, "spa": 120, "spd": 120, "spe": 120}, "stats": {"hp": 276, "atk": 203, "def": 203, "spa": 203, "spd": 203, "spe": 203}, "types": ["Normal"]}}, {"Skuntank": {"name": "Skuntank", "species": "Skuntank", "speciesId": "skuntank", "gender": "F", "shiny": false, "level": 84, "moves": ["suckerpunch", "knockoff", "fireblast", "gunkshot"], "ability": "Aftermath", "evs": {"hp": 85, "atk": 85, "def": 85, "spa": 85, "spd": 85, "spe": 85}, "ivs": {"hp": 31, "atk": 31, "def": 31, "spa": 31, "spd": 31, "spe": 31}, "item": "Assault Vest", "teraType": "Dark", "role": "Fast Support", "bvs": {"hp": 103, "atk": 93, "def": 67, "spa": 71, "spd": 61, "spe": 84}, "stats": {"hp": 310, "atk": 204, "def": 161, "spa": 167, "spd": 151, "spe": 189}, "types": ["Poison", "Dark"]}, "Basculin": {"name": "Basculin", "species": "Basculin", "speciesId": "basculin", "gender": "M", "shiny": false, "level": 86, "moves": ["aquajet", "wavecrash", "flipturn", "doubleedge"], "ability": "Adaptability", "evs": {"hp": 85, "atk": 85, "def": 85, "spa": 85, "spd": 85, "spe": 85}, "ivs": {"hp": 31, "atk": 31, "def": 31, "spa": 31, "spd": 31, "spe": 31}, "item": "Choice Band", "teraType": "Water", "role": "Wallbreaker", "bvs": {"hp": 70, "atk": 92, "def": 65, "spa": 80, "spd": 55, "spe": 98}, "stats": {"hp": 261, "atk": 207, "def": 161, "spa": 187, "spd": 144, "spe": 218}, "types": ["Water"]}, "Galvantula": {"name": "Galvantula", "species": "Galvantula", "speciesId": "galvantula", "gender": "M", "shiny": false, "level": 82, "moves": ["voltswitch", "bugbuzz", "stickyweb", "thunder"], "ability": "Compound Eyes", "evs": {"hp": 85, "atk": 0, "def": 85, "spa": 85, "spd": 85, "spe": 85}, "ivs": {"hp": 31, "atk": 0, "def": 31, "spa": 31, "spd": 31, "spe": 31}, "item": "Heavy-Duty Boots", "teraType": "Electric", "role": "Fast Support", "bvs": {"hp": 70, "atk": 77, "def": 60, "spa": 97, "spd": 60, "spe": 108}, "stats": {"hp": 249, "atk": 131, "def": 146, "spa": 206, "spd": 146, "spe": 224}, "types": ["Bug", "Electric"]}, "Toucannon": {"name": "Toucannon", "species": "Toucannon", "speciesId": "toucannon", "gender": "M", "shiny": false, "level": 88, "moves": ["uturn", "beakblast", "boomburst", "roost"], "ability": "Keen Eye", "evs": {"hp": 85, "atk": 85, "def": 85, "spa": 85, "spd": 85, "spe": 85}, "ivs": {"hp": 31, "atk": 31, "def": 31, "spa": 31, "spd": 31, "spe": 31}, "item": "Heavy-Duty Boots", "teraType": "Steel", "role": "Bulky Support", "bvs": {"hp": 80, "atk": 120, "def": 75, "spa": 75, "spd": 75, "spe": 60}, "stats": {"hp": 284, "atk": 261, "def": 182, "spa": 182, "spd": 182, "spe": 156}, "types": ["Normal", "Flying"]}, "Dewgong": {"name": "Dewgong", "species": "Dewgong", "speciesId": "dewgong", "gender": "M", "shiny": false, "level": 94, "moves": ["flipturn", "knockoff", "surf", "tripleaxel"], "ability": "Thick Fat", "evs": {"hp": 85, "atk": 85, "def": 85, "spa": 85, "spd": 85, "spe": 85}, "ivs": {"hp": 31, "atk": 31, "def": 31, "spa": 31, "spd": 31, "spe": 31}, "item": "Assault Vest", "teraType": "Steel", "role": "Bulky Attacker", "bvs": {"hp": 90, "atk": 70, "def": 80, "spa": 70, "spd": 95, "spe": 70}, "stats": {"hp": 322, "atk": 185, "def": 204, "spa": 185, "spd": 232, "spe": 185}, "types": ["Water", "Ice"]}, "Sneasler": {"name": "Sneasler", "species": "Sneasler", "speciesId": "sneasler", "gender": "M", "shiny": false, "level": 74, "moves": ["acrobatics", "swordsdance", "direclaw", "closecombat"], "ability": "Unburden", "evs": {"hp": 85, "atk": 85, "def": 85, "spa": 85, "spd": 85, "spe": 85}, "ivs": {"hp": 31, "atk": 31, "def": 31, "spa": 31, "spd": 31, "spe": 31}, "item": "White Herb", "teraType": "Flying", "role": "Setup Sweeper", "bvs": {"hp": 80, "atk": 130, "def": 60, "spa": 40, "spd": 80, "spe": 120}, "stats": {"hp": 240, "atk": 235, "def": 132, "spa": 102, "spd": 161, "spe": 221}, "types": ["Fighting", "Poison"]}}]}