{"id": "gen9randombattle-2641547928", "format": "[Gen 9] Random Battle", "players": ["bakavelique", "kroolkong"], "log": "|j|\u2606bakavelique\n|j|\u2606kroolkong\n|t:|1782805476\n|gametype|singles\n|player|p1|bakavelique|2|1947\n|player|p2|kroolkong|dawn|1977\n|gen|9\n|tier|[Gen 9] Random Battle\n|rated|\n|rule|Species Clause: Limit one of each Pok\u00e9mon\n|rule|HP Percentage Mod: HP is shown in percentages\n|rule|Sleep Clause Mod: Limit one foe put to sleep\n|rule|Illusion Level Mod: Illusion disguises the Pok\u00e9mon's true level\n|\n|t:|1782805476\n|teamsize|p1|6\n|teamsize|p2|6\n|start\n|switch|p1a: Brambleghast|Brambleghast, L88, M|240/240\n|switch|p2a: Gyarados|Gyarados, L79, F|280/280\n|turn|1\n|inactive|Battle timer is ON: inactive players will automatically lose when time's up. (requested by kroolkong)\n|\n|t:|1782805488\n|switch|p2a: Camerupt|Camerupt, L91, M|275/275\n|move|p1a: Brambleghast|Poltergeist|p2a: Camerupt\n|-activate|p2a: Camerupt|move: Poltergeist|Leftovers\n|-damage|p2a: Camerupt|124/275\n|\n|-heal|p2a: Camerupt|141/275|[from] item: Leftovers\n|upkeep\n|turn|2\n|\n|t:|1782805495\n|move|p1a: Brambleghast|Poltergeist|p2a: Camerupt\n|-activate|p2a: Camerupt|move: Poltergeist|Leftovers\n|-damage|p2a: Camerupt|0 fnt\n|faint|p2a: Camerupt\n|\n|upkeep\n|\n|t:|1782805517\n|switch|p2a: Slither Wing|Slither Wing, L81|270/270\n|-enditem|p2a: Slither Wing|Booster Energy\n|-activate|p2a: Slither Wing|ability: Protosynthesis|[fromitem]\n|-start|p2a: Slither Wing|protosynthesisatk\n|turn|3\n|\n|t:|1782805528\n|move|p1a: Brambleghast|Poltergeist||[still]\n|-fail|p1a: Brambleghast\n|move|p2a: Slither Wing|Acrobatics|p1a: Brambleghast\n|-supereffective|p1a: Brambleghast\n|-damage|p1a: Brambleghast|0 fnt\n|faint|p1a: Brambleghast\n|\n|upkeep\n|\n|t:|1782805547\n|switch|p1a: Haxorus|Haxorus, L77, M|244/244\n|-ability|p1a: Haxorus|Mold Breaker\n|turn|4\n|\n|t:|1782805559\n|switch|p1a: Sunflora|Sunflora, M|312/312\n|move|p2a: Slither Wing|Acrobatics|p1a: Sunflora\n|-supereffective|p1a: Sunflora\n|-damage|p1a: Sunflora|20/312\n|\n|upkeep\n|turn|5\n|\n|t:|1782805568\n|move|p2a: Slither Wing|Acrobatics|p1a: Sunflora\n|-supereffective|p1a: Sunflora\n|-damage|p1a: Sunflora|0 fnt\n|faint|p1a: Sunflora\n|\n|upkeep\n|\n|t:|1782805570\n|switch|p1a: Haxorus|Haxorus, L77, M|244/244\n|-ability|p1a: Haxorus|Mold Breaker\n|turn|6\n|\n|t:|1782805574\n|move|p1a: Haxorus|Dragon Dance|p1a: Haxorus\n|-boost|p1a: Haxorus|atk|1\n|-boost|p1a: Haxorus|spe|1\n|move|p2a: Slither Wing|Acrobatics|p1a: Haxorus\n|-damage|p1a: Haxorus|123/244\n|\n|upkeep\n|turn|7\n|\n|t:|1782805578\n|move|p1a: Haxorus|Outrage|p2a: Slither Wing\n|-damage|p2a: Slither Wing|36/270\n|move|p2a: Slither Wing|Close Combat|p1a: Haxorus\n|-crit|p1a: Haxorus\n|-damage|p1a: Haxorus|0 fnt\n|-unboost|p2a: Slither Wing|def|1\n|-unboost|p2a: Slither Wing|spd|1\n|faint|p1a: Haxorus\n|\n|upkeep\n|\n|t:|1782805583\n|switch|p1a: Passimian|Passimian, L83, F|302/302\n|turn|8\n|\n|t:|1782805589\n|move|p1a: Passimian|Knock Off|p2a: Slither Wing\n|-resisted|p2a: Slither Wing\n|-damage|p2a: Slither Wing|0 fnt\n|faint|p2a: Slither Wing\n|-end|p2a: Slither Wing|Protosynthesis|[silent]\n|\n|upkeep\n|\n|t:|1782805605\n|switch|p2a: Delibird|Delibird, M|252/252\n|turn|9\n|\n|t:|1782805608\n|move|p1a: Passimian|Knock Off|p2a: Delibird\n|-damage|p2a: Delibird|143/252\n|-enditem|p2a: Delibird|Heavy-Duty Boots|[from] move: Knock Off|[of] p1a: Passimian\n|move|p2a: Delibird|Brave Bird|p1a: Passimian\n|-supereffective|p1a: Passimian\n|-damage|p1a: Passimian|68/302\n|-damage|p2a: Delibird|66/252|[from] Recoil\n|\n|upkeep\n|turn|10\n|\n|t:|1782805616\n|move|p1a: Passimian|Knock Off|p2a: Delibird\n|-damage|p2a: Delibird|0 fnt\n|faint|p2a: Delibird\n|\n|upkeep\n|\n|t:|1782805630\n|switch|p2a: Gyarados|Gyarados, L79, F|280/280\n|turn|11\n|\n|t:|1782805638\n|switch|p1a: Gastrodon|Gastrodon, L86, F|331/331\n|move|p2a: Gyarados|Waterfall|p1a: Gastrodon\n|-ability|p1a: Gastrodon|Storm Drain|boost\n|-boost|p1a: Gastrodon|spa|1\n|\n|upkeep\n|turn|12\n|\n|t:|1782805646\n|switch|p2a: Piloswine|Piloswine, L85, M|309/309\n|move|p1a: Gastrodon|Sludge Bomb|p2a: Piloswine\n|-resisted|p2a: Piloswine\n|-damage|p2a: Piloswine|269/309\n|\n|upkeep\n|turn|13\n|\n|t:|1782805651\n|move|p1a: Gastrodon|Surf|p2a: Piloswine\n|-supereffective|p2a: Piloswine\n|-damage|p2a: Piloswine|41/309\n|move|p2a: Piloswine|Roar|p1a: Gastrodon\n|drag|p1a: Sylveon|Sylveon, L85, F|300/300\n|\n|upkeep\n|turn|14\n|\n|t:|1782805659\n|move|p1a: Sylveon|Hyper Voice|p2a: Piloswine\n|-damage|p2a: Piloswine|0 fnt\n|faint|p2a: Piloswine\n|\n|upkeep\n|\n|t:|1782805662\n|switch|p2a: Greninja|Greninja, L80, M|246/246\n|turn|15\n|\n|t:|1782805666\n|move|p1a: Sylveon|Protect|p1a: Sylveon\n|-singleturn|p1a: Sylveon|Protect\n|move|p2a: Greninja|Gunk Shot|p1a: Sylveon\n|-activate|p1a: Sylveon|move: Protect\n|\n|upkeep\n|turn|16\n|\n|t:|1782805673\n|switch|p1a: Gastrodon|Gastrodon, L86, F|331/331\n|move|p2a: Greninja|Hydro Pump|p1a: Gastrodon\n|-ability|p1a: Gastrodon|Storm Drain|boost\n|-boost|p1a: Gastrodon|spa|1\n|\n|upkeep\n|turn|17\n|-message|kroolkong forfeited.\n|\n|win|bakavelique\n", "inputlog": ">version f8ac14003a5f27e1bdc8d8c59608a773c1cb96e5\n>start {\"formatid\":\"gen9randombattle\",\"seed\":\"sodium,cd3f228e09373b9a21585ea62c94442d\",\"rated\":\"Rated battle\"}\n>player p1 {\"name\":\"bakavelique\",\"avatar\":\"2\",\"rating\":1947,\"seed\":\"sodium,be3bdfc7ff0ff8c5c99d0b8d0a7f8e5d\"}\n>player p2 {\"name\":\"kroolkong\",\"avatar\":\"dawn\",\"rating\":1977,\"seed\":\"sodium,0c93dd002dcf9691522ce02e27740f43\"}\n>p1 move poltergeist\n>p2 switch 3\n>p1 move poltergeist\n>p2 move willowisp\n>p2 switch 6\n>p1 move poltergeist\n>p2 move acrobatics\n>p1 switch 2\n>p1 switch 3\n>p2 move acrobatics\n>p1 move dazzlinggleam\n>p2 move acrobatics\n>p1 switch 3\n>p1 move dragondance\n>p2 move acrobatics\n>p1 move outrage\n>p2 move closecombat\n>p1 switch 4\n>p1 move knockoff\n>p2 move acrobatics\n>p2 switch 5\n>p1 move knockoff\n>p2 move bravebird\n>p1 move knockoff\n>p2 move rapidspin\n>p2 switch 3\n>p1 switch 5\n>p2 move waterfall\n>p1 move sludgebomb\n>p2 switch 2\n>p1 move surf\n>p2 move roar\n>p1 move hypervoice\n>p2 move iciclecrash\n>p2 switch 4\n>p1 move protect\n>p2 move gunkshot\n>p1 switch 6\n>p2 move hydropump\n>forcelose p2", "uploadtime": 1782805477, "views": 5, "formatid": "gen9randombattle", "rating": null, "private": 0, "password": null, "player_dets": [{"name": "bakavelique", "avatar": "2", "rating": 1947, "seed": "sodium,be3bdfc7ff0ff8c5c99d0b8d0a7f8e5d"}, {"name": "kroolkong", "avatar": "dawn", "rating": 1977, "seed": "sodium,0c93dd002dcf9691522ce02e27740f43"}], "teams_full": [{"Brambleghast": {"name": "Brambleghast", "species": "Brambleghast", "speciesId": "brambleghast", "gender": "M", "shiny": false, "level": 88, "moves": ["poltergeist", "rapidspin", "powerwhip", "strengthsap"], "ability": "Wind Rider", "evs": {"hp": 85, "atk": 85, "def": 85, "spa": 85, "spd": 85, "spe": 85}, "ivs": {"hp": 31, "atk": 31, "def": 31, "spa": 31, "spd": 31, "spe": 31}, "item": "Heavy-Duty Boots", "teraType": "Fairy", "role": "Fast Support", "bvs": {"hp": 55, "atk": 115, "def": 70, "spa": 80, "spd": 70, "spe": 90}, "stats": {"hp": 240, "atk": 253, "def": 173, "spa": 191, "spd": 173, "spe": 209}, "types": ["Grass", "Ghost"]}, "Haxorus": {"name": "Haxorus", "species": "Haxorus", "speciesId": "haxorus", "gender": "M", "shiny": false, "level": 77, "moves": ["closecombat", "ironhead", "outrage", "dragondance"], "ability": "Mold Breaker", "evs": {"hp": 85, "atk": 85, "def": 85, "spa": 85, "spd": 85, "spe": 85}, "ivs": {"hp": 31, "atk": 31, "def": 31, "spa": 31, "spd": 31, "spe": 31}, "item": "Lum Berry", "teraType": "Steel", "role": "Setup Sweeper", "bvs": {"hp": 76, "atk": 147, "def": 90, "spa": 60, "spd": 70, "spe": 97}, "stats": {"hp": 244, "atk": 271, "def": 183, "spa": 137, "spd": 152, "spe": 194}, "types": ["Dragon"]}, "Sunflora": {"name": "Sunflora", "species": "Sunflora", "speciesId": "sunflora", "gender": "M", "shiny": false, "level": 100, "moves": ["sludgebomb", "earthpower", "dazzlinggleam", "leafstorm"], "ability": "Chlorophyll", "evs": {"hp": 85, "atk": 0, "def": 85, "spa": 85, "spd": 85, "spe": 85}, "ivs": {"hp": 31, "atk": 0, "def": 31, "spa": 31, "spd": 31, "spe": 31}, "item": "Choice Specs", "teraType": "Ground", "role": "Wallbreaker", "bvs": {"hp": 75, "atk": 75, "def": 55, "spa": 105, "spd": 85, "spe": 30}, "stats": {"hp": 312, "atk": 155, "def": 167, "spa": 267, "spd": 227, "spe": 117}, "types": ["Grass"]}, "Passimian": {"name": "Passimian", "species": "Passimian", "speciesId": "passimian", "gender": "F", "shiny": false, "level": 83, "moves": ["gunkshot", "closecombat", "earthquake", "knockoff"], "ability": "Defiant", "evs": {"hp": 85, "atk": 85, "def": 85, "spa": 85, "spd": 85, "spe": 85}, "ivs": {"hp": 31, "atk": 31, "def": 31, "spa": 31, "spd": 31, "spe": 31}, "item": "Choice Scarf", "teraType": "Fighting", "role": "Fast Attacker", "bvs": {"hp": 100, "atk": 120, "def": 90, "spa": 40, "spd": 60, "spe": 80}, "stats": {"hp": 302, "atk": 247, "def": 197, "spa": 114, "spd": 147, "spe": 180}, "types": ["Fighting"]}, "Gastrodon": {"name": "Gastrodon", "species": "Gastrodon", "speciesId": "gastrodon", "gender": "F", "shiny": false, "level": 86, "moves": ["sludgebomb", "earthquake", "recover", "surf"], "ability": "Storm Drain", "evs": {"hp": 85, "atk": 85, "def": 85, "spa": 85, "spd": 85, "spe": 85}, "ivs": {"hp": 31, "atk": 31, "def": 31, "spa": 31, "spd": 31, "spe": 31}, "item": "Leftovers", "teraType": "Poison", "role": "Bulky Support", "bvs": {"hp": 111, "atk": 83, "def": 68, "spa": 92, "spd": 82, "spe": 39}, "stats": {"hp": 331, "atk": 192, "def": 166, "spa": 207, "spd": 190, "spe": 116}, "types": ["Water", "Ground"]}, "Sylveon": {"name": "Sylveon", "species": "Sylveon", "speciesId": "sylveon", "gender": "F", "shiny": false, "level": 85, "moves": ["hypervoice", "wish", "protect", "calmmind"], "ability": "Pixilate", "evs": {"hp": 85, "atk": 0, "def": 85, "spa": 85, "spd": 85, "spe": 85}, "ivs": {"hp": 31, "atk": 0, "def": 31, "spa": 31, "spd": 31, "spe": 31}, "item": "Leftovers", "teraType": "Steel", "role": "Bulky Setup", "bvs": {"hp": 95, "atk": 65, "def": 65, "spa": 110, "spd": 130, "spe": 60}, "stats": {"hp": 300, "atk": 115, "def": 159, "spa": 236, "spd": 270, "spe": 151}, "types": ["Fairy"]}}, {"Gyarados": {"name": "Gyarados", "species": "Gyarados", "speciesId": "gyarados", "gender": "F", "shiny": false, "level": 79, "moves": ["waterfall", "terablast", "earthquake", "dragondance"], "ability": "Moxie", "evs": {"hp": 85, "atk": 85, "def": 85, "spa": 85, "spd": 85, "spe": 85}, "ivs": {"hp": 31, "atk": 31, "def": 31, "spa": 31, "spd": 31, "spe": 31}, "item": "Heavy-Duty Boots", "teraType": "Flying", "role": "Tera Blast user", "bvs": {"hp": 95, "atk": 125, "def": 79, "spa": 60, "spd": 100, "spe": 81}, "stats": {"hp": 280, "atk": 243, "def": 170, "spa": 140, "spd": 204, "spe": 174}, "types": ["Water", "Flying"]}, "Piloswine": {"name": "Piloswine", "species": "Piloswine", "speciesId": "piloswine", "gender": "M", "shiny": false, "level": 85, "moves": ["roar", "iciclecrash", "iceshard", "earthquake"], "ability": "Thick Fat", "evs": {"hp": 85, "atk": 85, "def": 85, "spa": 85, "spd": 85, "spe": 85}, "ivs": {"hp": 31, "atk": 31, "def": 31, "spa": 31, "spd": 31, "spe": 31}, "item": "Eviolite", "teraType": "Poison", "role": "Bulky Support", "bvs": {"hp": 100, "atk": 100, "def": 80, "spa": 60, "spd": 60, "spe": 50}, "stats": {"hp": 309, "atk": 219, "def": 185, "spa": 151, "spd": 151, "spe": 134}, "types": ["Ice", "Ground"]}, "Camerupt": {"name": "Camerupt", "species": "Camerupt", "speciesId": "camerupt", "gender": "M", "shiny": false, "level": 91, "moves": ["overheat", "earthquake", "willowisp", "stealthrock"], "ability": "Solid Rock", "evs": {"hp": 85, "atk": 85, "def": 85, "spa": 85, "spd": 85, "spe": 85}, "ivs": {"hp": 31, "atk": 31, "def": 31, "spa": 31, "spd": 31, "spe": 31}, "item": "Leftovers", "teraType": "Grass", "role": "Bulky Support", "bvs": {"hp": 70, "atk": 100, "def": 70, "spa": 105, "spd": 75, "spe": 40}, "stats": {"hp": 275, "atk": 234, "def": 179, "spa": 243, "spd": 188, "spe": 125}, "types": ["Fire", "Ground"]}, "Greninja": {"name": "Greninja", "species": "Greninja-Bond", "speciesId": "greninjabond", "gender": "M", "shiny": false, "level": 80, "moves": ["icebeam", "hydropump", "darkpulse", "gunkshot"], "ability": "Battle Bond", "evs": {"hp": 85, "atk": 85, "def": 85, "spa": 85, "spd": 85, "spe": 85}, "ivs": {"hp": 31, "atk": 31, "def": 31, "spa": 31, "spd": 31, "spe": 31}, "item": "Life Orb", "teraType": "Water", "role": "Fast Attacker", "bvs": {"hp": 72, "atk": 95, "def": 67, "spa": 103, "spd": 71, "spe": 122}, "stats": {"hp": 246, "atk": 198, "def": 153, "spa": 211, "spd": 160, "spe": 241}, "types": ["Water", "Dark"]}, "Delibird": {"name": "Delibird", "species": "Delibird", "speciesId": "delibird", "gender": "M", "shiny": false, "level": 100, "moves": ["freezedry", "bravebird", "spikes", "rapidspin"], "ability": "Insomnia", "evs": {"hp": 85, "atk": 85, "def": 85, "spa": 85, "spd": 85, "spe": 85}, "ivs": {"hp": 31, "atk": 31, "def": 31, "spa": 31, "spd": 31, "spe": 31}, "item": "Heavy-Duty Boots", "teraType": "Ghost", "role": "Fast Support", "bvs": {"hp": 45, "atk": 55, "def": 45, "spa": 65, "spd": 45, "spe": 75}, "stats": {"hp": 252, "atk": 167, "def": 147, "spa": 187, "spd": 147, "spe": 207}, "types": ["Ice", "Flying"]}, "Slither Wing": {"name": "Slither Wing", "species": "Slither Wing", "speciesId": "slitherwing", "gender": "N", "shiny": false, "level": 81, "moves": ["closecombat", "bulkup", "acrobatics", "wildcharge"], "ability": "Protosynthesis", "evs": {"hp": 85, "atk": 85, "def": 85, "spa": 85, "spd": 85, "spe": 85}, "ivs": {"hp": 31, "atk": 31, "def": 31, "spa": 31, "spd": 31, "spe": 31}, "item": "Booster Energy", "teraType": "Flying", "role": "Fast Bulky Setup", "bvs": {"hp": 85, "atk": 135, "def": 79, "spa": 85, "spd": 105, "spe": 81}, "stats": {"hp": 270, "atk": 265, "def": 175, "spa": 184, "spd": 217, "spe": 178}, "types": ["Bug", "Fighting"]}}]}