{"id": "gen9randombattle-2641187246", "format": "[Gen 9] Random Battle", "players": ["Smart Gas", "whaleslord"], "log": "|j|\u2606Smart Gas\n|j|\u2606whaleslord\n|t:|1782751216\n|gametype|singles\n|player|p1|Smart Gas|clavell-s|1901\n|player|p2|whaleslord|marlon|1952\n|gen|9\n|tier|[Gen 9] Random Battle\n|rated|\n|rule|Species Clause: Limit one of each Pok\u00e9mon\n|rule|HP Percentage Mod: HP is shown in percentages\n|rule|Sleep Clause Mod: Limit one foe put to sleep\n|rule|Illusion Level Mod: Illusion disguises the Pok\u00e9mon's true level\n|\n|t:|1782751216\n|teamsize|p1|6\n|teamsize|p2|6\n|start\n|switch|p1a: Ursaluna|Ursaluna-Bloodmoon, L79, M|308/308\n|switch|p2a: Flygon|Flygon, L82, M|265/265\n|turn|1\n|inactive|Battle timer is ON: inactive players will automatically lose when time's up. (requested by Smart Gas)\n|\n|t:|1782751236\n|switch|p1a: Houndstone|Houndstone, L86, M|264/264\n|move|p2a: Flygon|U-turn|p1a: Houndstone\n|-resisted|p1a: Houndstone\n|-crit|p1a: Houndstone\n|-damage|p1a: Houndstone|242/264\n|\n|t:|1782751250\n|switch|p2a: Regigigas|Regigigas, L84|322/322|[from] U-turn\n|-start|p2a: Regigigas|ability: Slow Start\n|\n|upkeep\n|turn|2\n|\n|t:|1782751269\n|move|p1a: Houndstone|Body Press|p2a: Regigigas\n|-supereffective|p2a: Regigigas\n|-damage|p2a: Regigigas|218/322\n|move|p2a: Regigigas|Knock Off|p1a: Houndstone\n|-supereffective|p1a: Houndstone\n|-damage|p1a: Houndstone|198/264\n|-enditem|p1a: Houndstone|Assault Vest|[from] move: Knock Off|[of] p2a: Regigigas\n|\n|-heal|p2a: Regigigas|238/322|[from] item: Leftovers\n|upkeep\n|turn|3\n|\n|t:|1782751280\n|move|p1a: Houndstone|Body Press|p2a: Regigigas\n|-supereffective|p2a: Regigigas\n|-crit|p2a: Regigigas\n|-damage|p2a: Regigigas|76/322\n|move|p2a: Regigigas|Knock Off|p1a: Houndstone\n|-supereffective|p1a: Houndstone\n|-damage|p1a: Houndstone|167/264\n|\n|-heal|p2a: Regigigas|96/322|[from] item: Leftovers\n|upkeep\n|turn|4\n|inactive|whaleslord has 120 seconds left.\n|\n|t:|1782751315\n|switch|p2a: Braviary|Braviary-Hisui, L85, M|326/326\n|move|p1a: Houndstone|Body Press|p2a: Braviary\n|-resisted|p2a: Braviary\n|-damage|p2a: Braviary|308/326\n|\n|upkeep\n|turn|5\n|\n|t:|1782751344\n|switch|p2a: Regigigas|Regigigas, L84|96/322\n|-start|p2a: Regigigas|ability: Slow Start\n|move|p1a: Houndstone|Shadow Sneak|p2a: Regigigas\n|-immune|p2a: Regigigas\n|\n|-heal|p2a: Regigigas|116/322|[from] item: Leftovers\n|upkeep\n|turn|6\n|\n|t:|1782751348\n|move|p1a: Houndstone|Body Press|p2a: Regigigas\n|-supereffective|p2a: Regigigas\n|-damage|p2a: Regigigas|16/322\n|move|p2a: Regigigas|Rest|p2a: Regigigas\n|-status|p2a: Regigigas|slp|[from] move: Rest\n|-heal|p2a: Regigigas|322/322 slp|[silent]\n|\n|upkeep\n|turn|7\n|\n|t:|1782751354\n|move|p1a: Houndstone|Body Press|p2a: Regigigas\n|-supereffective|p2a: Regigigas\n|-damage|p2a: Regigigas|218/322 slp\n|cant|p2a: Regigigas|slp\n|move|p2a: Regigigas|Sleep Talk|p2a: Regigigas\n|move|p2a: Regigigas|Knock Off|p1a: Houndstone|[from] move: Sleep Talk\n|-supereffective|p1a: Houndstone\n|-damage|p1a: Houndstone|134/264\n|\n|-heal|p2a: Regigigas|238/322 slp|[from] item: Leftovers\n|upkeep\n|turn|8\n|\n|t:|1782751358\n|move|p1a: Houndstone|Body Press|p2a: Regigigas\n|-supereffective|p2a: Regigigas\n|-damage|p2a: Regigigas|134/322 slp\n|cant|p2a: Regigigas|slp\n|move|p2a: Regigigas|Sleep Talk|p2a: Regigigas\n|move|p2a: Regigigas|Rest||[from] move: Sleep Talk|[still]\n|-fail|p2a: Regigigas\n|\n|-heal|p2a: Regigigas|154/322 slp|[from] item: Leftovers\n|upkeep\n|turn|9\n|\n|t:|1782751363\n|move|p1a: Houndstone|Body Press|p2a: Regigigas\n|-supereffective|p2a: Regigigas\n|-damage|p2a: Regigigas|54/322 slp\n|-curestatus|p2a: Regigigas|slp|[msg]\n|move|p2a: Regigigas|Rest|p2a: Regigigas\n|-status|p2a: Regigigas|slp|[from] move: Rest\n|-heal|p2a: Regigigas|322/322 slp|[silent]\n|\n|upkeep\n|turn|10\n|\n|t:|1782751367\n|switch|p1a: Quaquaval|Quaquaval, L79, M|264/264\n|cant|p2a: Regigigas|slp\n|move|p2a: Regigigas|Sleep Talk|p2a: Regigigas\n|move|p2a: Regigigas|Knock Off|p1a: Quaquaval|[from] move: Sleep Talk\n|-resisted|p1a: Quaquaval\n|-damage|p1a: Quaquaval|237/264\n|-enditem|p1a: Quaquaval|Life Orb|[from] move: Knock Off|[of] p2a: Regigigas\n|\n|-end|p2a: Regigigas|Slow Start\n|upkeep\n|turn|11\n|\n|t:|1782751392\n|switch|p2a: Braviary|Braviary-Hisui, L85, M|308/326\n|move|p1a: Quaquaval|Aqua Step|p2a: Braviary\n|-damage|p2a: Braviary|200/326\n|-boost|p1a: Quaquaval|spe|1\n|\n|upkeep\n|turn|12\n|\n|t:|1782751405\n|switch|p1a: Houndstone|Houndstone, L86, M|134/264\n|move|p2a: Braviary|Esper Wing|p1a: Houndstone\n|-damage|p1a: Houndstone|46/264\n|-boost|p2a: Braviary|spe|1\n|\n|upkeep\n|turn|13\n|\n|t:|1782751415\n|move|p1a: Houndstone|Shadow Sneak|p2a: Braviary\n|-supereffective|p2a: Braviary\n|-damage|p2a: Braviary|98/326\n|move|p2a: Braviary|Esper Wing|p1a: Houndstone\n|-damage|p1a: Houndstone|0 fnt\n|-boost|p2a: Braviary|spe|1\n|faint|p1a: Houndstone\n|\n|upkeep\n|\n|t:|1782751423\n|switch|p1a: Espathra|Espathra, L80, M|283/283\n|turn|14\n|\n|t:|1782751448\n|move|p2a: Braviary|Roost|p2a: Braviary\n|-heal|p2a: Braviary|261/326\n|-singleturn|p2a: Braviary|move: Roost\n|move|p1a: Espathra|Shadow Ball|p2a: Braviary\n|-supereffective|p2a: Braviary\n|-damage|p2a: Braviary|69/326\n|\n|-ability|p1a: Espathra|Speed Boost|boost\n|-boost|p1a: Espathra|spe|1\n|upkeep\n|turn|15\n|\n|t:|1782751467\n|switch|p2a: Regigigas|Regigigas, L84|322/322 slp\n|-start|p2a: Regigigas|ability: Slow Start\n|move|p1a: Espathra|Shadow Ball|p2a: Regigigas\n|-immune|p2a: Regigigas\n|\n|-ability|p1a: Espathra|Speed Boost|boost\n|-boost|p1a: Espathra|spe|1\n|upkeep\n|turn|16\n|\n|t:|1782751476\n|switch|p1a: Quaquaval|Quaquaval, L79, M|237/264\n|cant|p2a: Regigigas|slp\n|move|p2a: Regigigas|Sleep Talk|p2a: Regigigas\n|move|p2a: Regigigas|Rest||[from] move: Sleep Talk|[still]\n|-fail|p2a: Regigigas\n|\n|upkeep\n|turn|17\n|\n|t:|1782751493\n|move|p1a: Quaquaval|Knock Off|p2a: Regigigas\n|-damage|p2a: Regigigas|266/322 slp\n|-enditem|p2a: Regigigas|Leftovers|[from] move: Knock Off|[of] p1a: Quaquaval\n|-curestatus|p2a: Regigigas|slp|[msg]\n|move|p2a: Regigigas|Body Slam|p1a: Quaquaval\n|-damage|p1a: Quaquaval|156/264\n|-status|p1a: Quaquaval|par\n|\n|upkeep\n|turn|18\n|\n|t:|1782751507\n|move|p2a: Regigigas|Body Slam|p1a: Quaquaval\n|-damage|p1a: Quaquaval|84/264 par\n|move|p1a: Quaquaval|Close Combat|p2a: Regigigas\n|-supereffective|p2a: Regigigas\n|-damage|p2a: Regigigas|32/322\n|-unboost|p1a: Quaquaval|def|1\n|-unboost|p1a: Quaquaval|spd|1\n|\n|upkeep\n|turn|19\n|\n|t:|1782751514\n|move|p2a: Regigigas|Rest|p2a: Regigigas\n|-status|p2a: Regigigas|slp|[from] move: Rest\n|-heal|p2a: Regigigas|322/322 slp|[silent]\n|move|p1a: Quaquaval|Aqua Step|p2a: Regigigas\n|-damage|p2a: Regigigas|247/322 slp\n|-boost|p1a: Quaquaval|spe|1\n|\n|upkeep\n|turn|20\n|\n|t:|1782751521\n|move|p1a: Quaquaval|Close Combat|p2a: Regigigas\n|-supereffective|p2a: Regigigas\n|-damage|p2a: Regigigas|29/322 slp\n|-unboost|p1a: Quaquaval|def|1\n|-unboost|p1a: Quaquaval|spd|1\n|cant|p2a: Regigigas|slp\n|move|p2a: Regigigas|Sleep Talk|p2a: Regigigas\n|move|p2a: Regigigas|Body Slam|p1a: Quaquaval|[from] move: Sleep Talk\n|-damage|p1a: Quaquaval|0 fnt\n|faint|p1a: Quaquaval\n|\n|-end|p2a: Regigigas|Slow Start\n|upkeep\n|\n|t:|1782751528\n|switch|p1a: Thundurus|Thundurus, L80, M|258/258\n|turn|21\n|\n|t:|1782751535\n|move|p1a: Thundurus|U-turn|p2a: Regigigas\n|-damage|p2a: Regigigas|0 fnt\n|faint|p2a: Regigigas\n|-end|p2a: Regigigas|Slow Start|[silent]\n|\n|t:|1782751538\n|switch|p1a: Espathra|Espathra, L80, M|283/283|[from] U-turn\n|\n|upkeep\n|\n|t:|1782751543\n|switch|p2a: Inteleon|Inteleon, L81, F|246/246\n|turn|22\n|inactive|Smart Gas has 120 seconds left.\n|\n|t:|1782751575\n|switch|p1a: Floatzel|Floatzel, L86, M|286/286\n|move|p2a: Inteleon|U-turn|p1a: Floatzel\n|-damage|p1a: Floatzel|228/286\n|inactive|whaleslord has 120 seconds left.\n|\n|t:|1782751607\n|switch|p2a: Leafeon|Leafeon, L88, M|258/258|[from] U-turn\n|\n|-heal|p1a: Floatzel|245/286|[from] item: Leftovers\n|upkeep\n|turn|23\n|\n|t:|1782751616\n|switch|p1a: Thundurus|Thundurus, L80, M|258/258\n|move|p2a: Leafeon|Leaf Blade|p1a: Thundurus\n|-resisted|p1a: Thundurus\n|-damage|p1a: Thundurus|164/258\n|-damage|p2a: Leafeon|233/258|[from] item: Life Orb\n|\n|upkeep\n|turn|24\n|\n|t:|1782751631\n|switch|p2a: Tinkaton|Tinkaton, L82, F|274/274\n|-ability|p2a: Tinkaton|Mold Breaker\n|move|p1a: Thundurus|Acrobatics|p2a: Tinkaton\n|-resisted|p2a: Tinkaton\n|-damage|p2a: Tinkaton|200/274\n|\n|-heal|p2a: Tinkaton|217/274|[from] item: Leftovers\n|upkeep\n|turn|25\n|inactive|whaleslord has 120 seconds left.\n|\n|t:|1782751658\n|switch|p1a: Floatzel|Floatzel, L86, M|245/286\n|move|p2a: Tinkaton|Play Rough|p1a: Floatzel\n|-damage|p1a: Floatzel|139/286\n|\n|-heal|p1a: Floatzel|156/286|[from] item: Leftovers\n|-heal|p2a: Tinkaton|234/274|[from] item: Leftovers\n|upkeep\n|turn|26\n|inactive|whaleslord has 120 seconds left.\n|\n|t:|1782751675\n|move|p1a: Floatzel|Bulk Up|p1a: Floatzel\n|-boost|p1a: Floatzel|atk|1\n|-boost|p1a: Floatzel|def|1\n|move|p2a: Tinkaton|Gigaton Hammer|p1a: Floatzel\n|-resisted|p1a: Floatzel\n|-damage|p1a: Floatzel|97/286\n|\n|-heal|p1a: Floatzel|114/286|[from] item: Leftovers\n|-heal|p2a: Tinkaton|251/274|[from] item: Leftovers\n|upkeep\n|turn|27\n|\n|t:|1782751688\n|move|p1a: Floatzel|Ice Spinner|p2a: Tinkaton\n|-resisted|p2a: Tinkaton\n|-damage|p2a: Tinkaton|200/274\n|move|p2a: Tinkaton|Swords Dance|p2a: Tinkaton\n|-boost|p2a: Tinkaton|atk|2\n|\n|-heal|p1a: Floatzel|131/286|[from] item: Leftovers\n|-heal|p2a: Tinkaton|217/274|[from] item: Leftovers\n|upkeep\n|turn|28\n|\n|t:|1782751696\n|move|p1a: Floatzel|Wave Crash|p2a: Tinkaton\n|-damage|p2a: Tinkaton|0 fnt\n|faint|p2a: Tinkaton\n|-damage|p1a: Floatzel|59/286|[from] Recoil\n|\n|-heal|p1a: Floatzel|76/286|[from] item: Leftovers\n|upkeep\n|\n|t:|1782751713\n|switch|p2a: Inteleon|Inteleon, L81, F|246/246\n|turn|29\n|\n|t:|1782751719\n|move|p1a: Floatzel|Wave Crash|p2a: Inteleon\n|-resisted|p2a: Inteleon\n|-damage|p2a: Inteleon|99/246\n|-damage|p1a: Floatzel|27/286|[from] Recoil\n|move|p2a: Inteleon|Scald|p1a: Floatzel\n|-resisted|p1a: Floatzel\n|-damage|p1a: Floatzel|0 fnt\n|faint|p1a: Floatzel\n|\n|upkeep\n|\n|t:|1782751724\n|switch|p1a: Espathra|Espathra, L80, M|283/283\n|turn|30\n|inactive|whaleslord has 120 seconds left.\n|\n|t:|1782751736\n|switch|p2a: Braviary|Braviary-Hisui, L85, M|69/326\n|move|p1a: Espathra|Lumina Crash|p2a: Braviary\n|-resisted|p2a: Braviary\n|-damage|p2a: Braviary|0 fnt\n|faint|p2a: Braviary\n|\n|-ability|p1a: Espathra|Speed Boost|boost\n|-boost|p1a: Espathra|spe|1\n|upkeep\n|inactive|whaleslord has 120 seconds left.\n|\n|t:|1782751752\n|switch|p2a: Flygon|Flygon, L82, M|265/265\n|turn|31\n|\n|t:|1782751775\n|switch|p1a: Thundurus|Thundurus, L80, M|164/258\n|move|p2a: Flygon|U-turn|p1a: Thundurus\n|-resisted|p1a: Thundurus\n|-damage|p1a: Thundurus|123/258\n|\n|t:|1782751779\n|switch|p2a: Inteleon|Inteleon, L81, F|99/246|[from] U-turn\n|\n|upkeep\n|turn|32\n|\n|t:|1782751785\n|move|p2a: Inteleon|Scald|p1a: Thundurus\n|-damage|p1a: Thundurus|0 fnt\n|faint|p1a: Thundurus\n|\n|upkeep\n|\n|t:|1782751788\n|switch|p1a: Espathra|Espathra, L80, M|283/283\n|turn|33\n|\n|t:|1782751796\n|move|p2a: Inteleon|Scald|p1a: Espathra\n|-damage|p1a: Espathra|96/283\n|-status|p1a: Espathra|brn\n|move|p1a: Espathra|Lumina Crash|p2a: Inteleon\n|-damage|p2a: Inteleon|0 fnt\n|faint|p2a: Inteleon\n|\n|-damage|p1a: Espathra|79/283 brn|[from] brn\n|-ability|p1a: Espathra|Speed Boost|boost\n|-boost|p1a: Espathra|spe|1\n|upkeep\n|\n|t:|1782751809\n|switch|p2a: Flygon|Flygon, L82, M|265/265\n|turn|34\n|\n|t:|1782751824\n|-terastallize|p2a: Flygon|Rock\n|move|p1a: Espathra|Lumina Crash|p2a: Flygon\n|-damage|p2a: Flygon|132/265\n|-unboost|p2a: Flygon|spd|2\n|move|p2a: Flygon|Earthquake|p1a: Espathra\n|-damage|p1a: Espathra|0 fnt\n|faint|p1a: Espathra\n|\n|upkeep\n|\n|t:|1782751831\n|switch|p1a: Ursaluna|Ursaluna-Bloodmoon, L79, M|308/308\n|turn|35\n|\n|t:|1782751839\n|switch|p2a: Leafeon|Leafeon, L88, M|233/258\n|move|p1a: Ursaluna|Calm Mind|p1a: Ursaluna\n|-boost|p1a: Ursaluna|spa|1\n|-boost|p1a: Ursaluna|spd|1\n|\n|upkeep\n|turn|36\n|\n|t:|1782751846\n|-terastallize|p1a: Ursaluna|Normal\n|move|p2a: Leafeon|Leaf Blade|p1a: Ursaluna\n|-damage|p1a: Ursaluna|172/308\n|-damage|p2a: Leafeon|208/258|[from] item: Life Orb\n|move|p1a: Ursaluna|Blood Moon|p2a: Leafeon\n|-damage|p2a: Leafeon|0 fnt\n|faint|p2a: Leafeon\n|\n|-heal|p1a: Ursaluna|191/308|[from] item: Leftovers\n|upkeep\n|\n|t:|1782751851\n|switch|p2a: Flygon|Flygon, L82, M, tera:Rock|132/265\n|turn|37\n|\n|t:|1782751864\n|move|p2a: Flygon|Outrage|p1a: Ursaluna\n|-damage|p1a: Ursaluna|50/308\n|move|p1a: Ursaluna|Moonlight|p1a: Ursaluna\n|-heal|p1a: Ursaluna|204/308\n|\n|-heal|p1a: Ursaluna|223/308|[from] item: Leftovers\n|upkeep\n|turn|38\n|\n|t:|1782751868\n|move|p2a: Flygon|Outrage|p1a: Ursaluna|[from] lockedmove\n|-damage|p1a: Ursaluna|63/308\n|move|p1a: Ursaluna|Blood Moon|p2a: Flygon\n|-resisted|p2a: Flygon\n|-damage|p2a: Flygon|0 fnt\n|faint|p2a: Flygon\n|\n|win|Smart Gas\n|raw|Smart Gas's rating: 1901 &rarr; <strong>1924</strong><br />(+23 for winning)\n|raw|whaleslord's rating: 1952 &rarr; <strong>1929</strong><br />(-23 for losing)\n", "inputlog": ">version f8ac14003a5f27e1bdc8d8c59608a773c1cb96e5\n>start {\"formatid\":\"gen9randombattle\",\"seed\":\"sodium,ace4113202c8ad1274ae91cb13fc2c0a\",\"rated\":\"Rated battle\"}\n>player p1 {\"name\":\"Smart Gas\",\"avatar\":\"clavell-s\",\"rating\":1901,\"seed\":\"sodium,bf1a09436391a234865b7dc5b057c9eb\"}\n>player p2 {\"name\":\"whaleslord\",\"avatar\":\"marlon\",\"rating\":1952,\"seed\":\"sodium,4fe48d3f28b64826efc39c2de7308897\"}\n>p1 switch 6\n>p2 move uturn\n>p2 switch 3\n>p1 move bodypress\n>p2 move knockoff\n>p1 move bodypress\n>p2 move knockoff\n>p1 move bodypress\n>p2 switch 4\n>p1 move shadowsneak\n>p2 switch 4\n>p1 move bodypress\n>p2 move rest\n>p1 move bodypress\n>p2 move sleeptalk\n>p1 move bodypress\n>p2 move sleeptalk\n>p1 move bodypress\n>p2 move rest\n>p1 switch 2\n>p2 move sleeptalk\n>p1 move aquastep\n>p2 switch 4\n>p1 switch 2\n>p2 move esperwing\n>p1 move shadowsneak\n>p2 move esperwing\n>p1 switch 4\n>p1 move shadowball\n>p2 move roost\n>p1 move shadowball\n>p2 switch 4\n>p1 switch 2\n>p2 move sleeptalk\n>p1 move knockoff\n>p2 move bodyslam\n>p1 move closecombat\n>p2 move bodyslam\n>p1 move aquastep\n>p2 move rest\n>p1 move closecombat\n>p2 move sleeptalk\n>p1 switch 3\n>p1 move uturn\n>p2 move rest\n>p1 switch 2\n>p2 switch 6\n>p1 switch 5\n>p2 move uturn\n>p2 switch 2\n>p1 switch 2\n>p2 move leafblade\n>p1 move acrobatics\n>p2 switch 5\n>p1 switch 2\n>p2 move playrough\n>p1 move bulkup\n>p2 move gigatonhammer\n>p1 move icespinner\n>p2 move swordsdance\n>p1 move wavecrash\n>p2 move playrough\n>p2 switch 2\n>p1 move wavecrash\n>p2 move scald\n>p1 switch 5\n>p1 move luminacrash\n>p2 switch 4\n>p2 switch 3\n>p1 switch 2\n>p2 move uturn\n>p2 switch 4\n>p1 move thunderbolt\n>p2 move scald\n>p1 switch 2\n>p1 move luminacrash\n>p2 move scald\n>p2 switch 4\n>p1 move luminacrash\n>p2 move earthquake terastallize\n>p1 switch 6\n>p1 move calmmind\n>p2 switch 5\n>p1 move bloodmoon terastallize\n>p2 move leafblade\n>p2 switch 5\n>p1 move moonlight\n>p2 move outrage\n>p1 move bloodmoon\n>p2 move outrage", "uploadtime": 1782751868, "views": 6, "formatid": "gen9randombattle", "rating": 1924, "private": 0, "password": null, "player_dets": [{"name": "Smart Gas", "avatar": "clavell-s", "rating": 1901, "seed": "sodium,bf1a09436391a234865b7dc5b057c9eb"}, {"name": "whaleslord", "avatar": "marlon", "rating": 1952, "seed": "sodium,4fe48d3f28b64826efc39c2de7308897"}], "teams_full": [{"Ursaluna": {"name": "Ursaluna", "species": "Ursaluna-Bloodmoon", "speciesId": "ursalunabloodmoon", "gender": "M", "shiny": false, "level": 79, "moves": ["calmmind", "moonlight", "bloodmoon", "earthpower"], "ability": "Mind's Eye", "evs": {"hp": 85, "atk": 0, "def": 85, "spa": 85, "spd": 85, "spe": 85}, "ivs": {"hp": 31, "atk": 0, "def": 31, "spa": 31, "spd": 31, "spe": 31}, "item": "Leftovers", "teraType": "Normal", "role": "Bulky Attacker", "bvs": {"hp": 113, "atk": 70, "def": 120, "spa": 135, "spd": 65, "spe": 52}, "stats": {"hp": 308, "atk": 115, "def": 235, "spa": 259, "spd": 148, "spe": 128}, "types": ["Ground", "Normal"]}, "Quaquaval": {"name": "Quaquaval", "species": "Quaquaval", "speciesId": "quaquaval", "gender": "M", "shiny": false, "level": 79, "moves": ["aquastep", "closecombat", "knockoff", "swordsdance"], "ability": "Moxie", "evs": {"hp": 85, "atk": 85, "def": 85, "spa": 85, "spd": 85, "spe": 85}, "ivs": {"hp": 31, "atk": 31, "def": 31, "spa": 31, "spd": 31, "spe": 31}, "item": "Life Orb", "teraType": "Water", "role": "Setup Sweeper", "bvs": {"hp": 85, "atk": 120, "def": 80, "spa": 85, "spd": 75, "spe": 85}, "stats": {"hp": 264, "atk": 235, "def": 172, "spa": 180, "spd": 164, "spe": 180}, "types": ["Water", "Fighting"]}, "Thundurus": {"name": "Thundurus", "species": "Thundurus", "speciesId": "thundurus", "gender": "M", "shiny": false, "level": 80, "moves": ["acrobatics", "thunderwave", "uturn", "thunderbolt"], "ability": "Prankster", "evs": {"hp": 85, "atk": 85, "def": 85, "spa": 85, "spd": 85, "spe": 85}, "ivs": {"hp": 31, "atk": 31, "def": 31, "spa": 31, "spd": 31, "spe": 31}, "item": "", "teraType": "Electric", "role": "Wallbreaker", "bvs": {"hp": 79, "atk": 115, "def": 70, "spa": 125, "spd": 80, "spe": 111}, "stats": {"hp": 258, "atk": 230, "def": 158, "spa": 246, "spd": 174, "spe": 224}, "types": ["Electric", "Flying"]}, "Espathra": {"name": "Espathra", "species": "Espathra", "speciesId": "espathra", "gender": "M", "shiny": false, "level": 80, "moves": ["shadowball", "uturn", "dazzlinggleam", "luminacrash"], "ability": "Speed Boost", "evs": {"hp": 85, "atk": 85, "def": 85, "spa": 85, "spd": 85, "spe": 85}, "ivs": {"hp": 31, "atk": 31, "def": 31, "spa": 31, "spd": 31, "spe": 31}, "item": "Choice Specs", "teraType": "Psychic", "role": "Wallbreaker", "bvs": {"hp": 95, "atk": 60, "def": 60, "spa": 101, "spd": 60, "spe": 105}, "stats": {"hp": 283, "atk": 142, "def": 142, "spa": 208, "spd": 142, "spe": 214}, "types": ["Psychic"]}, "Floatzel": {"name": "Floatzel", "species": "Floatzel", "speciesId": "floatzel", "gender": "M", "shiny": false, "level": 86, "moves": ["wavecrash", "bulkup", "taunt", "icespinner"], "ability": "Water Veil", "evs": {"hp": 85, "atk": 85, "def": 85, "spa": 85, "spd": 85, "spe": 85}, "ivs": {"hp": 31, "atk": 31, "def": 31, "spa": 31, "spd": 31, "spe": 31}, "item": "Leftovers", "teraType": "Steel", "role": "Bulky Setup", "bvs": {"hp": 85, "atk": 105, "def": 55, "spa": 85, "spd": 50, "spe": 115}, "stats": {"hp": 286, "atk": 230, "def": 144, "spa": 195, "spd": 135, "spe": 247}, "types": ["Water"]}, "Houndstone": {"name": "Houndstone", "species": "Houndstone", "speciesId": "houndstone", "gender": "M", "shiny": false, "level": 86, "moves": ["poltergeist", "bodypress", "playrough", "shadowsneak"], "ability": "Fluffy", "evs": {"hp": 85, "atk": 85, "def": 85, "spa": 85, "spd": 85, "spe": 85}, "ivs": {"hp": 31, "atk": 31, "def": 31, "spa": 31, "spd": 31, "spe": 31}, "item": "Assault Vest", "teraType": "Fighting", "role": "AV Pivot", "bvs": {"hp": 72, "atk": 101, "def": 100, "spa": 50, "spd": 97, "spe": 68}, "stats": {"hp": 264, "atk": 223, "def": 221, "spa": 135, "spd": 216, "spe": 166}, "types": ["Ghost"]}}, {"Flygon": {"name": "Flygon", "species": "Flygon", "speciesId": "flygon", "gender": "M", "shiny": false, "level": 82, "moves": ["stoneedge", "uturn", "earthquake", "outrage"], "ability": "Levitate", "evs": {"hp": 85, "atk": 85, "def": 85, "spa": 85, "spd": 85, "spe": 85}, "ivs": {"hp": 31, "atk": 31, "def": 31, "spa": 31, "spd": 31, "spe": 31}, "item": "Choice Band", "teraType": "Rock", "role": "Fast Attacker", "bvs": {"hp": 80, "atk": 100, "def": 80, "spa": 80, "spd": 80, "spe": 100}, "stats": {"hp": 265, "atk": 211, "def": 178, "spa": 178, "spd": 178, "spe": 211}, "types": ["Ground", "Dragon"]}, "Leafeon": {"name": "Leafeon", "species": "Leafeon", "speciesId": "leafeon", "gender": "M", "shiny": false, "level": 88, "moves": ["leafblade", "swordsdance", "knockoff", "doubleedge"], "ability": "Chlorophyll", "evs": {"hp": 85, "atk": 85, "def": 85, "spa": 85, "spd": 85, "spe": 85}, "ivs": {"hp": 31, "atk": 31, "def": 31, "spa": 31, "spd": 31, "spe": 31}, "item": "Life Orb", "teraType": "Normal", "role": "Setup Sweeper", "bvs": {"hp": 65, "atk": 110, "def": 130, "spa": 60, "spd": 65, "spe": 95}, "stats": {"hp": 258, "atk": 244, "def": 279, "spa": 156, "spd": 165, "spe": 217}, "types": ["Grass"]}, "Regigigas": {"name": "Regigigas", "species": "Regigigas", "speciesId": "regigigas", "gender": "N", "shiny": false, "level": 84, "moves": ["rest", "knockoff", "sleeptalk", "bodyslam"], "ability": "Slow Start", "evs": {"hp": 85, "atk": 85, "def": 85, "spa": 85, "spd": 85, "spe": 85}, "ivs": {"hp": 31, "atk": 31, "def": 31, "spa": 31, "spd": 31, "spe": 31}, "item": "Leftovers", "teraType": "Ghost", "role": "Bulky Support", "bvs": {"hp": 110, "atk": 160, "def": 110, "spa": 80, "spd": 110, "spe": 100}, "stats": {"hp": 322, "atk": 317, "def": 233, "spa": 183, "spd": 233, "spe": 216}, "types": ["Normal"]}, "Braviary": {"name": "Braviary", "species": "Braviary-Hisui", "speciesId": "braviaryhisui", "gender": "M", "shiny": false, "level": 85, "moves": ["roost", "hurricane", "esperwing", "defog"], "ability": "Tinted Lens", "evs": {"hp": 85, "atk": 0, "def": 85, "spa": 85, "spd": 85, "spe": 85}, "ivs": {"hp": 31, "atk": 0, "def": 31, "spa": 31, "spd": 31, "spe": 31}, "item": "Heavy-Duty Boots", "teraType": "Steel", "role": "Bulky Attacker", "bvs": {"hp": 110, "atk": 83, "def": 70, "spa": 112, "spd": 70, "spe": 65}, "stats": {"hp": 326, "atk": 146, "def": 168, "spa": 239, "spd": 168, "spe": 159}, "types": ["Psychic", "Flying"]}, "Tinkaton": {"name": "Tinkaton", "species": "Tinkaton", "speciesId": "tinkaton", "gender": "F", "shiny": false, "level": 82, "moves": ["gigatonhammer", "playrough", "swordsdance", "protect"], "ability": "Mold Breaker", "evs": {"hp": 85, "atk": 85, "def": 85, "spa": 85, "spd": 85, "spe": 85}, "ivs": {"hp": 31, "atk": 31, "def": 31, "spa": 31, "spd": 31, "spe": 31}, "item": "Leftovers", "teraType": "Steel", "role": "Bulky Setup", "bvs": {"hp": 85, "atk": 75, "def": 77, "spa": 70, "spd": 105, "spe": 94}, "stats": {"hp": 274, "atk": 170, "def": 173, "spa": 162, "spd": 219, "spe": 201}, "types": ["Fairy", "Steel"]}, "Inteleon": {"name": "Inteleon", "species": "Inteleon", "speciesId": "inteleon", "gender": "F", "shiny": false, "level": 81, "moves": ["hydropump", "scald", "icebeam", "uturn"], "ability": "Torrent", "evs": {"hp": 85, "atk": 85, "def": 85, "spa": 85, "spd": 85, "spe": 85}, "ivs": {"hp": 31, "atk": 31, "def": 31, "spa": 31, "spd": 31, "spe": 31}, "item": "Choice Specs", "teraType": "Water", "role": "Wallbreaker", "bvs": {"hp": 70, "atk": 85, "def": 65, "spa": 125, "spd": 65, "spe": 120}, "stats": {"hp": 246, "atk": 184, "def": 152, "spa": 249, "spd": 152, "spe": 241}, "types": ["Water"]}}]}