{"id": "gen9randombattle-2641733162", "format": "[Gen 9] Random Battle", "players": ["nickolassbomfim", "Silveriogold"], "log": "|j|\u2606nickolassbomfim\n|j|\u2606Silveriogold\n|t:|1782835436\n|gametype|singles\n|player|p1|nickolassbomfim|red-masters|2045\n|player|p2|Silveriogold|265|2089\n|gen|9\n|tier|[Gen 9] Random Battle\n|rated|\n|rule|Species Clause: Limit one of each Pok\u00e9mon\n|rule|HP Percentage Mod: HP is shown in percentages\n|rule|Sleep Clause Mod: Limit one foe put to sleep\n|rule|Illusion Level Mod: Illusion disguises the Pok\u00e9mon's true level\n|\n|t:|1782835436\n|teamsize|p1|6\n|teamsize|p2|6\n|start\n|switch|p1a: Barraskewda|Barraskewda, L81, F|231/231\n|switch|p2a: Basculin|Basculin, L86, M|261/261\n|turn|1\n|inactive|Battle timer is ON: inactive players will automatically lose when time's up. (requested by Silveriogold)\n|\n|t:|1782835447\n|move|p1a: Barraskewda|Flip Turn|p2a: Basculin\n|-resisted|p2a: Basculin\n|-damage|p2a: Basculin|192/261\n|\n|t:|1782835448\n|switch|p1a: Keldeo|Keldeo-Resolute, L79|273/273|[from] Flip Turn\n|move|p2a: Basculin|Flip Turn|p1a: Keldeo\n|-resisted|p1a: Keldeo\n|-crit|p1a: Keldeo\n|-damage|p1a: Keldeo|179/273\n|\n|t:|1782835461\n|switch|p2a: Giratina|Giratina-Origin, L72|335/335|[from] Flip Turn\n|\n|upkeep\n|turn|2\n|\n|t:|1782835467\n|switch|p1a: Glaceon|Glaceon, L94, M|275/275\n|move|p2a: Giratina|Poltergeist|p1a: Glaceon\n|-activate|p1a: Glaceon|move: Poltergeist|Heavy-Duty Boots\n|-damage|p1a: Glaceon|190/275\n|\n|upkeep\n|turn|3\n|\n|t:|1782835476\n|switch|p2a: Glastrier|Glastrier, L86|312/312\n|move|p1a: Glaceon|Freeze-Dry|p2a: Glastrier\n|-resisted|p2a: Glastrier\n|-damage|p2a: Glastrier|262/312\n|\n|upkeep\n|turn|4\n|\n|t:|1782835483\n|switch|p1a: Ninetales|Ninetales, L85, F|263/263\n|-weather|SunnyDay|[from] ability: Drought|[of] p1a: Ninetales\n|move|p2a: Glastrier|Swords Dance|p2a: Glastrier\n|-boost|p2a: Glastrier|atk|2\n|\n|-weather|SunnyDay|[upkeep]\n|upkeep\n|turn|5\n|\n|t:|1782835491\n|switch|p2a: Camerupt|Camerupt, L91, M|275/275\n|move|p1a: Ninetales|Fire Blast|p2a: Camerupt\n|-resisted|p2a: Camerupt\n|-damage|p2a: Camerupt|192/275\n|\n|-weather|SunnyDay|[upkeep]\n|-heal|p2a: Camerupt|209/275|[from] item: Leftovers\n|upkeep\n|turn|6\n|\n|t:|1782835496\n|-terastallize|p1a: Ninetales|Grass\n|move|p1a: Ninetales|Nasty Plot|p1a: Ninetales\n|-boost|p1a: Ninetales|spa|2\n|move|p2a: Camerupt|Earthquake|p1a: Ninetales\n|-resisted|p1a: Ninetales\n|-damage|p1a: Ninetales|188/263\n|\n|-weather|SunnyDay|[upkeep]\n|-heal|p2a: Camerupt|226/275|[from] item: Leftovers\n|upkeep\n|turn|7\n|\n|t:|1782835499\n|move|p1a: Ninetales|Solar Beam||[still]\n|-prepare|p1a: Ninetales|Solar Beam\n|-anim|p1a: Ninetales|Solar Beam|p2a: Camerupt\n|-damage|p2a: Camerupt|0 fnt\n|faint|p2a: Camerupt\n|\n|-weather|SunnyDay|[upkeep]\n|upkeep\n|\n|t:|1782835503\n|switch|p2a: Seviper|Seviper, L93, F|287/287\n|turn|8\n|\n|t:|1782835505\n|move|p2a: Seviper|Gunk Shot|p1a: Ninetales|[miss]\n|-miss|p2a: Seviper|p1a: Ninetales\n|move|p1a: Ninetales|Scorching Sands|p2a: Seviper\n|-supereffective|p2a: Seviper\n|-damage|p2a: Seviper|89/287\n|\n|-weather|none\n|upkeep\n|turn|9\n|\n|t:|1782835517\n|move|p2a: Seviper|Gunk Shot|p1a: Ninetales\n|-supereffective|p1a: Ninetales\n|-damage|p1a: Ninetales|0 fnt\n|faint|p1a: Ninetales\n|\n|upkeep\n|\n|t:|1782835520\n|switch|p1a: Leavanny|Leavanny, L86, F|269/269\n|turn|10\n|\n|t:|1782835527\n|move|p2a: Seviper|Gunk Shot|p1a: Leavanny\n|-supereffective|p1a: Leavanny\n|-damage|p1a: Leavanny|0 fnt\n|faint|p1a: Leavanny\n|\n|upkeep\n|\n|t:|1782835530\n|switch|p1a: Barraskewda|Barraskewda, L81, F|231/231\n|turn|11\n|\n|t:|1782835533\n|move|p1a: Barraskewda|Flip Turn|p2a: Seviper\n|-damage|p2a: Seviper|0 fnt\n|faint|p2a: Seviper\n|\n|t:|1782835538\n|switch|p1a: Keldeo|Keldeo-Resolute, L79|179/273|[from] Flip Turn\n|\n|upkeep\n|\n|t:|1782835543\n|switch|p2a: Basculin|Basculin, L86, M|192/261\n|turn|12\n|\n|t:|1782835547\n|move|p2a: Basculin|Double-Edge|p1a: Keldeo\n|-damage|p1a: Keldeo|57/273\n|-damage|p2a: Basculin|152/261|[from] Recoil\n|move|p1a: Keldeo|Secret Sword|p2a: Basculin\n|-crit|p2a: Basculin\n|-damage|p2a: Basculin|0 fnt\n|faint|p2a: Basculin\n|-damage|p1a: Keldeo|30/273|[from] item: Life Orb\n|\n|upkeep\n|\n|t:|1782835550\n|switch|p2a: Floatzel|Floatzel, L86, M|286/286\n|turn|13\n|\n|t:|1782835554\n|move|p1a: Keldeo|Vacuum Wave|p2a: Floatzel\n|-damage|p2a: Floatzel|199/286\n|-damage|p1a: Keldeo|3/273|[from] item: Life Orb\n|move|p2a: Floatzel|Wave Crash|p1a: Keldeo\n|-resisted|p1a: Keldeo\n|-damage|p1a: Keldeo|0 fnt\n|faint|p1a: Keldeo\n|-damage|p2a: Floatzel|198/286|[from] Recoil\n|\n|-heal|p2a: Floatzel|215/286|[from] item: Leftovers\n|upkeep\n|\n|t:|1782835558\n|switch|p1a: Glaceon|Glaceon, L94, M|190/275\n|turn|14\n|\n|t:|1782835564\n|switch|p2a: Glastrier|Glastrier, L86|262/312\n|move|p1a: Glaceon|Wish|p1a: Glaceon\n|\n|upkeep\n|turn|15\n|\n|t:|1782835571\n|move|p1a: Glaceon|Mud Shot|p2a: Glastrier\n|-damage|p2a: Glastrier|208/312\n|-unboost|p2a: Glastrier|spe|1\n|move|p2a: Glastrier|Swords Dance|p2a: Glastrier\n|-boost|p2a: Glastrier|atk|2\n|\n|-heal|p1a: Glaceon|275/275|[from] move: Wish|[wisher] Glaceon\n|upkeep\n|turn|16\n|\n|t:|1782835579\n|switch|p1a: Barraskewda|Barraskewda, L81, F|231/231\n|move|p2a: Glastrier|Heavy Slam|p1a: Barraskewda\n|-resisted|p1a: Barraskewda\n|-damage|p1a: Barraskewda|69/231\n|\n|upkeep\n|turn|17\n|\n|t:|1782835585\n|move|p1a: Barraskewda|Close Combat|p2a: Glastrier\n|-supereffective|p2a: Glastrier\n|-damage|p2a: Glastrier|0 fnt\n|-unboost|p1a: Barraskewda|def|1\n|-unboost|p1a: Barraskewda|spd|1\n|faint|p2a: Glastrier\n|\n|upkeep\n|\n|t:|1782835587\n|switch|p2a: Giratina|Giratina-Origin, L72|335/335\n|turn|18\n|\n|t:|1782835590\n|switch|p1a: Glaceon|Glaceon, L94, M|275/275\n|move|p2a: Giratina|Poltergeist|p1a: Glaceon\n|-activate|p1a: Glaceon|move: Poltergeist|Heavy-Duty Boots\n|-damage|p1a: Glaceon|191/275\n|\n|upkeep\n|turn|19\n|\n|t:|1782835603\n|move|p1a: Glaceon|Wish|p1a: Glaceon\n|move|p2a: Giratina|Draco Meteor|p1a: Glaceon\n|-damage|p1a: Glaceon|64/275\n|-unboost|p2a: Giratina|spa|2\n|\n|upkeep\n|turn|20\n|\n|t:|1782835608\n|move|p1a: Glaceon|Protect|p1a: Glaceon\n|-singleturn|p1a: Glaceon|Protect\n|move|p2a: Giratina|Poltergeist|p1a: Glaceon\n|-activate|p1a: Glaceon|move: Protect\n|\n|-heal|p1a: Glaceon|201/275|[from] move: Wish|[wisher] Glaceon\n|upkeep\n|turn|21\n|\n|t:|1782835610\n|move|p1a: Glaceon|Wish|p1a: Glaceon\n|move|p2a: Giratina|Poltergeist|p1a: Glaceon\n|-activate|p1a: Glaceon|move: Poltergeist|Heavy-Duty Boots\n|-crit|p1a: Glaceon\n|-damage|p1a: Glaceon|59/275\n|\n|upkeep\n|turn|22\n|\n|t:|1782835612\n|move|p1a: Glaceon|Protect|p1a: Glaceon\n|-singleturn|p1a: Glaceon|Protect\n|move|p2a: Giratina|Poltergeist|p1a: Glaceon\n|-activate|p1a: Glaceon|move: Protect\n|\n|-heal|p1a: Glaceon|196/275|[from] move: Wish|[wisher] Glaceon\n|upkeep\n|turn|23\n|\n|t:|1782835613\n|move|p1a: Glaceon|Wish|p1a: Glaceon\n|move|p2a: Giratina|Poltergeist|p1a: Glaceon\n|-activate|p1a: Glaceon|move: Poltergeist|Heavy-Duty Boots\n|-damage|p1a: Glaceon|108/275\n|\n|upkeep\n|turn|24\n|\n|t:|1782835617\n|move|p1a: Glaceon|Protect|p1a: Glaceon\n|-singleturn|p1a: Glaceon|Protect\n|move|p2a: Giratina|Dragon Tail|p1a: Glaceon\n|-activate|p1a: Glaceon|move: Protect\n|\n|-heal|p1a: Glaceon|245/275|[from] move: Wish|[wisher] Glaceon\n|upkeep\n|turn|25\n|\n|t:|1782835621\n|move|p1a: Glaceon|Freeze-Dry|p2a: Giratina\n|-supereffective|p2a: Giratina\n|-damage|p2a: Giratina|69/335\n|move|p2a: Giratina|Poltergeist|p1a: Glaceon\n|-activate|p1a: Glaceon|move: Poltergeist|Heavy-Duty Boots\n|-damage|p1a: Glaceon|160/275\n|\n|upkeep\n|turn|26\n|\n|t:|1782835626\n|move|p1a: Glaceon|Wish|p1a: Glaceon\n|move|p2a: Giratina|Dragon Tail|p1a: Glaceon\n|-damage|p1a: Glaceon|105/275\n|drag|p1a: Barraskewda|Barraskewda, L81, F|69/231\n|\n|upkeep\n|turn|27\n|\n|t:|1782835631\n|move|p1a: Barraskewda|Flip Turn|p2a: Giratina\n|-resisted|p2a: Giratina\n|-damage|p2a: Giratina|11/335\n|\n|t:|1782835633\n|switch|p1a: Glaceon|Glaceon, L94, M|105/275|[from] Flip Turn\n|move|p2a: Giratina|Poltergeist|p1a: Glaceon\n|-activate|p1a: Glaceon|move: Poltergeist|Heavy-Duty Boots\n|-damage|p1a: Glaceon|15/275\n|\n|-heal|p1a: Glaceon|152/275|[from] move: Wish|[wisher] Glaceon\n|upkeep\n|turn|28\n|\n|t:|1782835638\n|move|p1a: Glaceon|Wish|p1a: Glaceon\n|move|p2a: Giratina|Dragon Tail|p1a: Glaceon\n|-damage|p1a: Glaceon|104/275\n|drag|p1a: Barraskewda|Barraskewda, L81, F|69/231\n|\n|upkeep\n|turn|29\n|\n|t:|1782835640\n|move|p1a: Barraskewda|Flip Turn|p2a: Giratina\n|-resisted|p2a: Giratina\n|-damage|p2a: Giratina|0 fnt\n|faint|p2a: Giratina\n|\n|t:|1782835641\n|switch|p1a: Glaceon|Glaceon, L94, M|104/275|[from] Flip Turn\n|\n|-heal|p1a: Glaceon|241/275|[from] move: Wish|[wisher] Glaceon\n|upkeep\n|\n|t:|1782835643\n|switch|p2a: Floatzel|Floatzel, L86, M|215/286\n|turn|30\n|\n|t:|1782835648\n|-terastallize|p2a: Floatzel|Steel\n|move|p2a: Floatzel|Bulk Up|p2a: Floatzel\n|-boost|p2a: Floatzel|atk|1\n|-boost|p2a: Floatzel|def|1\n|move|p1a: Glaceon|Mud Shot|p2a: Floatzel\n|-supereffective|p2a: Floatzel\n|-damage|p2a: Floatzel|51/286\n|-unboost|p2a: Floatzel|spe|1\n|\n|-heal|p2a: Floatzel|68/286|[from] item: Leftovers\n|upkeep\n|turn|31\n|\n|t:|1782835650\n|move|p1a: Glaceon|Mud Shot|p2a: Floatzel\n|-supereffective|p2a: Floatzel\n|-damage|p2a: Floatzel|0 fnt\n|faint|p2a: Floatzel\n|\n|win|nickolassbomfim\n", "inputlog": ">version f8ac14003a5f27e1bdc8d8c59608a773c1cb96e5\n>start {\"formatid\":\"gen9randombattle\",\"seed\":\"sodium,2f527882f6adabb2ead67816778d32fc\",\"rated\":\"Rated battle\"}\n>player p1 {\"name\":\"nickolassbomfim\",\"avatar\":\"red-masters\",\"rating\":2045,\"seed\":\"sodium,451f00c9a2abdc85344f8b6dd15009a1\"}\n>player p2 {\"name\":\"Silveriogold\",\"avatar\":\"265\",\"rating\":2089,\"seed\":\"sodium,110752e013f607bba51327a3c4058860\"}\n>p1 move flipturn\n>p2 move flipturn\n>p1 switch 3\n>p2 switch 4\n>p1 switch 6\n>p2 move poltergeist\n>p1 move freezedry\n>p2 switch 6\n>p1 switch 4\n>p2 move swordsdance\n>p1 move fireblast\n>p2 switch 2\n>p1 move nastyplot terastallize\n>p2 move earthquake\n>p1 move solarbeam\n>p2 move overheat\n>p2 switch 5\n>p1 move scorchingsands\n>p2 move gunkshot\n>p1 move scorchingsands\n>p2 move gunkshot\n>p1 switch 5\n>p1 move knockoff\n>p2 move gunkshot\n>p1 switch 3\n>p1 move flipturn\n>p2 move gunkshot\n>p1 switch 6\n>p2 switch 4\n>p1 move secretsword\n>p2 move doubleedge\n>p2 switch 3\n>p1 move vacuumwave\n>p2 move wavecrash\n>p1 switch 4\n>p1 move wish\n>p2 switch 2\n>p1 move mudshot\n>p2 move swordsdance\n>p1 switch 6\n>p2 move heavyslam\n>p1 move closecombat\n>p2 move heavyslam\n>p2 switch 6\n>p1 switch 6\n>p2 move poltergeist\n>p1 move wish\n>p2 move dracometeor\n>p1 move protect\n>p2 move poltergeist\n>p1 move wish\n>p2 move poltergeist\n>p1 move protect\n>p2 move poltergeist\n>p1 move wish\n>p2 move poltergeist\n>p1 move protect\n>p2 move dragontail\n>p1 move freezedry\n>p2 move poltergeist\n>p1 move wish\n>p2 move dragontail\n>p1 move flipturn\n>p2 move poltergeist\n>p1 switch 6\n>p1 move wish\n>p2 move dragontail\n>p1 move flipturn\n>p2 move dragontail\n>p1 switch 6\n>p2 switch 2\n>p1 move mudshot\n>p2 move bulkup terastallize\n>p1 move mudshot\n>p2 move wavecrash", "uploadtime": 1782835440, "views": 9, "formatid": "gen9randombattle", "rating": null, "private": 0, "password": null, "player_dets": [{"name": "nickolassbomfim", "avatar": "red-masters", "rating": 2045, "seed": "sodium,451f00c9a2abdc85344f8b6dd15009a1"}, {"name": "Silveriogold", "avatar": "265", "rating": 2089, "seed": "sodium,110752e013f607bba51327a3c4058860"}], "teams_full": [{"Barraskewda": {"name": "Barraskewda", "species": "Barraskewda", "speciesId": "barraskewda", "gender": "F", "shiny": false, "level": 81, "moves": ["psychicfangs", "flipturn", "waterfall", "closecombat"], "ability": "Swift Swim", "evs": {"hp": 85, "atk": 85, "def": 85, "spa": 85, "spd": 85, "spe": 85}, "ivs": {"hp": 31, "atk": 31, "def": 31, "spa": 31, "spd": 31, "spe": 31}, "item": "Choice Band", "teraType": "Water", "role": "Wallbreaker", "bvs": {"hp": 61, "atk": 123, "def": 60, "spa": 60, "spd": 50, "spe": 136}, "stats": {"hp": 231, "atk": 246, "def": 144, "spa": 144, "spd": 128, "spe": 267}, "types": ["Water"]}, "Arceus": {"name": "Arceus", "species": "Arceus-Dark", "speciesId": "arceusdark", "gender": "N", "shiny": false, "level": 71, "moves": ["recover", "judgment", "dazzlinggleam", "calmmind"], "ability": "Multitype", "evs": {"hp": 85, "atk": 0, "def": 85, "spa": 85, "spd": 85, "spe": 85}, "ivs": {"hp": 31, "atk": 0, "def": 31, "spa": 31, "spd": 31, "spe": 31}, "item": "Dread Plate", "teraType": "Fairy", "role": "Bulky Setup", "bvs": {"hp": 120, "atk": 120, "def": 120, "spa": 120, "spd": 120, "spe": 120}, "stats": {"hp": 288, "atk": 175, "def": 212, "spa": 212, "spd": 212, "spe": 212}, "types": ["Dark"]}, "Keldeo": {"name": "Keldeo", "species": "Keldeo-Resolute", "speciesId": "keldeoresolute", "gender": "N", "shiny": false, "level": 79, "moves": ["vacuumwave", "calmmind", "hydropump", "secretsword"], "ability": "Justified", "evs": {"hp": 85, "atk": 0, "def": 85, "spa": 85, "spd": 85, "spe": 85}, "ivs": {"hp": 31, "atk": 0, "def": 31, "spa": 31, "spd": 31, "spe": 31}, "item": "Life Orb", "teraType": "Fighting", "role": "Fast Attacker", "bvs": {"hp": 91, "atk": 72, "def": 90, "spa": 129, "spd": 90, "spe": 108}, "stats": {"hp": 273, "atk": 118, "def": 188, "spa": 249, "spd": 188, "spe": 216}, "types": ["Water", "Fighting"]}, "Ninetales": {"name": "Ninetales", "species": "Ninetales", "speciesId": "ninetales", "gender": "F", "shiny": false, "level": 85, "moves": ["scorchingsands", "solarbeam", "fireblast", "nastyplot"], "ability": "Drought", "evs": {"hp": 85, "atk": 0, "def": 85, "spa": 85, "spd": 85, "spe": 85}, "ivs": {"hp": 31, "atk": 0, "def": 31, "spa": 31, "spd": 31, "spe": 31}, "item": "Heavy-Duty Boots", "teraType": "Grass", "role": "Setup Sweeper", "bvs": {"hp": 73, "atk": 76, "def": 75, "spa": 81, "spd": 100, "spe": 100}, "stats": {"hp": 263, "atk": 134, "def": 176, "spa": 186, "spd": 219, "spe": 219}, "types": ["Fire"]}, "Leavanny": {"name": "Leavanny", "species": "Leavanny", "speciesId": "leavanny", "gender": "F", "shiny": false, "level": 86, "moves": ["knockoff", "leafblade", "lunge", "stickyweb"], "ability": "Swarm", "evs": {"hp": 85, "atk": 85, "def": 85, "spa": 85, "spd": 85, "spe": 85}, "ivs": {"hp": 31, "atk": 31, "def": 31, "spa": 31, "spd": 31, "spe": 31}, "item": "Heavy-Duty Boots", "teraType": "Rock", "role": "Fast Support", "bvs": {"hp": 75, "atk": 103, "def": 80, "spa": 70, "spd": 80, "spe": 92}, "stats": {"hp": 269, "atk": 226, "def": 187, "spa": 170, "spd": 187, "spe": 207}, "types": ["Bug", "Grass"]}, "Glaceon": {"name": "Glaceon", "species": "Glaceon", "speciesId": "glaceon", "gender": "M", "shiny": false, "level": 94, "moves": ["protect", "wish", "freezedry", "mudshot"], "ability": "Ice Body", "evs": {"hp": 85, "atk": 0, "def": 85, "spa": 85, "spd": 85, "spe": 85}, "ivs": {"hp": 31, "atk": 0, "def": 31, "spa": 31, "spd": 31, "spe": 31}, "item": "Heavy-Duty Boots", "teraType": "Ground", "role": "Bulky Attacker", "bvs": {"hp": 65, "atk": 60, "def": 110, "spa": 130, "spd": 95, "spe": 65}, "stats": {"hp": 275, "atk": 117, "def": 260, "spa": 298, "spd": 232, "spe": 176}, "types": ["Ice"]}}, {"Basculin": {"name": "Basculin", "species": "Basculin", "speciesId": "basculin", "gender": "M", "shiny": false, "level": 86, "moves": ["wavecrash", "flipturn", "aquajet", "doubleedge"], "ability": "Adaptability", "evs": {"hp": 85, "atk": 85, "def": 85, "spa": 85, "spd": 85, "spe": 85}, "ivs": {"hp": 31, "atk": 31, "def": 31, "spa": 31, "spd": 31, "spe": 31}, "item": "Choice Band", "teraType": "Water", "role": "Wallbreaker", "bvs": {"hp": 70, "atk": 92, "def": 65, "spa": 80, "spd": 55, "spe": 98}, "stats": {"hp": 261, "atk": 207, "def": 161, "spa": 187, "spd": 144, "spe": 218}, "types": ["Water"]}, "Camerupt": {"name": "Camerupt", "species": "Camerupt", "speciesId": "camerupt", "gender": "M", "shiny": false, "level": 91, "moves": ["willowisp", "overheat", "earthquake", "stealthrock"], "ability": "Solid Rock", "evs": {"hp": 85, "atk": 85, "def": 85, "spa": 85, "spd": 85, "spe": 85}, "ivs": {"hp": 31, "atk": 31, "def": 31, "spa": 31, "spd": 31, "spe": 31}, "item": "Leftovers", "teraType": "Grass", "role": "Bulky Support", "bvs": {"hp": 70, "atk": 100, "def": 70, "spa": 105, "spd": 75, "spe": 40}, "stats": {"hp": 275, "atk": 234, "def": 179, "spa": 243, "spd": 188, "spe": 125}, "types": ["Fire", "Ground"]}, "Floatzel": {"name": "Floatzel", "species": "Floatzel", "speciesId": "floatzel", "gender": "M", "shiny": false, "level": 86, "moves": ["icespinner", "wavecrash", "bulkup", "taunt"], "ability": "Water Veil", "evs": {"hp": 85, "atk": 85, "def": 85, "spa": 85, "spd": 85, "spe": 85}, "ivs": {"hp": 31, "atk": 31, "def": 31, "spa": 31, "spd": 31, "spe": 31}, "item": "Leftovers", "teraType": "Steel", "role": "Bulky Setup", "bvs": {"hp": 85, "atk": 105, "def": 55, "spa": 85, "spd": 50, "spe": 115}, "stats": {"hp": 286, "atk": 230, "def": 144, "spa": 195, "spd": 135, "spe": 247}, "types": ["Water"]}, "Giratina": {"name": "Giratina", "species": "Giratina-Origin", "speciesId": "giratinaorigin", "gender": "N", "shiny": false, "level": 72, "moves": ["dracometeor", "poltergeist", "dragontail", "defog"], "ability": "Levitate", "evs": {"hp": 85, "atk": 85, "def": 85, "spa": 85, "spd": 85, "spe": 85}, "ivs": {"hp": 31, "atk": 31, "def": 31, "spa": 31, "spd": 31, "spe": 31}, "item": "Griseous Core", "teraType": "Dragon", "role": "Fast Attacker", "bvs": {"hp": 150, "atk": 120, "def": 100, "spa": 120, "spd": 100, "spe": 90}, "stats": {"hp": 335, "atk": 215, "def": 186, "spa": 215, "spd": 186, "spe": 172}, "types": ["Ghost", "Dragon"]}, "Seviper": {"name": "Seviper", "species": "Seviper", "speciesId": "seviper", "gender": "F", "shiny": false, "level": 93, "moves": ["gunkshot", "earthquake", "knockoff", "switcheroo"], "ability": "Infiltrator", "evs": {"hp": 85, "atk": 85, "def": 85, "spa": 85, "spd": 85, "spe": 85}, "ivs": {"hp": 31, "atk": 31, "def": 31, "spa": 31, "spd": 31, "spe": 31}, "item": "Choice Scarf", "teraType": "Ground", "role": "Fast Attacker", "bvs": {"hp": 73, "atk": 100, "def": 60, "spa": 100, "spd": 60, "spe": 65}, "stats": {"hp": 287, "atk": 239, "def": 164, "spa": 239, "spd": 164, "spe": 174}, "types": ["Poison"]}, "Glastrier": {"name": "Glastrier", "species": "Glastrier", "speciesId": "glastrier", "gender": "N", "shiny": false, "level": 86, "moves": ["heavyslam", "swordsdance", "iciclecrash", "highhorsepower"], "ability": "Chilling Neigh", "evs": {"hp": 85, "atk": 85, "def": 85, "spa": 85, "spd": 85, "spe": 85}, "ivs": {"hp": 31, "atk": 31, "def": 31, "spa": 31, "spd": 31, "spe": 31}, "item": "Heavy-Duty Boots", "teraType": "Ground", "role": "Bulky Attacker", "bvs": {"hp": 100, "atk": 145, "def": 130, "spa": 65, "spd": 110, "spe": 30}, "stats": {"hp": 312, "atk": 299, "def": 273, "spa": 161, "spd": 238, "spe": 101}, "types": ["Ice"]}}]}