{"id": "gen9randombattle-2641666396", "format": "[Gen 9] Random Battle", "players": ["marrickchill", "theGARGANTUANpp"], "log": "|j|\u2606marrickchill\n|j|\u203dtheGARGANTUANpp\n|t:|1782827167\n|gametype|singles\n|player|p1|marrickchill|170|2117\n|player|p2|theGARGANTUANpp|1|2083\n|gen|9\n|tier|[Gen 9] Random Battle\n|rated|\n|rule|Species Clause: Limit one of each Pok\u00e9mon\n|rule|HP Percentage Mod: HP is shown in percentages\n|rule|Sleep Clause Mod: Limit one foe put to sleep\n|rule|Illusion Level Mod: Illusion disguises the Pok\u00e9mon's true level\n|\n|t:|1782827167\n|teamsize|p1|6\n|teamsize|p2|6\n|start\n|switch|p1a: Pincurchin|Pincurchin, M|258/258\n|switch|p2a: Brambleghast|Brambleghast, L88, M|240/240\n|-fieldstart|move: Electric Terrain|[from] ability: Electric Surge|[of] p1a: Pincurchin\n|turn|1\n|\n|t:|1782827181\n|move|p2a: Brambleghast|Poltergeist|p1a: Pincurchin\n|-activate|p1a: Pincurchin|move: Poltergeist|Leftovers\n|-damage|p1a: Pincurchin|140/258\n|move|p1a: Pincurchin|Curse|p1a: Pincurchin\n|-unboost|p1a: Pincurchin|spe|1\n|-boost|p1a: Pincurchin|atk|1\n|-boost|p1a: Pincurchin|def|1\n|\n|-heal|p1a: Pincurchin|156/258|[from] item: Leftovers\n|upkeep\n|turn|2\n|\n|t:|1782827203\n|switch|p2a: Grimmsnarl|Grimmsnarl, L83, M|293/293\n|move|p1a: Pincurchin|Recover|p1a: Pincurchin\n|-heal|p1a: Pincurchin|258/258\n|\n|upkeep\n|turn|3\n|\n|t:|1782827206\n|move|p2a: Grimmsnarl|Taunt|p1a: Pincurchin\n|-start|p1a: Pincurchin|move: Taunt\n|move|p1a: Pincurchin|Zing Zap|p2a: Grimmsnarl\n|-damage|p2a: Grimmsnarl|0 fnt\n|faint|p2a: Grimmsnarl\n|\n|upkeep\n|\n|t:|1782827224\n|switch|p2a: Dondozo|Dondozo, L78, M|362/362\n|turn|4\n|\n|t:|1782827227\n|-terastallize|p2a: Dondozo|Fairy\n|move|p2a: Dondozo|Curse|p2a: Dondozo\n|-unboost|p2a: Dondozo|spe|1\n|-boost|p2a: Dondozo|atk|1\n|-boost|p2a: Dondozo|def|1\n|move|p1a: Pincurchin|Zing Zap|p2a: Dondozo\n|-damage|p2a: Dondozo|272/362\n|\n|-heal|p2a: Dondozo|294/362|[from] item: Leftovers\n|upkeep\n|turn|5\n|\n|t:|1782827235\n|switch|p1a: Raikou|Raikou, L81|278/278\n|-ability|p1a: Raikou|Pressure\n|move|p2a: Dondozo|Curse|p2a: Dondozo\n|-unboost|p2a: Dondozo|spe|1\n|-boost|p2a: Dondozo|atk|1\n|-boost|p2a: Dondozo|def|1\n|\n|-heal|p2a: Dondozo|316/362|[from] item: Leftovers\n|-fieldend|move: Electric Terrain\n|upkeep\n|turn|6\n|\n|t:|1782827240\n|switch|p2a: Brambleghast|Brambleghast, L88, M|240/240\n|move|p1a: Raikou|Thunderbolt|p2a: Brambleghast\n|-resisted|p2a: Brambleghast\n|-damage|p2a: Brambleghast|157/240\n|\n|upkeep\n|turn|7\n|\n|t:|1782827248\n|switch|p1a: Pincurchin|Pincurchin, M|258/258\n|-fieldstart|move: Electric Terrain|[from] ability: Electric Surge|[of] p1a: Pincurchin\n|move|p2a: Brambleghast|Power Whip|p1a: Pincurchin\n|-damage|p1a: Pincurchin|131/258\n|\n|-heal|p1a: Pincurchin|147/258|[from] item: Leftovers\n|upkeep\n|turn|8\n|\n|t:|1782827253\n|switch|p2a: Dondozo|Dondozo, L78, M, tera:Fairy|316/362\n|move|p1a: Pincurchin|Recover|p1a: Pincurchin\n|-heal|p1a: Pincurchin|258/258\n|\n|-heal|p2a: Dondozo|338/362|[from] item: Leftovers\n|upkeep\n|turn|9\n|\n|t:|1782827257\n|switch|p1a: Raikou|Raikou, L81|278/278\n|-ability|p1a: Raikou|Pressure\n|move|p2a: Dondozo|Wave Crash|p1a: Raikou\n|-damage|p1a: Raikou|143/278\n|-damage|p2a: Dondozo|293/362|[from] Recoil\n|\n|-heal|p2a: Dondozo|315/362|[from] item: Leftovers\n|upkeep\n|turn|10\n|\n|t:|1782827261\n|switch|p2a: Brambleghast|Brambleghast, L88, M|157/240\n|move|p1a: Raikou|Shadow Ball|p2a: Brambleghast\n|-supereffective|p2a: Brambleghast\n|-damage|p2a: Brambleghast|0 fnt\n|faint|p2a: Brambleghast\n|\n|upkeep\n|\n|t:|1782827263\n|switch|p2a: Ribombee|Ribombee, L83, F|235/235\n|turn|11\n|\n|t:|1782827269\n|switch|p1a: Oricorio|Oricorio-Pa'u, L87, F|272/272\n|move|p2a: Ribombee|Sticky Web|p1a: Oricorio\n|-sidestart|p1: marrickchill|move: Sticky Web\n|\n|-fieldend|move: Electric Terrain\n|upkeep\n|turn|12\n|\n|t:|1782827274\n|move|p2a: Ribombee|Stun Spore|p1a: Oricorio\n|-status|p1a: Oricorio|par\n|move|p1a: Oricorio|Quiver Dance|p1a: Oricorio\n|-boost|p1a: Oricorio|spa|1\n|-boost|p1a: Oricorio|spd|1\n|-boost|p1a: Oricorio|spe|1\n|\n|upkeep\n|turn|13\n|\n|t:|1782827280\n|switch|p2a: Mandibuzz|Mandibuzz, L85, F|326/326\n|cant|p1a: Oricorio|par\n|\n|upkeep\n|turn|14\n|\n|t:|1782827283\n|switch|p1a: Pincurchin|Pincurchin, M|258/258\n|-activate|p1a: Pincurchin|move: Sticky Web\n|-unboost|p1a: Pincurchin|spe|1\n|-fieldstart|move: Electric Terrain|[from] ability: Electric Surge|[of] p1a: Pincurchin\n|move|p2a: Mandibuzz|Knock Off|p1a: Pincurchin\n|-damage|p1a: Pincurchin|200/258\n|-enditem|p1a: Pincurchin|Leftovers|[from] move: Knock Off|[of] p2a: Mandibuzz\n|\n|upkeep\n|turn|15\n|\n|t:|1782827288\n|switch|p2a: Dondozo|Dondozo, L78, M, tera:Fairy|315/362\n|move|p1a: Pincurchin|Zing Zap|p2a: Dondozo\n|-damage|p2a: Dondozo|168/362\n|\n|-heal|p2a: Dondozo|190/362|[from] item: Leftovers\n|upkeep\n|turn|16\n|\n|t:|1782827296\n|switch|p2a: Ribombee|Ribombee, L83, F|235/235\n|switch|p1a: Raikou|Raikou, L81|143/278\n|-activate|p1a: Raikou|move: Sticky Web\n|-unboost|p1a: Raikou|spe|1\n|-ability|p1a: Raikou|Pressure\n|\n|upkeep\n|turn|17\n|\n|t:|1782827299\n|move|p2a: Ribombee|Moonblast|p1a: Raikou\n|-damage|p1a: Raikou|53/278\n|-unboost|p1a: Raikou|spa|1\n|move|p1a: Raikou|Thunderbolt|p2a: Ribombee\n|-damage|p2a: Ribombee|88/235\n|\n|upkeep\n|turn|18\n|\n|t:|1782827304\n|switch|p1a: Oricorio|Oricorio-Pa'u, L87, F|272/272 par\n|move|p2a: Ribombee|Moonblast|p1a: Oricorio\n|-damage|p1a: Oricorio|161/272 par\n|\n|-fieldend|move: Electric Terrain\n|upkeep\n|turn|19\n|\n|t:|1782827312\n|switch|p2a: Mandibuzz|Mandibuzz, L85, F|326/326\n|move|p1a: Oricorio|Hurricane|p2a: Mandibuzz|[miss]\n|-miss|p1a: Oricorio|p2a: Mandibuzz\n|\n|upkeep\n|turn|20\n|\n|t:|1782827317\n|move|p2a: Mandibuzz|Toxic||[still]\n|-fail|p2a: Mandibuzz\n|move|p1a: Oricorio|Hurricane|p2a: Mandibuzz|[miss]\n|-miss|p1a: Oricorio|p2a: Mandibuzz\n|\n|upkeep\n|turn|21\n|\n|t:|1782827319\n|move|p2a: Mandibuzz|Knock Off|p1a: Oricorio\n|-supereffective|p1a: Oricorio\n|-damage|p1a: Oricorio|0 fnt\n|-enditem|p1a: Oricorio|Heavy-Duty Boots|[from] move: Knock Off|[of] p2a: Mandibuzz\n|faint|p1a: Oricorio\n|\n|upkeep\n|\n|t:|1782827322\n|switch|p1a: Pincurchin|Pincurchin, M|200/258\n|-activate|p1a: Pincurchin|move: Sticky Web\n|-unboost|p1a: Pincurchin|spe|1\n|-fieldstart|move: Electric Terrain|[from] ability: Electric Surge|[of] p1a: Pincurchin\n|turn|22\n|\n|t:|1782827325\n|switch|p2a: Dondozo|Dondozo, L78, M, tera:Fairy|190/362\n|move|p1a: Pincurchin|Zing Zap|p2a: Dondozo\n|-damage|p2a: Dondozo|60/362\n|\n|-heal|p2a: Dondozo|82/362|[from] item: Leftovers\n|upkeep\n|turn|23\n|\n|t:|1782827334\n|move|p2a: Dondozo|Wave Crash|p1a: Pincurchin\n|-damage|p1a: Pincurchin|110/258\n|-damage|p2a: Dondozo|52/362|[from] Recoil\n|move|p1a: Pincurchin|Zing Zap|p2a: Dondozo\n|-damage|p2a: Dondozo|0 fnt\n|faint|p2a: Dondozo\n|\n|upkeep\n|\n|t:|1782827341\n|switch|p2a: Ribombee|Ribombee, L83, F|88/235\n|turn|24\n|\n|t:|1782827345\n|move|p2a: Ribombee|Moonblast|p1a: Pincurchin\n|-damage|p1a: Pincurchin|25/258\n|-unboost|p1a: Pincurchin|spa|1\n|move|p1a: Pincurchin|Recover|p1a: Pincurchin\n|-heal|p1a: Pincurchin|154/258\n|\n|upkeep\n|turn|25\n|\n|t:|1782827348\n|move|p2a: Ribombee|Bug Buzz|p1a: Pincurchin\n|-damage|p1a: Pincurchin|75/258\n|move|p1a: Pincurchin|Zing Zap|p2a: Ribombee\n|-damage|p2a: Ribombee|0 fnt\n|faint|p2a: Ribombee\n|\n|upkeep\n|\n|t:|1782827350\n|switch|p2a: Noctowl|Noctowl, L95, F|344/344\n|turn|26\n|\n|t:|1782827354\n|switch|p1a: Raikou|Raikou, L81|53/278\n|-activate|p1a: Raikou|move: Sticky Web\n|-unboost|p1a: Raikou|spe|1\n|-ability|p1a: Raikou|Pressure\n|move|p2a: Noctowl|Hyper Voice|p1a: Raikou\n|-damage|p1a: Raikou|0 fnt\n|faint|p1a: Raikou\n|\n|-fieldend|move: Electric Terrain\n|upkeep\n|-message|theGARGANTUANpp forfeited.\n|\n|win|marrickchill\n", "inputlog": ">version f8ac14003a5f27e1bdc8d8c59608a773c1cb96e5\n>start {\"formatid\":\"gen9randombattle\",\"seed\":\"sodium,c082153ef63edab611e7e7e42958a9ac\",\"rated\":\"Rated battle\"}\n>player p1 {\"name\":\"marrickchill\",\"avatar\":\"170\",\"rating\":2117,\"seed\":\"sodium,86a2adfc0835db0dd47d977d4e29a5cd\"}\n>player p2 {\"name\":\"theGARGANTUANpp\",\"avatar\":\"1\",\"rating\":2083,\"seed\":\"sodium,d9bfa77cefbdade303bd63c0da2fb332\"}\n>p1 move curse\n>p2 move poltergeist\n>p1 move recover\n>p2 switch 3\n>p1 move zingzap\n>p2 move taunt\n>p2 switch 4\n>p1 move zingzap\n>p2 move curse terastallize\n>p1 switch 4\n>p2 move curse\n>p1 move thunderbolt\n>p2 switch 3\n>p1 switch 4\n>p2 move powerwhip\n>p1 move recover\n>p2 switch 3\n>p1 switch 4\n>p2 move wavecrash\n>p1 move shadowball\n>p2 switch 3\n>p2 switch 5\n>p1 switch 6\n>p2 move stickyweb\n>p1 move quiverdance\n>p2 move stunspore\n>p1 move revelationdance\n>p2 switch 2\n>p1 switch 4\n>p2 move knockoff\n>p1 move zingzap\n>p2 switch 3\n>p1 switch 6\n>p2 switch 2\n>p1 move thunderbolt\n>p2 move moonblast\n>p1 switch 4\n>p2 move moonblast\n>p1 move hurricane\n>p2 switch 3\n>p1 move hurricane\n>p2 move toxic\n>p1 move hurricane\n>p2 move knockoff\n>p1 switch 6\n>p1 move zingzap\n>p2 switch 2\n>p1 move zingzap\n>p2 move wavecrash\n>p2 switch 3\n>p1 move recover\n>p2 move moonblast\n>p1 move zingzap\n>p2 move bugbuzz\n>p2 switch 6\n>p1 switch 4\n>p2 move hypervoice\n>forcelose p2", "uploadtime": 1782827168, "views": 10, "formatid": "gen9randombattle", "rating": null, "private": 0, "password": null, "player_dets": [{"name": "marrickchill", "avatar": "170", "rating": 2117, "seed": "sodium,86a2adfc0835db0dd47d977d4e29a5cd"}, {"name": "theGARGANTUANpp", "avatar": "1", "rating": 2083, "seed": "sodium,d9bfa77cefbdade303bd63c0da2fb332"}], "teams_full": [{"Pincurchin": {"name": "Pincurchin", "species": "Pincurchin", "speciesId": "pincurchin", "gender": "M", "shiny": false, "level": 100, "moves": ["recover", "liquidation", "zingzap", "curse"], "ability": "Electric Surge", "evs": {"hp": 85, "atk": 85, "def": 85, "spa": 85, "spd": 85, "spe": 85}, "ivs": {"hp": 31, "atk": 31, "def": 31, "spa": 31, "spd": 31, "spe": 31}, "item": "Leftovers", "teraType": "Grass", "role": "Bulky Setup", "bvs": {"hp": 48, "atk": 101, "def": 95, "spa": 91, "spd": 85, "spe": 15}, "stats": {"hp": 258, "atk": 259, "def": 247, "spa": 239, "spd": 227, "spe": 87}, "types": ["Electric"]}, "Gogoat": {"name": "Gogoat", "species": "Gogoat", "speciesId": "gogoat", "gender": "F", "shiny": false, "level": 88, "moves": ["hornleech", "bulkup", "earthquake", "milkdrink"], "ability": "Sap Sipper", "evs": {"hp": 85, "atk": 85, "def": 85, "spa": 85, "spd": 85, "spe": 85}, "ivs": {"hp": 31, "atk": 31, "def": 31, "spa": 31, "spd": 31, "spe": 31}, "item": "Leftovers", "teraType": "Ground", "role": "Bulky Setup", "bvs": {"hp": 123, "atk": 100, "def": 62, "spa": 97, "spd": 81, "spe": 68}, "stats": {"hp": 360, "atk": 226, "def": 159, "spa": 221, "spd": 193, "spe": 170}, "types": ["Grass"]}, "Crabominable": {"name": "Crabominable", "species": "Crabominable", "speciesId": "crabominable", "gender": "M", "shiny": false, "level": 90, "moves": ["knockoff", "earthquake", "drainpunch", "icehammer"], "ability": "Iron Fist", "evs": {"hp": 85, "atk": 85, "def": 85, "spa": 85, "spd": 85, "spe": 85}, "ivs": {"hp": 31, "atk": 31, "def": 31, "spa": 31, "spd": 31, "spe": 31}, "item": "Assault Vest", "teraType": "Fighting", "role": "AV Pivot", "bvs": {"hp": 97, "atk": 132, "def": 77, "spa": 62, "spd": 67, "spe": 43}, "stats": {"hp": 321, "atk": 289, "def": 190, "spa": 163, "spd": 172, "spe": 129}, "types": ["Fighting", "Ice"]}, "Raikou": {"name": "Raikou", "species": "Raikou", "speciesId": "raikou", "gender": "N", "shiny": false, "level": 81, "moves": ["thunderbolt", "voltswitch", "shadowball", "scald"], "ability": "Pressure", "evs": {"hp": 85, "atk": 0, "def": 85, "spa": 85, "spd": 85, "spe": 85}, "ivs": {"hp": 31, "atk": 0, "def": 31, "spa": 31, "spd": 31, "spe": 31}, "item": "Choice Specs", "teraType": "Water", "role": "Bulky Attacker", "bvs": {"hp": 90, "atk": 85, "def": 75, "spa": 115, "spd": 100, "spe": 115}, "stats": {"hp": 278, "atk": 142, "def": 168, "spa": 233, "spd": 209, "spe": 233}, "types": ["Electric"]}, "Bruxish": {"name": "Bruxish", "species": "Bruxish", "speciesId": "bruxish", "gender": "F", "shiny": false, "level": 85, "moves": ["icefang", "flipturn", "psychicfangs", "wavecrash"], "ability": "Strong Jaw", "evs": {"hp": 85, "atk": 85, "def": 85, "spa": 85, "spd": 85, "spe": 85}, "ivs": {"hp": 31, "atk": 31, "def": 31, "spa": 31, "spd": 31, "spe": 31}, "item": "Choice Scarf", "teraType": "Psychic", "role": "Fast Attacker", "bvs": {"hp": 68, "atk": 105, "def": 70, "spa": 70, "spd": 70, "spe": 92}, "stats": {"hp": 254, "atk": 227, "def": 168, "spa": 168, "spd": 168, "spe": 205}, "types": ["Water", "Psychic"]}, "Oricorio": {"name": "Oricorio", "species": "Oricorio-Pa'u", "speciesId": "oricoriopau", "gender": "F", "shiny": false, "level": 87, "moves": ["revelationdance", "quiverdance", "roost", "hurricane"], "ability": "Dancer", "evs": {"hp": 85, "atk": 0, "def": 85, "spa": 85, "spd": 85, "spe": 85}, "ivs": {"hp": 31, "atk": 0, "def": 31, "spa": 31, "spd": 31, "spe": 31}, "item": "Heavy-Duty Boots", "teraType": "Ground", "role": "Setup Sweeper", "bvs": {"hp": 75, "atk": 70, "def": 70, "spa": 98, "spd": 70, "spe": 93}, "stats": {"hp": 272, "atk": 126, "def": 172, "spa": 220, "spd": 172, "spe": 212}, "types": ["Psychic", "Flying"]}}, {"Brambleghast": {"name": "Brambleghast", "species": "Brambleghast", "speciesId": "brambleghast", "gender": "M", "shiny": false, "level": 88, "moves": ["poltergeist", "rapidspin", "strengthsap", "powerwhip"], "ability": "Wind Rider", "evs": {"hp": 85, "atk": 85, "def": 85, "spa": 85, "spd": 85, "spe": 85}, "ivs": {"hp": 31, "atk": 31, "def": 31, "spa": 31, "spd": 31, "spe": 31}, "item": "Heavy-Duty Boots", "teraType": "Steel", "role": "Fast Support", "bvs": {"hp": 55, "atk": 115, "def": 70, "spa": 80, "spd": 70, "spe": 90}, "stats": {"hp": 240, "atk": 253, "def": 173, "spa": 191, "spd": 173, "spe": 209}, "types": ["Grass", "Ghost"]}, "Mandibuzz": {"name": "Mandibuzz", "species": "Mandibuzz", "speciesId": "mandibuzz", "gender": "F", "shiny": false, "level": 85, "moves": ["roost", "knockoff", "toxic", "bravebird"], "ability": "Overcoat", "evs": {"hp": 85, "atk": 85, "def": 85, "spa": 85, "spd": 85, "spe": 85}, "ivs": {"hp": 31, "atk": 31, "def": 31, "spa": 31, "spd": 31, "spe": 31}, "item": "Heavy-Duty Boots", "teraType": "Steel", "role": "Bulky Attacker", "bvs": {"hp": 110, "atk": 65, "def": 105, "spa": 55, "spd": 95, "spe": 80}, "stats": {"hp": 326, "atk": 159, "def": 227, "spa": 142, "spd": 210, "spe": 185}, "types": ["Dark", "Flying"]}, "Grimmsnarl": {"name": "Grimmsnarl", "species": "Grimmsnarl", "speciesId": "grimmsnarl", "gender": "M", "shiny": false, "level": 83, "moves": ["suckerpunch", "taunt", "thunderwave", "spiritbreak"], "ability": "Prankster", "evs": {"hp": 85, "atk": 85, "def": 85, "spa": 85, "spd": 85, "spe": 85}, "ivs": {"hp": 31, "atk": 31, "def": 31, "spa": 31, "spd": 31, "spe": 31}, "item": "Leftovers", "teraType": "Poison", "role": "Bulky Attacker", "bvs": {"hp": 95, "atk": 120, "def": 65, "spa": 95, "spd": 75, "spe": 60}, "stats": {"hp": 293, "atk": 247, "def": 156, "spa": 205, "spd": 172, "spe": 147}, "types": ["Dark", "Fairy"]}, "Dondozo": {"name": "Dondozo", "species": "Dondozo", "speciesId": "dondozo", "gender": "M", "shiny": false, "level": 78, "moves": ["rest", "wavecrash", "sleeptalk", "curse"], "ability": "Unaware", "evs": {"hp": 85, "atk": 85, "def": 85, "spa": 85, "spd": 85, "spe": 85}, "ivs": {"hp": 31, "atk": 31, "def": 31, "spa": 31, "spd": 31, "spe": 31}, "item": "Leftovers", "teraType": "Fairy", "role": "Bulky Setup", "bvs": {"hp": 150, "atk": 100, "def": 115, "spa": 65, "spd": 65, "spe": 35}, "stats": {"hp": 362, "atk": 201, "def": 224, "spa": 146, "spd": 146, "spe": 100}, "types": ["Water"]}, "Ribombee": {"name": "Ribombee", "species": "Ribombee", "speciesId": "ribombee", "gender": "F", "shiny": false, "level": 83, "moves": ["stickyweb", "bugbuzz", "stunspore", "moonblast"], "ability": "Shield Dust", "evs": {"hp": 85, "atk": 0, "def": 85, "spa": 85, "spd": 85, "spe": 85}, "ivs": {"hp": 31, "atk": 0, "def": 31, "spa": 31, "spd": 31, "spe": 31}, "item": "Heavy-Duty Boots", "teraType": "Ghost", "role": "Fast Support", "bvs": {"hp": 60, "atk": 55, "def": 60, "spa": 95, "spd": 70, "spe": 124}, "stats": {"hp": 235, "atk": 96, "def": 147, "spa": 205, "spd": 164, "spe": 254}, "types": ["Bug", "Fairy"]}, "Noctowl": {"name": "Noctowl", "species": "Noctowl", "speciesId": "noctowl", "gender": "F", "shiny": false, "level": 95, "moves": ["hurricane", "roost", "hypervoice", "nastyplot"], "ability": "Tinted Lens", "evs": {"hp": 85, "atk": 0, "def": 85, "spa": 85, "spd": 85, "spe": 85}, "ivs": {"hp": 31, "atk": 0, "def": 31, "spa": 31, "spd": 31, "spe": 31}, "item": "Heavy-Duty Boots", "teraType": "Steel", "role": "Bulky Attacker", "bvs": {"hp": 100, "atk": 50, "def": 50, "spa": 86, "spd": 96, "spe": 70}, "stats": {"hp": 344, "atk": 100, "def": 149, "spa": 217, "spd": 236, "spe": 187}, "types": ["Normal", "Flying"]}}]}