{"id": "gen9randombattle-2641237049", "format": "[Gen 9] Random Battle", "players": ["StanRichards", "RUiNtheExtinct"], "log": "|j|\u2606StanRichards\n|j|\u2606RUiNtheExtinct\n|t:|1782757419\n|gametype|singles\n|player|p1|StanRichards|1|1651\n|player|p2|RUiNtheExtinct|red-gen7|1615\n|gen|9\n|tier|[Gen 9] Random Battle\n|rated|\n|rule|Species Clause: Limit one of each Pok\u00e9mon\n|rule|HP Percentage Mod: HP is shown in percentages\n|rule|Sleep Clause Mod: Limit one foe put to sleep\n|rule|Illusion Level Mod: Illusion disguises the Pok\u00e9mon's true level\n|\n|t:|1782757419\n|teamsize|p1|6\n|teamsize|p2|6\n|start\n|switch|p1a: Bruxish|Bruxish, L85, M|254/254\n|switch|p2a: Greedent|Greedent, L86, M|347/347\n|turn|1\n|inactive|Battle timer is ON: inactive players will automatically lose when time's up. (requested by RUiNtheExtinct)\n|\n|t:|1782757435\n|move|p1a: Bruxish|Swords Dance|p1a: Bruxish\n|-boost|p1a: Bruxish|atk|2\n|move|p2a: Greedent|Knock Off|p1a: Bruxish\n|-supereffective|p1a: Bruxish\n|-damage|p1a: Bruxish|76/254\n|-enditem|p1a: Bruxish|Life Orb|[from] move: Knock Off|[of] p2a: Greedent\n|\n|upkeep\n|turn|2\n|\n|t:|1782757442\n|move|p1a: Bruxish|Wave Crash|p2a: Greedent\n|-damage|p2a: Greedent|89/347\n|-enditem|p2a: Greedent|Sitrus Berry|[eat]\n|-heal|p2a: Greedent|175/347|[from] item: Sitrus Berry\n|-heal|p2a: Greedent|290/347|[from] ability: Cheek Pouch\n|-damage|p1a: Bruxish|0 fnt|[from] Recoil\n|faint|p1a: Bruxish\n|move|p2a: Greedent|Knock Off|p1: Bruxish|[notarget]\n|-fail|p2a: Greedent\n|\n|upkeep\n|\n|t:|1782757453\n|switch|p1a: Arbok|Arbok, L87, F|246/246\n|-ability|p1a: Arbok|Intimidate|boost\n|-unboost|p2a: Greedent|atk|1\n|turn|3\n|\n|t:|1782757460\n|move|p1a: Arbok|Coil|p1a: Arbok\n|-boost|p1a: Arbok|atk|1\n|-boost|p1a: Arbok|def|1\n|-boost|p1a: Arbok|accuracy|1\n|move|p2a: Greedent|Swords Dance|p2a: Greedent\n|-boost|p2a: Greedent|atk|2\n|\n|upkeep\n|turn|4\n|\n|t:|1782757467\n|move|p1a: Arbok|Gunk Shot|p2a: Greedent\n|-damage|p2a: Greedent|119/347\n|move|p2a: Greedent|Swords Dance|p2a: Greedent\n|-boost|p2a: Greedent|atk|2\n|\n|upkeep\n|turn|5\n|\n|t:|1782757475\n|move|p1a: Arbok|Gunk Shot|p2a: Greedent\n|-damage|p2a: Greedent|0 fnt\n|faint|p2a: Greedent\n|\n|upkeep\n|\n|t:|1782757479\n|switch|p2a: Skarmory|Skarmory, L80, F|235/235\n|turn|6\n|\n|t:|1782757487\n|move|p1a: Arbok|Coil|p1a: Arbok\n|-boost|p1a: Arbok|atk|1\n|-boost|p1a: Arbok|def|1\n|-boost|p1a: Arbok|accuracy|1\n|move|p2a: Skarmory|Iron Defense|p2a: Skarmory\n|-boost|p2a: Skarmory|def|2\n|\n|upkeep\n|turn|7\n|\n|t:|1782757509\n|move|p1a: Arbok|Coil|p1a: Arbok\n|-boost|p1a: Arbok|atk|1\n|-boost|p1a: Arbok|def|1\n|-boost|p1a: Arbok|accuracy|1\n|move|p2a: Skarmory|Iron Defense|p2a: Skarmory\n|-boost|p2a: Skarmory|def|2\n|\n|upkeep\n|turn|8\n|\n|t:|1782757515\n|move|p1a: Arbok|Coil|p1a: Arbok\n|-boost|p1a: Arbok|atk|1\n|-boost|p1a: Arbok|def|1\n|-boost|p1a: Arbok|accuracy|1\n|move|p2a: Skarmory|Iron Defense|p2a: Skarmory\n|-boost|p2a: Skarmory|def|2\n|\n|upkeep\n|turn|9\n|\n|t:|1782757520\n|move|p1a: Arbok|Coil|p1a: Arbok\n|-boost|p1a: Arbok|atk|1\n|-boost|p1a: Arbok|def|1\n|-boost|p1a: Arbok|accuracy|1\n|move|p2a: Skarmory|Body Press|p1a: Arbok\n|-resisted|p1a: Arbok\n|-damage|p1a: Arbok|201/246\n|\n|-heal|p1a: Arbok|216/246|[from] item: Leftovers\n|upkeep\n|turn|10\n|\n|t:|1782757528\n|move|p1a: Arbok|Coil|p1a: Arbok\n|-boost|p1a: Arbok|atk|1\n|-boost|p1a: Arbok|def|1\n|-boost|p1a: Arbok|accuracy|1\n|move|p2a: Skarmory|Body Press|p1a: Arbok\n|-resisted|p1a: Arbok\n|-damage|p1a: Arbok|172/246\n|\n|-heal|p1a: Arbok|187/246|[from] item: Leftovers\n|upkeep\n|turn|11\n|\n|t:|1782757536\n|move|p1a: Arbok|Trailblaze|p2a: Skarmory\n|-resisted|p2a: Skarmory\n|-damage|p2a: Skarmory|229/235\n|-boost|p1a: Arbok|spe|1\n|move|p2a: Skarmory|Body Press|p1a: Arbok\n|-resisted|p1a: Arbok\n|-damage|p1a: Arbok|144/246\n|\n|-heal|p1a: Arbok|159/246|[from] item: Leftovers\n|-heal|p2a: Skarmory|235/235|[from] item: Leftovers\n|upkeep\n|turn|12\n|c|\u2606RUiNtheExtinct|heh\n|\n|t:|1782757556\n|move|p1a: Arbok|Trailblaze|p2a: Skarmory\n|-resisted|p2a: Skarmory\n|-damage|p2a: Skarmory|229/235\n|-boost|p1a: Arbok|spe|1\n|move|p2a: Skarmory|Body Press|p1a: Arbok\n|-resisted|p1a: Arbok\n|-damage|p1a: Arbok|118/246\n|\n|-heal|p1a: Arbok|133/246|[from] item: Leftovers\n|-heal|p2a: Skarmory|235/235|[from] item: Leftovers\n|upkeep\n|turn|13\n|-message|StanRichards forfeited.\n|\n|win|RUiNtheExtinct\n|raw|StanRichards's rating: 1651 &rarr; <strong>1629</strong><br />(-22 for losing)\n|raw|RUiNtheExtinct's rating: 1615 &rarr; <strong>1637</strong><br />(+22 for winning)\n", "inputlog": ">version f8ac14003a5f27e1bdc8d8c59608a773c1cb96e5\n>start {\"formatid\":\"gen9randombattle\",\"seed\":\"sodium,1ca28fa133dfef348ff7576a3f916ce1\",\"rated\":\"Rated battle\"}\n>player p1 {\"name\":\"StanRichards\",\"avatar\":\"1\",\"rating\":1651,\"seed\":\"sodium,ffa1cd1c5d18c92f324d60cd4a1e3a90\"}\n>player p2 {\"name\":\"RUiNtheExtinct\",\"avatar\":\"red-gen7\",\"rating\":1615,\"seed\":\"sodium,df2f790a92b8aac2765e7da6b33f6294\"}\n>p1 move swordsdance\n>p2 move knockoff\n>p1 move wavecrash\n>p2 move knockoff\n>p1 switch 5\n>p1 move coil\n>p2 move swordsdance\n>p1 move gunkshot\n>p2 move swordsdance\n>p1 move gunkshot\n>p2 move earthquake\n>p2 switch 5\n>p1 move coil\n>p2 move irondefense\n>p1 move coil\n>p2 move irondefense\n>p1 move coil\n>p2 move irondefense\n>p1 move coil\n>p2 move bodypress\n>p1 move coil\n>p2 move bodypress\n>p1 move trailblaze\n>p2 move bodypress\n>chat \u2606RUiNtheExtinct|heh\n>p1 move trailblaze\n>p2 move bodypress\n>forcelose p1", "uploadtime": 1782757566, "views": 5, "formatid": "gen9randombattle", "rating": 1629, "private": 0, "password": null, "player_dets": [{"name": "StanRichards", "avatar": "1", "rating": 1651, "seed": "sodium,ffa1cd1c5d18c92f324d60cd4a1e3a90"}, {"name": "RUiNtheExtinct", "avatar": "red-gen7", "rating": 1615, "seed": "sodium,df2f790a92b8aac2765e7da6b33f6294"}], "teams_full": [{"Bruxish": {"name": "Bruxish", "species": "Bruxish", "speciesId": "bruxish", "gender": "M", "shiny": false, "level": 85, "moves": ["psychicfangs", "crunch", "wavecrash", "swordsdance"], "ability": "Strong Jaw", "evs": {"hp": 85, "atk": 85, "def": 85, "spa": 85, "spd": 85, "spe": 85}, "ivs": {"hp": 31, "atk": 31, "def": 31, "spa": 31, "spd": 31, "spe": 31}, "item": "Life Orb", "teraType": "Dark", "role": "Fast Attacker", "bvs": {"hp": 68, "atk": 105, "def": 70, "spa": 70, "spd": 70, "spe": 92}, "stats": {"hp": 254, "atk": 227, "def": 168, "spa": 168, "spd": 168, "spe": 205}, "types": ["Water", "Psychic"]}, "Moltres": {"name": "Moltres", "species": "Moltres-Galar", "speciesId": "moltresgalar", "gender": "N", "shiny": false, "level": 79, "moves": ["hurricane", "nastyplot", "fierywrath", "rest"], "ability": "Berserk", "evs": {"hp": 81, "atk": 0, "def": 85, "spa": 85, "spd": 85, "spe": 85}, "ivs": {"hp": 31, "atk": 0, "def": 31, "spa": 31, "spd": 31, "spe": 31}, "item": "Chesto Berry", "teraType": "Steel", "role": "Bulky Setup", "bvs": {"hp": 90, "atk": 85, "def": 90, "spa": 100, "spd": 125, "spe": 90}, "stats": {"hp": 271, "atk": 139, "def": 188, "spa": 204, "spd": 243, "spe": 188}, "types": ["Dark", "Flying"]}, "Staraptor": {"name": "Staraptor", "species": "Staraptor", "speciesId": "staraptor", "gender": "F", "shiny": false, "level": 79, "moves": ["doubleedge", "uturn", "closecombat", "bravebird"], "ability": "Reckless", "evs": {"hp": 81, "atk": 85, "def": 85, "spa": 85, "spd": 85, "spe": 85}, "ivs": {"hp": 31, "atk": 31, "def": 31, "spa": 31, "spd": 31, "spe": 31}, "item": "Choice Band", "teraType": "Fighting", "role": "Fast Attacker", "bvs": {"hp": 85, "atk": 120, "def": 70, "spa": 50, "spd": 60, "spe": 100}, "stats": {"hp": 263, "atk": 235, "def": 156, "spa": 125, "spd": 140, "spe": 204}, "types": ["Normal", "Flying"]}, "Iron Valiant": {"name": "Iron Valiant", "species": "Iron Valiant", "speciesId": "ironvaliant", "gender": "N", "shiny": false, "level": 78, "moves": ["moonblast", "closecombat", "calmmind", "psychic"], "ability": "Quark Drive", "evs": {"hp": 85, "atk": 85, "def": 85, "spa": 85, "spd": 85, "spe": 85}, "ivs": {"hp": 31, "atk": 31, "def": 31, "spa": 31, "spd": 31, "spe": 31}, "item": "Life Orb", "teraType": "Fighting", "role": "Fast Attacker", "bvs": {"hp": 74, "atk": 130, "def": 90, "spa": 120, "spd": 60, "spe": 116}, "stats": {"hp": 244, "atk": 248, "def": 185, "spa": 232, "spd": 139, "spe": 226}, "types": ["Fairy", "Fighting"]}, "Arbok": {"name": "Arbok", "species": "Arbok", "speciesId": "arbok", "gender": "F", "shiny": false, "level": 87, "moves": ["gunkshot", "coil", "trailblaze", "earthquake"], "ability": "Intimidate", "evs": {"hp": 85, "atk": 85, "def": 85, "spa": 85, "spd": 85, "spe": 85}, "ivs": {"hp": 31, "atk": 31, "def": 31, "spa": 31, "spd": 31, "spe": 31}, "item": "Leftovers", "teraType": "Grass", "role": "Bulky Setup", "bvs": {"hp": 60, "atk": 95, "def": 69, "spa": 65, "spd": 79, "spe": 80}, "stats": {"hp": 246, "atk": 215, "def": 170, "spa": 163, "spd": 187, "spe": 189}, "types": ["Poison"]}, "Lunala": {"name": "Lunala", "species": "Lunala", "speciesId": "lunala", "gender": "N", "shiny": false, "level": 70, "moves": ["moonlight", "calmmind", "moongeistbeam", "moonblast"], "ability": "Shadow Shield", "evs": {"hp": 85, "atk": 0, "def": 85, "spa": 85, "spd": 85, "spe": 85}, "ivs": {"hp": 31, "atk": 0, "def": 31, "spa": 31, "spd": 31, "spe": 31}, "item": "Leftovers", "teraType": "Fairy", "role": "Bulky Setup", "bvs": {"hp": 137, "atk": 113, "def": 89, "spa": 137, "spd": 107, "spe": 97}, "stats": {"hp": 308, "atk": 163, "def": 166, "spa": 233, "spd": 191, "spe": 177}, "types": ["Psychic", "Ghost"]}}, {"Greedent": {"name": "Greedent", "species": "Greedent", "speciesId": "greedent", "gender": "M", "shiny": false, "level": 86, "moves": ["earthquake", "bodyslam", "knockoff", "swordsdance"], "ability": "Cheek Pouch", "evs": {"hp": 85, "atk": 85, "def": 85, "spa": 85, "spd": 85, "spe": 85}, "ivs": {"hp": 31, "atk": 31, "def": 31, "spa": 31, "spd": 31, "spe": 31}, "item": "Sitrus Berry", "teraType": "Ghost", "role": "Bulky Setup", "bvs": {"hp": 120, "atk": 95, "def": 95, "spa": 55, "spd": 75, "spe": 20}, "stats": {"hp": 347, "atk": 213, "def": 213, "spa": 144, "spd": 178, "spe": 84}, "types": ["Normal"]}, "Porygon-Z": {"name": "Porygon-Z", "species": "Porygon-Z", "speciesId": "porygonz", "gender": "N", "shiny": false, "level": 83, "moves": ["trick", "shadowball", "triattack", "icebeam"], "ability": "Adaptability", "evs": {"hp": 85, "atk": 0, "def": 85, "spa": 85, "spd": 85, "spe": 85}, "ivs": {"hp": 31, "atk": 0, "def": 31, "spa": 31, "spd": 31, "spe": 31}, "item": "Choice Scarf", "teraType": "Ghost", "role": "Fast Attacker", "bvs": {"hp": 85, "atk": 80, "def": 70, "spa": 135, "spd": 75, "spe": 90}, "stats": {"hp": 277, "atk": 137, "def": 164, "spa": 272, "spd": 172, "spe": 197}, "types": ["Normal"]}, "Zapdos": {"name": "Zapdos", "species": "Zapdos", "speciesId": "zapdos", "gender": "N", "shiny": false, "level": 78, "moves": ["hurricane", "heatwave", "discharge", "roost"], "ability": "Static", "evs": {"hp": 85, "atk": 0, "def": 85, "spa": 85, "spd": 85, "spe": 85}, "ivs": {"hp": 31, "atk": 0, "def": 31, "spa": 31, "spd": 31, "spe": 31}, "item": "Heavy-Duty Boots", "teraType": "Electric", "role": "Bulky Attacker", "bvs": {"hp": 90, "atk": 90, "def": 85, "spa": 125, "spd": 90, "spe": 100}, "stats": {"hp": 268, "atk": 145, "def": 178, "spa": 240, "spd": 185, "spe": 201}, "types": ["Electric", "Flying"]}, "Glaceon": {"name": "Glaceon", "species": "Glaceon", "speciesId": "glaceon", "gender": "F", "shiny": false, "level": 94, "moves": ["protect", "wish", "freezedry", "mudshot"], "ability": "Ice Body", "evs": {"hp": 85, "atk": 0, "def": 85, "spa": 85, "spd": 85, "spe": 85}, "ivs": {"hp": 31, "atk": 0, "def": 31, "spa": 31, "spd": 31, "spe": 31}, "item": "Heavy-Duty Boots", "teraType": "Ground", "role": "Bulky Attacker", "bvs": {"hp": 65, "atk": 60, "def": 110, "spa": 130, "spd": 95, "spe": 65}, "stats": {"hp": 275, "atk": 117, "def": 260, "spa": 298, "spd": 232, "spe": 176}, "types": ["Ice"]}, "Skarmory": {"name": "Skarmory", "species": "Skarmory", "speciesId": "skarmory", "gender": "F", "shiny": false, "level": 80, "moves": ["irondefense", "bravebird", "roost", "bodypress"], "ability": "Sturdy", "evs": {"hp": 85, "atk": 85, "def": 85, "spa": 85, "spd": 85, "spe": 85}, "ivs": {"hp": 31, "atk": 31, "def": 31, "spa": 31, "spd": 31, "spe": 31}, "item": "Leftovers", "teraType": "Fighting", "role": "Bulky Setup", "bvs": {"hp": 65, "atk": 80, "def": 140, "spa": 40, "spd": 70, "spe": 70}, "stats": {"hp": 235, "atk": 174, "def": 270, "spa": 110, "spd": 158, "spe": 158}, "types": ["Steel", "Flying"]}, "Iron Moth": {"name": "Iron Moth", "species": "Iron Moth", "speciesId": "ironmoth", "gender": "N", "shiny": false, "level": 78, "moves": ["fierydance", "energyball", "uturn", "sludgewave"], "ability": "Quark Drive", "evs": {"hp": 85, "atk": 85, "def": 85, "spa": 85, "spd": 85, "spe": 85}, "ivs": {"hp": 31, "atk": 31, "def": 31, "spa": 31, "spd": 31, "spe": 31}, "item": "Choice Specs", "teraType": "Fire", "role": "Fast Attacker", "bvs": {"hp": 80, "atk": 70, "def": 60, "spa": 140, "spd": 110, "spe": 110}, "stats": {"hp": 253, "atk": 154, "def": 139, "spa": 263, "spd": 217, "spe": 217}, "types": ["Fire", "Poison"]}}]}