{"id": "gen9randombattle-2641462952", "format": "[Gen 9] Random Battle", "players": ["yellowyoshi2", "who's jellies?"], "log": "|j|\u2606yellowyoshi2\n|j|\u2606who's jellies?\n|t:|1782788615\n|gametype|singles\n|player|p1|yellowyoshi2|fisherman|1561\n|player|p2|who's jellies?|swimmer|1538\n|gen|9\n|tier|[Gen 9] Random Battle\n|rated|\n|rule|Species Clause: Limit one of each Pok\u00e9mon\n|rule|HP Percentage Mod: HP is shown in percentages\n|rule|Sleep Clause Mod: Limit one foe put to sleep\n|rule|Illusion Level Mod: Illusion disguises the Pok\u00e9mon's true level\n|\n|t:|1782788615\n|teamsize|p1|6\n|teamsize|p2|6\n|start\n|switch|p1a: Hariyama|Hariyama, L87, M|392/392\n|switch|p2a: Skuntank|Skuntank, L84, M|310/310\n|turn|1\n|inactive|Battle timer is ON: inactive players will automatically lose when time's up. (requested by yellowyoshi2)\n|\n|t:|1782788625\n|move|p2a: Skuntank|Toxic Spikes|p1a: Hariyama\n|-sidestart|p1: yellowyoshi2|move: Toxic Spikes\n|move|p1a: Hariyama|Heavy Slam|p2a: Skuntank\n|-damage|p2a: Skuntank|182/310\n|\n|upkeep\n|turn|2\n|\n|t:|1782788647\n|move|p2a: Skuntank|Gunk Shot|p1a: Hariyama|[miss]\n|-miss|p2a: Skuntank|p1a: Hariyama\n|move|p1a: Hariyama|Close Combat|p2a: Skuntank\n|-damage|p2a: Skuntank|0 fnt\n|-unboost|p1a: Hariyama|def|1\n|-unboost|p1a: Hariyama|spd|1\n|-damage|p1a: Hariyama|294/392|[from] ability: Aftermath|[of] p2a: Skuntank\n|faint|p2a: Skuntank\n|\n|upkeep\n|\n|t:|1782788661\n|switch|p2a: Mewtwo|Mewtwo, L72|272/272\n|-ability|p2a: Mewtwo|Pressure\n|turn|3\n|\n|t:|1782788673\n|switch|p1a: Wyrdeer|Wyrdeer, L87, M|235/235\n|-status|p1a: Wyrdeer|psn\n|move|p2a: Mewtwo|Psystrike|p1a: Wyrdeer\n|-immune|p1a: Wyrdeer\n|\n|-damage|p1a: Wyrdeer|206/235 psn|[from] psn\n|upkeep\n|turn|4\n|\n|t:|1782788691\n|switch|p2a: Goodra|Goodra-Hisui, L82, F|265/265\n|move|p1a: Wyrdeer|Nasty Plot|p1a: Wyrdeer\n|-boost|p1a: Wyrdeer|spa|2\n|\n|-damage|p1a: Wyrdeer|177/235 psn|[from] psn\n|upkeep\n|turn|5\n|\n|t:|1782788702\n|move|p1a: Wyrdeer|Dark Pulse|p2a: Goodra\n|-damage|p2a: Goodra|144/265\n|-damage|p1a: Wyrdeer|154/235 psn|[from] item: Life Orb\n|move|p2a: Goodra|Heavy Slam|p1a: Wyrdeer\n|-damage|p1a: Wyrdeer|18/235 psn\n|replace|p1a: Zoroark|Zoroark, L83, M\n|-end|p1a: Zoroark|Illusion\n|-hint|Illusion Level Mod is active, so this Pok\u00e9mon's true level was hidden.\n|\n|-damage|p1a: Zoroark|0 fnt|[from] psn\n|faint|p1a: Zoroark\n|upkeep\n|\n|t:|1782788723\n|switch|p1a: Wyrdeer|Wyrdeer, L87, M|321/321\n|-status|p1a: Wyrdeer|psn\n|-ability|p1a: Wyrdeer|Intimidate|boost\n|-unboost|p2a: Goodra|atk|1\n|turn|6\n|\n|t:|1782788732\n|move|p1a: Wyrdeer|Earthquake|p2a: Goodra\n|-supereffective|p2a: Goodra\n|-damage|p2a: Goodra|0 fnt\n|faint|p2a: Goodra\n|\n|-damage|p1a: Wyrdeer|281/321 psn|[from] psn\n|upkeep\n|\n|t:|1782788742\n|switch|p2a: Mewtwo|Mewtwo, L72|272/272\n|-ability|p2a: Mewtwo|Pressure\n|turn|7\n|\n|t:|1782788748\n|move|p2a: Mewtwo|Dark Pulse|p1a: Wyrdeer\n|-supereffective|p1a: Wyrdeer\n|-damage|p1a: Wyrdeer|156/321 psn\n|-damage|p2a: Mewtwo|245/272|[from] item: Life Orb\n|move|p1a: Wyrdeer|Megahorn|p2a: Mewtwo|[miss]\n|-miss|p1a: Wyrdeer|p2a: Mewtwo\n|\n|-damage|p1a: Wyrdeer|116/321 psn|[from] psn\n|upkeep\n|turn|8\n|\n|t:|1782788758\n|move|p2a: Mewtwo|Dark Pulse|p1a: Wyrdeer\n|-supereffective|p1a: Wyrdeer\n|-damage|p1a: Wyrdeer|4/321 psn\n|-damage|p2a: Mewtwo|218/272|[from] item: Life Orb\n|move|p1a: Wyrdeer|Megahorn|p2a: Mewtwo\n|-supereffective|p2a: Mewtwo\n|-damage|p2a: Mewtwo|6/272\n|\n|-damage|p1a: Wyrdeer|0 fnt|[from] psn\n|faint|p1a: Wyrdeer\n|upkeep\n|\n|t:|1782788767\n|switch|p1a: Drifblim|Drifblim, L86, M|396/396\n|turn|9\n|\n|t:|1782788775\n|move|p2a: Mewtwo|Dark Pulse|p1a: Drifblim\n|-supereffective|p1a: Drifblim\n|-damage|p1a: Drifblim|196/396\n|-enditem|p1a: Drifblim|Sitrus Berry|[eat]\n|-heal|p1a: Drifblim|295/396|[from] item: Sitrus Berry\n|-damage|p2a: Mewtwo|0 fnt|[from] item: Life Orb\n|faint|p2a: Mewtwo\n|move|p1a: Drifblim|Calm Mind|p1a: Drifblim\n|-boost|p1a: Drifblim|spa|1\n|-boost|p1a: Drifblim|spd|1\n|\n|upkeep\n|\n|t:|1782788790\n|switch|p2a: Iron Hands|Iron Hands, L79|373/373\n|turn|10\n|\n|t:|1782788803\n|move|p1a: Drifblim|Shadow Ball|p2a: Iron Hands\n|-crit|p2a: Iron Hands\n|-damage|p2a: Iron Hands|210/373\n|move|p2a: Iron Hands|Thunder Punch|p1a: Drifblim\n|-supereffective|p1a: Drifblim\n|-damage|p1a: Drifblim|0 fnt\n|faint|p1a: Drifblim\n|\n|upkeep\n|\n|t:|1782788811\n|switch|p1a: Hariyama|Hariyama, L87, M|294/392\n|-status|p1a: Hariyama|psn\n|turn|11\n|\n|t:|1782788826\n|-end|p2a: Iron Hands|Quark Drive|[silent]\n|switch|p2a: Tatsugiri|Tatsugiri, L87, F|260/260\n|move|p1a: Hariyama|Close Combat|p2a: Tatsugiri\n|-damage|p2a: Tatsugiri|43/260\n|-unboost|p1a: Hariyama|def|1\n|-unboost|p1a: Hariyama|spd|1\n|\n|-damage|p1a: Hariyama|245/392 psn|[from] psn\n|upkeep\n|turn|12\n|\n|t:|1782788837\n|move|p2a: Tatsugiri|Draco Meteor|p1a: Hariyama\n|-damage|p1a: Hariyama|11/392 psn\n|-unboost|p2a: Tatsugiri|spa|2\n|move|p1a: Hariyama|Knock Off|p2a: Tatsugiri\n|-damage|p2a: Tatsugiri|0 fnt\n|-enditem|p2a: Tatsugiri|Heavy-Duty Boots|[from] move: Knock Off|[of] p1a: Hariyama\n|faint|p2a: Tatsugiri\n|\n|-damage|p1a: Hariyama|0 fnt|[from] psn\n|faint|p1a: Hariyama\n|upkeep\n|\n|t:|1782788854\n|switch|p2a: Iron Hands|Iron Hands, L79|210/373\n|switch|p1a: Palafin|Palafin, L77, F|281/281\n|-status|p1a: Palafin|psn\n|turn|13\n|\n|t:|1782788866\n|detailschange|p1a: Palafin|Palafin-Hero, L77, F\n|switch|p1a: Alcremie|Alcremie-Ruby-Swirl, L90, F|263/263\n|-status|p1a: Alcremie|psn\n|move|p2a: Iron Hands|Fake Out|p1a: Alcremie\n|-damage|p1a: Alcremie|225/263 psn\n|\n|-heal|p1a: Alcremie|241/263 psn|[from] item: Leftovers\n|-damage|p1a: Alcremie|209/263 psn|[from] psn\n|upkeep\n|turn|14\n|\n|t:|1782788879\n|-terastallize|p2a: Iron Hands|Electric\n|move|p1a: Alcremie|Alluring Voice|p2a: Iron Hands\n|-damage|p2a: Iron Hands|114/373\n|move|p2a: Iron Hands|Thunder Punch|p1a: Alcremie\n|-damage|p1a: Alcremie|77/263 psn\n|\n|-heal|p1a: Alcremie|93/263 psn|[from] item: Leftovers\n|-damage|p1a: Alcremie|61/263 psn|[from] psn\n|upkeep\n|turn|15\n|\n|t:|1782788901\n|move|p1a: Alcremie|Alluring Voice|p2a: Iron Hands\n|-damage|p2a: Iron Hands|12/373\n|move|p2a: Iron Hands|Thunder Punch|p1a: Alcremie\n|-damage|p1a: Alcremie|0 fnt\n|faint|p1a: Alcremie\n|\n|upkeep\n|\n|t:|1782788903\n|switch|p1a: Palafin|Palafin-Hero, L77, F|281/281 psn\n|-activate|p1a: Palafin|ability: Zero to Hero\n|turn|16\n|\n|t:|1782788913\n|move|p1a: Palafin|Jet Punch|p2a: Iron Hands\n|-damage|p2a: Iron Hands|0 fnt\n|faint|p2a: Iron Hands\n|-end|p2a: Iron Hands|Quark Drive|[silent]\n|\n|-damage|p1a: Palafin|246/281 psn|[from] psn\n|upkeep\n|\n|t:|1782788920\n|switch|p2a: Dunsparce|Dunsparce, L86, F|312/312\n|turn|17\n|\n|t:|1782788931\n|move|p1a: Palafin|Bulk Up|p1a: Palafin\n|-boost|p1a: Palafin|atk|1\n|-boost|p1a: Palafin|def|1\n|move|p2a: Dunsparce|Coil|p2a: Dunsparce\n|-boost|p2a: Dunsparce|atk|1\n|-boost|p2a: Dunsparce|def|1\n|-boost|p2a: Dunsparce|accuracy|1\n|\n|-heal|p1a: Palafin|263/281 psn|[from] item: Leftovers\n|-damage|p1a: Palafin|228/281 psn|[from] psn\n|upkeep\n|turn|18\n|\n|t:|1782788941\n|move|p1a: Palafin|Drain Punch|p2a: Dunsparce\n|-supereffective|p2a: Dunsparce\n|-damage|p2a: Dunsparce|200/312\n|-heal|p1a: Palafin|281/281 psn|[from] drain|[of] p2a: Dunsparce\n|move|p2a: Dunsparce|Coil|p2a: Dunsparce\n|-boost|p2a: Dunsparce|atk|1\n|-boost|p2a: Dunsparce|def|1\n|-boost|p2a: Dunsparce|accuracy|1\n|\n|-damage|p1a: Palafin|246/281 psn|[from] psn\n|upkeep\n|turn|19\n|\n|t:|1782788952\n|move|p1a: Palafin|Bulk Up|p1a: Palafin\n|-boost|p1a: Palafin|atk|1\n|-boost|p1a: Palafin|def|1\n|move|p2a: Dunsparce|Coil|p2a: Dunsparce\n|-boost|p2a: Dunsparce|atk|1\n|-boost|p2a: Dunsparce|def|1\n|-boost|p2a: Dunsparce|accuracy|1\n|\n|-heal|p1a: Palafin|263/281 psn|[from] item: Leftovers\n|-damage|p1a: Palafin|228/281 psn|[from] psn\n|upkeep\n|turn|20\n|\n|t:|1782788963\n|move|p1a: Palafin|Bulk Up|p1a: Palafin\n|-boost|p1a: Palafin|atk|1\n|-boost|p1a: Palafin|def|1\n|move|p2a: Dunsparce|Coil|p2a: Dunsparce\n|-boost|p2a: Dunsparce|atk|1\n|-boost|p2a: Dunsparce|def|1\n|-boost|p2a: Dunsparce|accuracy|1\n|\n|-heal|p1a: Palafin|245/281 psn|[from] item: Leftovers\n|-damage|p1a: Palafin|210/281 psn|[from] psn\n|upkeep\n|turn|21\n|\n|t:|1782788974\n|move|p1a: Palafin|Drain Punch|p2a: Dunsparce\n|-supereffective|p2a: Dunsparce\n|-damage|p2a: Dunsparce|120/312\n|-heal|p1a: Palafin|250/281 psn|[from] drain|[of] p2a: Dunsparce\n|move|p2a: Dunsparce|Coil|p2a: Dunsparce\n|-boost|p2a: Dunsparce|atk|1\n|-boost|p2a: Dunsparce|def|1\n|-boost|p2a: Dunsparce|accuracy|1\n|\n|-heal|p1a: Palafin|267/281 psn|[from] item: Leftovers\n|-damage|p1a: Palafin|232/281 psn|[from] psn\n|upkeep\n|turn|22\n|\n|t:|1782788985\n|move|p1a: Palafin|Drain Punch|p2a: Dunsparce\n|-supereffective|p2a: Dunsparce\n|-damage|p2a: Dunsparce|48/312\n|-heal|p1a: Palafin|268/281 psn|[from] drain|[of] p2a: Dunsparce\n|move|p2a: Dunsparce|Roost|p2a: Dunsparce\n|-heal|p2a: Dunsparce|204/312\n|-singleturn|p2a: Dunsparce|move: Roost\n|\n|-heal|p1a: Palafin|281/281 psn|[from] item: Leftovers\n|-damage|p1a: Palafin|246/281 psn|[from] psn\n|upkeep\n|turn|23\n|\n|t:|1782788997\n|move|p1a: Palafin|Bulk Up|p1a: Palafin\n|-boost|p1a: Palafin|atk|1\n|-boost|p1a: Palafin|def|1\n|move|p2a: Dunsparce|Coil|p2a: Dunsparce\n|-boost|p2a: Dunsparce|atk|1\n|-boost|p2a: Dunsparce|def|1\n|-boost|p2a: Dunsparce|accuracy|1\n|\n|-heal|p1a: Palafin|263/281 psn|[from] item: Leftovers\n|-damage|p1a: Palafin|228/281 psn|[from] psn\n|upkeep\n|turn|24\n|\n|t:|1782789007\n|move|p1a: Palafin|Bulk Up|p1a: Palafin\n|-boost|p1a: Palafin|atk|1\n|-boost|p1a: Palafin|def|1\n|move|p2a: Dunsparce|Body Slam|p1a: Palafin\n|-damage|p1a: Palafin|143/281 psn\n|\n|-heal|p1a: Palafin|160/281 psn|[from] item: Leftovers\n|-damage|p1a: Palafin|125/281 psn|[from] psn\n|upkeep\n|turn|25\n|\n|t:|1782789018\n|-terastallize|p1a: Palafin|Steel\n|move|p1a: Palafin|Drain Punch|p2a: Dunsparce\n|-supereffective|p2a: Dunsparce\n|-damage|p2a: Dunsparce|116/312\n|-heal|p1a: Palafin|169/281 psn|[from] drain|[of] p2a: Dunsparce\n|move|p2a: Dunsparce|Body Slam|p1a: Palafin\n|-resisted|p1a: Palafin\n|-damage|p1a: Palafin|124/281 psn\n|\n|-heal|p1a: Palafin|141/281 psn|[from] item: Leftovers\n|-damage|p1a: Palafin|106/281 psn|[from] psn\n|upkeep\n|turn|26\n|\n|t:|1782789031\n|move|p1a: Palafin|Drain Punch|p2a: Dunsparce\n|-supereffective|p2a: Dunsparce\n|-damage|p2a: Dunsparce|24/312\n|-heal|p1a: Palafin|152/281 psn|[from] drain|[of] p2a: Dunsparce\n|move|p2a: Dunsparce|Roost|p2a: Dunsparce\n|-heal|p2a: Dunsparce|180/312\n|-singleturn|p2a: Dunsparce|move: Roost\n|\n|-heal|p1a: Palafin|169/281 psn|[from] item: Leftovers\n|-damage|p1a: Palafin|134/281 psn|[from] psn\n|upkeep\n|turn|27\n|\n|t:|1782789042\n|move|p1a: Palafin|Drain Punch|p2a: Dunsparce\n|-supereffective|p2a: Dunsparce\n|-damage|p2a: Dunsparce|90/312\n|-heal|p1a: Palafin|179/281 psn|[from] drain|[of] p2a: Dunsparce\n|move|p2a: Dunsparce|Roost|p2a: Dunsparce\n|-heal|p2a: Dunsparce|246/312\n|-singleturn|p2a: Dunsparce|move: Roost\n|\n|-heal|p1a: Palafin|196/281 psn|[from] item: Leftovers\n|-damage|p1a: Palafin|161/281 psn|[from] psn\n|upkeep\n|turn|28\n|\n|t:|1782789053\n|move|p1a: Palafin|Drain Punch|p2a: Dunsparce\n|-supereffective|p2a: Dunsparce\n|-damage|p2a: Dunsparce|154/312\n|-heal|p1a: Palafin|207/281 psn|[from] drain|[of] p2a: Dunsparce\n|move|p2a: Dunsparce|Earthquake|p1a: Palafin\n|-supereffective|p1a: Palafin\n|-damage|p1a: Palafin|81/281 psn\n|\n|-heal|p1a: Palafin|98/281 psn|[from] item: Leftovers\n|-damage|p1a: Palafin|63/281 psn|[from] psn\n|upkeep\n|turn|29\n|\n|t:|1782789065\n|move|p1a: Palafin|Drain Punch|p2a: Dunsparce\n|-supereffective|p2a: Dunsparce\n|-damage|p2a: Dunsparce|66/312\n|-heal|p1a: Palafin|107/281 psn|[from] drain|[of] p2a: Dunsparce\n|move|p2a: Dunsparce|Roost|p2a: Dunsparce\n|-heal|p2a: Dunsparce|222/312\n|-singleturn|p2a: Dunsparce|move: Roost\n|\n|-heal|p1a: Palafin|124/281 psn|[from] item: Leftovers\n|-damage|p1a: Palafin|89/281 psn|[from] psn\n|upkeep\n|turn|30\n|\n|t:|1782789076\n|move|p1a: Palafin|Drain Punch|p2a: Dunsparce\n|-supereffective|p2a: Dunsparce\n|-damage|p2a: Dunsparce|130/312\n|-heal|p1a: Palafin|135/281 psn|[from] drain|[of] p2a: Dunsparce\n|move|p2a: Dunsparce|Earthquake|p1a: Palafin\n|-supereffective|p1a: Palafin\n|-damage|p1a: Palafin|1/281 psn\n|\n|-heal|p1a: Palafin|18/281 psn|[from] item: Leftovers\n|-damage|p1a: Palafin|0 fnt|[from] psn\n|faint|p1a: Palafin\n|\n|win|who's jellies?\n|raw|yellowyoshi2's rating: 1561 &rarr; <strong>1540</strong><br />(-21 for losing)\n|raw|who&apos;s jellies?'s rating: 1538 &rarr; <strong>1559</strong><br />(+21 for winning)\n|l|\u2606yellowyoshi2\n|player|p1|\n", "inputlog": ">version f8ac14003a5f27e1bdc8d8c59608a773c1cb96e5\n>start {\"formatid\":\"gen9randombattle\",\"seed\":\"sodium,5a12b97a1019f2a7db972cd1be32eb61\",\"rated\":\"Rated battle\"}\n>player p1 {\"name\":\"yellowyoshi2\",\"avatar\":\"fisherman\",\"rating\":1561,\"seed\":\"sodium,fe561785fc1bb1f95ad5f1fa7ac1cf96\"}\n>player p2 {\"name\":\"who's jellies?\",\"avatar\":\"swimmer\",\"rating\":1538,\"seed\":\"sodium,1d34a9e5db775f3da15833aee18d8ad6\"}\n>p1 move heavyslam\n>p2 move toxicspikes\n>p1 move closecombat\n>p2 move gunkshot\n>p2 switch 5\n>p1 switch 2\n>p2 move psystrike\n>p1 move nastyplot\n>p2 switch 2\n>p1 move darkpulse\n>p2 move heavyslam\n>p1 switch 6\n>p1 move earthquake\n>p2 move dracometeor\n>p2 switch 2\n>p1 move megahorn\n>p2 move darkpulse\n>p1 move megahorn\n>p2 move darkpulse\n>p1 switch 3\n>p1 move calmmind\n>p2 move darkpulse\n>p2 switch 3\n>p1 move shadowball\n>p2 move thunderpunch\n>p1 switch 2\n>p1 move closecombat\n>p2 switch 4\n>p1 move knockoff\n>p2 move dracometeor\n>p1 switch 4\n>p2 switch 4\n>p1 switch 5\n>p2 move fakeout\n>p1 move alluringvoice\n>p2 move thunderpunch terastallize\n>p1 move alluringvoice\n>p2 move thunderpunch\n>p1 switch 5\n>p1 move jetpunch\n>p2 move drainpunch\n>p2 switch 6\n>p1 move bulkup\n>p2 move coil\n>p1 move drainpunch\n>p2 move coil\n>p1 move bulkup\n>p2 move coil\n>p1 move bulkup\n>p2 move coil\n>p1 move drainpunch\n>p2 move coil\n>p1 move drainpunch\n>p2 move roost\n>p1 move bulkup\n>p2 move coil\n>p1 move bulkup\n>p2 move bodyslam\n>p1 move drainpunch terastallize\n>p2 move bodyslam\n>p1 move drainpunch\n>p2 move roost\n>p1 move drainpunch\n>p2 move roost\n>p1 move drainpunch\n>p2 move earthquake\n>p1 move drainpunch\n>p2 move roost\n>p1 move drainpunch\n>p2 move earthquake", "uploadtime": 1782789089, "views": 6, "formatid": "gen9randombattle", "rating": 1540, "private": 0, "password": null, "player_dets": [{"name": "yellowyoshi2", "avatar": "fisherman", "rating": 1561, "seed": "sodium,fe561785fc1bb1f95ad5f1fa7ac1cf96"}, {"name": "who's jellies?", "avatar": "swimmer", "rating": 1538, "seed": "sodium,1d34a9e5db775f3da15833aee18d8ad6"}], "teams_full": [{"Hariyama": {"name": "Hariyama", "species": "Hariyama", "speciesId": "hariyama", "gender": "M", "shiny": false, "level": 87, "moves": ["heavyslam", "stoneedge", "knockoff", "closecombat"], "ability": "Thick Fat", "evs": {"hp": 85, "atk": 85, "def": 85, "spa": 85, "spd": 85, "spe": 85}, "ivs": {"hp": 31, "atk": 31, "def": 31, "spa": 31, "spd": 31, "spe": 31}, "item": "Assault Vest", "teraType": "Steel", "role": "AV Pivot", "bvs": {"hp": 144, "atk": 120, "def": 60, "spa": 40, "spd": 60, "spe": 50}, "stats": {"hp": 392, "atk": 259, "def": 154, "spa": 119, "spd": 154, "spe": 137}, "types": ["Fighting"]}, "Zoroark": {"name": "Zoroark", "species": "Zoroark", "speciesId": "zoroark", "gender": "M", "shiny": false, "level": 83, "moves": ["nastyplot", "psychic", "darkpulse", "sludgebomb"], "ability": "Illusion", "evs": {"hp": 85, "atk": 0, "def": 85, "spa": 85, "spd": 85, "spe": 85}, "ivs": {"hp": 31, "atk": 0, "def": 31, "spa": 31, "spd": 31, "spe": 31}, "item": "Life Orb", "teraType": "Poison", "role": "Setup Sweeper", "bvs": {"hp": 60, "atk": 105, "def": 60, "spa": 120, "spd": 60, "spe": 105}, "stats": {"hp": 235, "atk": 179, "def": 147, "spa": 247, "spd": 147, "spe": 222}, "types": ["Dark"]}, "Drifblim": {"name": "Drifblim", "species": "Drifblim", "speciesId": "drifblim", "gender": "M", "shiny": false, "level": 86, "moves": ["calmmind", "strengthsap", "shadowball", "airslash"], "ability": "Unburden", "evs": {"hp": 73, "atk": 0, "def": 85, "spa": 85, "spd": 85, "spe": 85}, "ivs": {"hp": 31, "atk": 0, "def": 31, "spa": 31, "spd": 31, "spe": 31}, "item": "Sitrus Berry", "teraType": "Fairy", "role": "Bulky Attacker", "bvs": {"hp": 150, "atk": 80, "def": 44, "spa": 90, "spd": 54, "spe": 80}, "stats": {"hp": 396, "atk": 142, "def": 125, "spa": 204, "spd": 142, "spe": 187}, "types": ["Ghost", "Flying"]}, "Palafin": {"name": "Palafin", "species": "Palafin", "speciesId": "palafin", "gender": "F", "shiny": false, "level": 77, "moves": ["drainpunch", "jetpunch", "icepunch", "bulkup"], "ability": "Zero to Hero", "evs": {"hp": 85, "atk": 85, "def": 85, "spa": 85, "spd": 85, "spe": 85}, "ivs": {"hp": 31, "atk": 31, "def": 31, "spa": 31, "spd": 31, "spe": 31}, "item": "Leftovers", "teraType": "Steel", "role": "Bulky Setup", "bvs": {"hp": 100, "atk": 70, "def": 72, "spa": 53, "spd": 62, "spe": 100}, "stats": {"hp": 281, "atk": 152, "def": 155, "spa": 126, "spd": 140, "spe": 199}, "types": ["Water"]}, "Alcremie": {"name": "Alcremie", "species": "Alcremie-Ruby-Swirl", "speciesId": "alcremie", "gender": "F", "shiny": false, "level": 90, "moves": ["alluringvoice", "terablast", "calmmind", "recover"], "ability": "Aroma Veil", "evs": {"hp": 85, "atk": 0, "def": 85, "spa": 85, "spd": 85, "spe": 85}, "ivs": {"hp": 31, "atk": 0, "def": 31, "spa": 31, "spd": 31, "spe": 31}, "item": "Leftovers", "teraType": "Ground", "role": "Tera Blast user", "bvs": {"hp": 65, "atk": 60, "def": 75, "spa": 110, "spd": 121, "spe": 64}, "stats": {"hp": 263, "atk": 113, "def": 186, "spa": 249, "spd": 269, "spe": 167}, "types": ["Fairy"]}, "Wyrdeer": {"name": "Wyrdeer", "species": "Wyrdeer", "speciesId": "wyrdeer", "gender": "M", "shiny": false, "level": 87, "moves": ["bodyslam", "megahorn", "psychicnoise", "earthquake"], "ability": "Intimidate", "evs": {"hp": 85, "atk": 85, "def": 85, "spa": 85, "spd": 85, "spe": 85}, "ivs": {"hp": 31, "atk": 31, "def": 31, "spa": 31, "spd": 31, "spe": 31}, "item": "Assault Vest", "teraType": "Ground", "role": "Bulky Attacker", "bvs": {"hp": 103, "atk": 105, "def": 72, "spa": 105, "spd": 75, "spe": 65}, "stats": {"hp": 321, "atk": 232, "def": 175, "spa": 232, "spd": 180, "spe": 163}, "types": ["Normal", "Psychic"]}}, {"Skuntank": {"name": "Skuntank", "species": "Skuntank", "speciesId": "skuntank", "gender": "M", "shiny": false, "level": 84, "moves": ["toxicspikes", "knockoff", "gunkshot", "fireblast"], "ability": "Aftermath", "evs": {"hp": 85, "atk": 85, "def": 85, "spa": 85, "spd": 85, "spe": 85}, "ivs": {"hp": 31, "atk": 31, "def": 31, "spa": 31, "spd": 31, "spe": 31}, "item": "Focus Sash", "teraType": "Dark", "role": "Fast Support", "bvs": {"hp": 103, "atk": 93, "def": 67, "spa": 71, "spd": 61, "spe": 84}, "stats": {"hp": 310, "atk": 204, "def": 161, "spa": 167, "spd": 151, "spe": 189}, "types": ["Poison", "Dark"]}, "Goodra": {"name": "Goodra", "species": "Goodra-Hisui", "speciesId": "goodrahisui", "gender": "F", "shiny": false, "level": 82, "moves": ["hydropump", "thunderbolt", "heavyslam", "dracometeor"], "ability": "Sap Sipper", "evs": {"hp": 85, "atk": 85, "def": 85, "spa": 85, "spd": 85, "spe": 85}, "ivs": {"hp": 31, "atk": 31, "def": 31, "spa": 31, "spd": 31, "spe": 31}, "item": "Assault Vest", "teraType": "Dragon", "role": "AV Pivot", "bvs": {"hp": 80, "atk": 100, "def": 100, "spa": 110, "spd": 150, "spe": 60}, "stats": {"hp": 265, "atk": 211, "def": 211, "spa": 228, "spd": 293, "spe": 146}, "types": ["Steel", "Dragon"]}, "Iron Hands": {"name": "Iron Hands", "species": "Iron Hands", "speciesId": "ironhands", "gender": "N", "shiny": false, "level": 79, "moves": ["thunderpunch", "voltswitch", "fakeout", "drainpunch"], "ability": "Quark Drive", "evs": {"hp": 85, "atk": 85, "def": 85, "spa": 85, "spd": 85, "spe": 85}, "ivs": {"hp": 31, "atk": 31, "def": 31, "spa": 31, "spd": 31, "spe": 31}, "item": "Assault Vest", "teraType": "Electric", "role": "AV Pivot", "bvs": {"hp": 154, "atk": 140, "def": 108, "spa": 50, "spd": 68, "spe": 50}, "stats": {"hp": 373, "atk": 267, "def": 216, "spa": 125, "spd": 153, "spe": 125}, "types": ["Fighting", "Electric"]}, "Tatsugiri": {"name": "Tatsugiri", "species": "Tatsugiri", "speciesId": "tatsugiri", "gender": "F", "shiny": false, "level": 87, "moves": ["rapidspin", "surf", "nastyplot", "dracometeor"], "ability": "Storm Drain", "evs": {"hp": 85, "atk": 85, "def": 85, "spa": 85, "spd": 85, "spe": 85}, "ivs": {"hp": 31, "atk": 31, "def": 31, "spa": 31, "spd": 31, "spe": 31}, "item": "Heavy-Duty Boots", "teraType": "Steel", "role": "Fast Support", "bvs": {"hp": 68, "atk": 50, "def": 60, "spa": 120, "spd": 95, "spe": 82}, "stats": {"hp": 260, "atk": 137, "def": 154, "spa": 259, "spd": 215, "spe": 192}, "types": ["Dragon", "Water"]}, "Mewtwo": {"name": "Mewtwo", "species": "Mewtwo", "speciesId": "mewtwo", "gender": "N", "shiny": false, "level": 72, "moves": ["darkpulse", "fireblast", "psystrike", "nastyplot"], "ability": "Pressure", "evs": {"hp": 85, "atk": 0, "def": 85, "spa": 85, "spd": 85, "spe": 85}, "ivs": {"hp": 31, "atk": 0, "def": 31, "spa": 31, "spd": 31, "spe": 31}, "item": "Life Orb", "teraType": "Psychic", "role": "Setup Sweeper", "bvs": {"hp": 106, "atk": 110, "def": 90, "spa": 154, "spd": 90, "spe": 130}, "stats": {"hp": 272, "atk": 163, "def": 172, "spa": 264, "spd": 172, "spe": 229}, "types": ["Psychic"]}, "Dunsparce": {"name": "Dunsparce", "species": "Dunsparce", "speciesId": "dunsparce", "gender": "F", "shiny": false, "level": 86, "moves": ["bodyslam", "earthquake", "coil", "roost"], "ability": "Serene Grace", "evs": {"hp": 85, "atk": 85, "def": 85, "spa": 85, "spd": 85, "spe": 85}, "ivs": {"hp": 31, "atk": 31, "def": 31, "spa": 31, "spd": 31, "spe": 31}, "item": "Eviolite", "teraType": "Ghost", "role": "Bulky Setup", "bvs": {"hp": 100, "atk": 70, "def": 70, "spa": 65, "spd": 65, "spe": 45}, "stats": {"hp": 312, "atk": 170, "def": 170, "spa": 161, "spd": 161, "spe": 127}, "types": ["Normal"]}}]}