{"id": "gen9randombattle-2641568912", "format": "[Gen 9] Random Battle", "players": ["coolbai", "ohohiwantmore"], "log": "|j|\u2606coolbai\n|j|\u2606ohohiwantmore\n|t:|1782809955\n|gametype|singles\n|player|p1|coolbai|lucas|2125\n|player|p2|ohohiwantmore|169|2237\n|gen|9\n|tier|[Gen 9] Random Battle\n|rated|\n|rule|Species Clause: Limit one of each Pok\u00e9mon\n|rule|HP Percentage Mod: HP is shown in percentages\n|rule|Sleep Clause Mod: Limit one foe put to sleep\n|rule|Illusion Level Mod: Illusion disguises the Pok\u00e9mon's true level\n|\n|t:|1782809955\n|teamsize|p1|6\n|teamsize|p2|6\n|start\n|switch|p1a: Clawitzer|Clawitzer, L87, F|265/265\n|switch|p2a: Greninja|Greninja, L80, M|246/246\n|turn|1\n|inactive|Battle timer is ON: inactive players will automatically lose when time's up. (requested by ohohiwantmore)\n|j| Viozaq1\n|inactive|ohohiwantmore has 120 seconds left.\n|\n|t:|1782809986\n|switch|p2a: Oranguru|Oranguru, L92, F|315/315\n|move|p1a: Clawitzer|Aura Sphere|p2a: Oranguru\n|-damage|p2a: Oranguru|186/315\n|\n|-heal|p2a: Oranguru|205/315|[from] item: Leftovers\n|upkeep\n|turn|2\n|\n|t:|1782809996\n|switch|p1a: Braviary|Braviary-Hisui, L85, M|326/326\n|move|p2a: Oranguru|Thunderbolt|p1a: Braviary\n|-supereffective|p1a: Braviary\n|-damage|p1a: Braviary|152/326\n|-status|p1a: Braviary|par\n|\n|-heal|p2a: Oranguru|224/315|[from] item: Leftovers\n|upkeep\n|turn|3\n|\n|t:|1782810004\n|switch|p1a: Pikachu|Pikachu-Unova, L93, M|216/216\n|move|p2a: Oranguru|Thunderbolt|p1a: Pikachu\n|-ability|p1a: Pikachu|Lightning Rod|boost\n|-boost|p1a: Pikachu|spa|1\n|\n|-heal|p2a: Oranguru|243/315|[from] item: Leftovers\n|upkeep\n|turn|4\n|\n|t:|1782810012\n|move|p1a: Pikachu|Volt Tackle|p2a: Oranguru\n|-damage|p2a: Oranguru|45/315\n|-damage|p1a: Pikachu|151/216|[from] Recoil\n|move|p2a: Oranguru|Psychic|p1a: Pikachu\n|-damage|p1a: Pikachu|3/216\n|\n|-heal|p2a: Oranguru|64/315|[from] item: Leftovers\n|upkeep\n|turn|5\n|\n|t:|1782810022\n|move|p1a: Pikachu|Volt Switch|p2a: Oranguru\n|-damage|p2a: Oranguru|0 fnt\n|faint|p2a: Oranguru\n|\n|t:|1782810027\n|switch|p1a: Mienshao|Mienshao, L83, F|243/243|[from] Volt Switch\n|\n|upkeep\n|\n|t:|1782810035\n|switch|p2a: Smeargle|Smeargle, L95, M|258/258\n|turn|6\n|\n|t:|1782810041\n|-terastallize|p2a: Smeargle|Ghost\n|move|p1a: Mienshao|U-turn|p2a: Smeargle\n|-resisted|p2a: Smeargle\n|-damage|p2a: Smeargle|189/258\n|\n|t:|1782810048\n|switch|p1a: Braviary|Braviary-Hisui, L85, M|152/326 par|[from] U-turn\n|move|p2a: Smeargle|Spore||[still]\n|-fail|p2a: Smeargle\n|\n|upkeep\n|turn|7\n|\n|t:|1782810053\n|move|p2a: Smeargle|Sticky Web|p1a: Braviary\n|-sidestart|p1: coolbai|move: Sticky Web\n|move|p1a: Braviary|Hurricane|p2a: Smeargle\n|-damage|p2a: Smeargle|2/258\n|\n|upkeep\n|turn|8\n|\n|t:|1782810061\n|move|p2a: Smeargle|Ceaseless Edge|p1a: Braviary\n|-supereffective|p1a: Braviary\n|-damage|p1a: Braviary|92/326 par\n|-sidestart|p1: coolbai|Spikes\n|cant|p1a: Braviary|par\n|\n|upkeep\n|turn|9\n|\n|t:|1782810069\n|move|p2a: Smeargle|Ceaseless Edge|p1a: Braviary\n|-supereffective|p1a: Braviary\n|-damage|p1a: Braviary|38/326 par\n|-sidestart|p1: coolbai|Spikes\n|move|p1a: Braviary|Defog|p2a: Smeargle\n|-unboost|p2a: Smeargle|evasion|1\n|-sideend|p1: coolbai|Spikes|[from] move: Defog|[of] p1a: Braviary\n|-sideend|p1: coolbai|Sticky Web|[from] move: Defog|[of] p1a: Braviary\n|\n|upkeep\n|turn|10\n|\n|t:|1782810076\n|move|p2a: Smeargle|Sticky Web|p1a: Braviary\n|-sidestart|p1: coolbai|move: Sticky Web\n|move|p1a: Braviary|Esper Wing|p2a: Smeargle\n|-damage|p2a: Smeargle|0 fnt\n|-boost|p1a: Braviary|spe|1\n|faint|p2a: Smeargle\n|\n|upkeep\n|\n|t:|1782810080\n|switch|p2a: Greninja|Greninja, L80, M|246/246\n|turn|11\n|\n|t:|1782810086\n|switch|p1a: Clawitzer|Clawitzer, L87, F|265/265\n|-activate|p1a: Clawitzer|move: Sticky Web\n|-unboost|p1a: Clawitzer|spe|1\n|move|p2a: Greninja|Gunk Shot|p1a: Clawitzer\n|-damage|p1a: Clawitzer|165/265\n|-damage|p2a: Greninja|222/246|[from] item: Life Orb\n|\n|upkeep\n|turn|12\n|\n|t:|1782810096\n|switch|p2a: Scovillain|Scovillain, L91, M|266/266\n|move|p1a: Clawitzer|U-turn|p2a: Scovillain\n|-damage|p2a: Scovillain|214/266\n|\n|t:|1782810107\n|switch|p1a: Mienshao|Mienshao, L83, F|243/243|[from] U-turn\n|-activate|p1a: Mienshao|move: Sticky Web\n|-unboost|p1a: Mienshao|spe|1\n|\n|upkeep\n|turn|13\n|\n|t:|1782810121\n|move|p2a: Scovillain|Leaf Storm|p1a: Mienshao\n|-damage|p1a: Mienshao|0 fnt\n|-unboost|p2a: Scovillain|spa|2\n|faint|p1a: Mienshao\n|\n|upkeep\n|\n|t:|1782810133\n|switch|p1a: Clawitzer|Clawitzer, L87, F|165/265\n|-activate|p1a: Clawitzer|move: Sticky Web\n|-unboost|p1a: Clawitzer|spe|1\n|turn|14\n|\n|t:|1782810138\n|switch|p1a: Braviary|Braviary-Hisui, L85, M|38/326 par\n|move|p2a: Scovillain|Leaf Storm|p1a: Braviary\n|-resisted|p1a: Braviary\n|-damage|p1a: Braviary|0 fnt\n|-unboost|p2a: Scovillain|spa|2\n|faint|p1a: Braviary\n|\n|upkeep\n|\n|t:|1782810146\n|switch|p1a: Pikachu|Pikachu-Unova, L93, M|3/216\n|-activate|p1a: Pikachu|move: Sticky Web\n|-unboost|p1a: Pikachu|spe|1\n|turn|15\n|\n|t:|1782810152\n|move|p2a: Scovillain|Leaf Storm|p1a: Pikachu\n|-damage|p1a: Pikachu|0 fnt\n|-unboost|p2a: Scovillain|spa|2\n|faint|p1a: Pikachu\n|\n|upkeep\n|\n|t:|1782810153\n|switch|p1a: Stonjourner|Stonjourner, L91, F|330/330\n|-activate|p1a: Stonjourner|move: Sticky Web\n|-unboost|p1a: Stonjourner|spe|1\n|turn|16\n|\n|t:|1782810159\n|switch|p2a: Quaquaval|Quaquaval, L79, M|264/264\n|move|p1a: Stonjourner|Rock Polish|p1a: Stonjourner\n|-boost|p1a: Stonjourner|spe|2\n|\n|upkeep\n|turn|17\n|\n|t:|1782810174\n|-terastallize|p1a: Stonjourner|Ground\n|move|p1a: Stonjourner|Earthquake|p2a: Quaquaval\n|-damage|p2a: Quaquaval|21/264\n|-damage|p1a: Stonjourner|297/330|[from] item: Life Orb\n|move|p2a: Quaquaval|Aqua Step|p1a: Stonjourner\n|-supereffective|p1a: Stonjourner\n|-damage|p1a: Stonjourner|121/330\n|-boost|p2a: Quaquaval|spe|1\n|\n|upkeep\n|turn|18\n|\n|t:|1782810179\n|move|p2a: Quaquaval|Aqua Step|p1a: Stonjourner\n|-supereffective|p1a: Stonjourner\n|-damage|p1a: Stonjourner|0 fnt\n|-boost|p2a: Quaquaval|spe|1\n|faint|p1a: Stonjourner\n|-ability|p2a: Quaquaval|Moxie|boost\n|-boost|p2a: Quaquaval|atk|1\n|\n|upkeep\n|\n|t:|1782810181\n|switch|p1a: Froslass|Froslass, L87, F|263/263\n|-activate|p1a: Froslass|move: Sticky Web\n|-unboost|p1a: Froslass|spe|1\n|turn|19\n|\n|t:|1782810184\n|move|p2a: Quaquaval|Aqua Step|p1a: Froslass\n|-damage|p1a: Froslass|43/263\n|-boost|p2a: Quaquaval|spe|1\n|-start|p2a: Quaquaval|Disable|Aqua Step|[from] ability: Cursed Body|[of] p1a: Froslass\n|move|p1a: Froslass|Poltergeist|p2a: Quaquaval\n|-activate|p2a: Quaquaval|move: Poltergeist|Choice Band\n|-damage|p2a: Quaquaval|0 fnt\n|faint|p2a: Quaquaval\n|\n|upkeep\n|\n|t:|1782810188\n|switch|p2a: Greninja|Greninja, L80, M|222/246\n|turn|20\n|\n|t:|1782810192\n|move|p2a: Greninja|Dark Pulse|p1a: Froslass\n|-supereffective|p1a: Froslass\n|-damage|p1a: Froslass|0 fnt\n|faint|p1a: Froslass\n|-ability|p2a: Greninja|Battle Bond|boost\n|-boost|p2a: Greninja|atk|1\n|-boost|p2a: Greninja|spa|1\n|-boost|p2a: Greninja|spe|1\n|-activate|p2a: Greninja|ability: Battle Bond\n|-damage|p2a: Greninja|198/246|[from] item: Life Orb\n|\n|upkeep\n|\n|t:|1782810194\n|switch|p1a: Clawitzer|Clawitzer, L87, F|165/265\n|-activate|p1a: Clawitzer|move: Sticky Web\n|-unboost|p1a: Clawitzer|spe|1\n|turn|21\n|\n|t:|1782810196\n|move|p2a: Greninja|Dark Pulse|p1a: Clawitzer\n|-damage|p1a: Clawitzer|23/265\n|-damage|p2a: Greninja|174/246|[from] item: Life Orb\n|move|p1a: Clawitzer|Aura Sphere|p2a: Greninja\n|-supereffective|p2a: Greninja\n|-damage|p2a: Greninja|0 fnt\n|faint|p2a: Greninja\n|\n|upkeep\n|\n|t:|1782810201\n|switch|p2a: Scovillain|Scovillain, L91, M|214/266\n|turn|22\n|\n|t:|1782810204\n|move|p2a: Scovillain|Energy Ball|p1a: Clawitzer\n|-supereffective|p1a: Clawitzer\n|-damage|p1a: Clawitzer|0 fnt\n|faint|p1a: Clawitzer\n|\n|win|ohohiwantmore\n", "inputlog": ">version f8ac14003a5f27e1bdc8d8c59608a773c1cb96e5\n>start {\"formatid\":\"gen9randombattle\",\"seed\":\"sodium,6d8028d29ac04f34fa3da25391791fe4\",\"rated\":\"Rated battle\"}\n>player p1 {\"name\":\"coolbai\",\"avatar\":\"lucas\",\"rating\":2125,\"seed\":\"sodium,13b656e8979b737018edbec112dd2bf5\"}\n>player p2 {\"name\":\"ohohiwantmore\",\"avatar\":\"169\",\"rating\":2237,\"seed\":\"sodium,65f487b789185fdb340364a526d2ebfb\"}\n>p1 move aurasphere\n>p2 switch 6\n>p1 switch 6\n>p2 move thunderbolt\n>p1 switch 2\n>p2 move thunderbolt\n>p1 move volttackle\n>p2 move psychic\n>p1 move voltswitch\n>p2 move psychic\n>p1 switch 3\n>p2 switch 3\n>p1 move uturn\n>p2 move spore terastallize\n>p1 switch 2\n>p1 move hurricane\n>p2 move stickyweb\n>p1 move defog\n>p2 move ceaselessedge\n>p1 move defog\n>p2 move ceaselessedge\n>p1 move esperwing\n>p2 move stickyweb\n>p2 switch 6\n>p1 switch 6\n>p2 move gunkshot\n>p1 move uturn\n>p2 switch 5\n>p1 switch 2\n>p1 move highjumpkick\n>p2 move leafstorm\n>p1 switch 2\n>p1 switch 6\n>p2 move leafstorm\n>p1 switch 3\n>p1 move volttackle\n>p2 move leafstorm\n>p1 switch 5\n>p1 move rockpolish\n>p2 switch 2\n>p1 move earthquake terastallize\n>p2 move aquastep\n>p1 move earthquake\n>p2 move aquastep\n>p1 switch 4\n>p1 move poltergeist\n>p2 move aquastep\n>p2 switch 5\n>p1 move willowisp\n>p2 move darkpulse\n>p1 switch 6\n>p1 move aurasphere\n>p2 move darkpulse\n>p2 switch 2\n>p1 move aurasphere\n>p2 move energyball", "uploadtime": 1782809957, "views": 6, "formatid": "gen9randombattle", "rating": null, "private": 0, "password": null, "player_dets": [{"name": "coolbai", "avatar": "lucas", "rating": 2125, "seed": "sodium,13b656e8979b737018edbec112dd2bf5"}, {"name": "ohohiwantmore", "avatar": "169", "rating": 2237, "seed": "sodium,65f487b789185fdb340364a526d2ebfb"}], "teams_full": [{"Clawitzer": {"name": "Clawitzer", "species": "Clawitzer", "speciesId": "clawitzer", "gender": "F", "shiny": false, "level": 87, "moves": ["waterpulse", "darkpulse", "aurasphere", "uturn"], "ability": "Mega Launcher", "evs": {"hp": 85, "atk": 85, "def": 85, "spa": 85, "spd": 85, "spe": 85}, "ivs": {"hp": 31, "atk": 31, "def": 31, "spa": 31, "spd": 31, "spe": 31}, "item": "Choice Specs", "teraType": "Fighting", "role": "Wallbreaker", "bvs": {"hp": 71, "atk": 73, "def": 88, "spa": 120, "spd": 89, "spe": 59}, "stats": {"hp": 265, "atk": 177, "def": 203, "spa": 259, "spd": 205, "spe": 152}, "types": ["Water"]}, "Pikachu": {"name": "Pikachu", "species": "Pikachu-Unova", "speciesId": "pikachu", "gender": "M", "shiny": false, "level": 93, "moves": ["surf", "playrough", "volttackle", "voltswitch"], "ability": "Lightning Rod", "evs": {"hp": 85, "atk": 85, "def": 85, "spa": 85, "spd": 85, "spe": 85}, "ivs": {"hp": 31, "atk": 31, "def": 31, "spa": 31, "spd": 31, "spe": 31}, "item": "Light Ball", "teraType": "Water", "role": "Fast Attacker", "bvs": {"hp": 35, "atk": 55, "def": 40, "spa": 50, "spd": 50, "spe": 90}, "stats": {"hp": 216, "atk": 155, "def": 127, "spa": 146, "spd": 146, "spe": 220}, "types": ["Electric"]}, "Mienshao": {"name": "Mienshao", "species": "Mienshao", "speciesId": "mienshao", "gender": "F", "shiny": false, "level": 83, "moves": ["highjumpkick", "uturn", "stoneedge", "knockoff"], "ability": "Reckless", "evs": {"hp": 81, "atk": 85, "def": 85, "spa": 85, "spd": 85, "spe": 85}, "ivs": {"hp": 31, "atk": 31, "def": 31, "spa": 31, "spd": 31, "spe": 31}, "item": "Choice Band", "teraType": "Fighting", "role": "Wallbreaker", "bvs": {"hp": 65, "atk": 125, "def": 60, "spa": 95, "spd": 60, "spe": 105}, "stats": {"hp": 243, "atk": 255, "def": 147, "spa": 205, "spd": 147, "spe": 222}, "types": ["Fighting"]}, "Froslass": {"name": "Froslass", "species": "Froslass", "speciesId": "froslass", "gender": "F", "shiny": false, "level": 87, "moves": ["tripleaxel", "taunt", "poltergeist", "willowisp"], "ability": "Cursed Body", "evs": {"hp": 81, "atk": 85, "def": 85, "spa": 85, "spd": 85, "spe": 85}, "ivs": {"hp": 31, "atk": 31, "def": 31, "spa": 31, "spd": 31, "spe": 31}, "item": "Wide Lens", "teraType": "Ghost", "role": "Fast Support", "bvs": {"hp": 70, "atk": 80, "def": 70, "spa": 80, "spd": 70, "spe": 110}, "stats": {"hp": 263, "atk": 189, "def": 172, "spa": 189, "spd": 172, "spe": 241}, "types": ["Ice", "Ghost"]}, "Stonjourner": {"name": "Stonjourner", "species": "Stonjourner", "speciesId": "stonjourner", "gender": "F", "shiny": false, "level": 91, "moves": ["stoneedge", "heatcrash", "rockpolish", "earthquake"], "ability": "Power Spot", "evs": {"hp": 85, "atk": 85, "def": 85, "spa": 85, "spd": 85, "spe": 85}, "ivs": {"hp": 31, "atk": 31, "def": 31, "spa": 31, "spd": 31, "spe": 31}, "item": "Life Orb", "teraType": "Ground", "role": "Fast Attacker", "bvs": {"hp": 100, "atk": 125, "def": 135, "spa": 20, "spd": 20, "spe": 70}, "stats": {"hp": 330, "atk": 279, "def": 298, "spa": 88, "spd": 88, "spe": 179}, "types": ["Rock"]}, "Braviary": {"name": "Braviary", "species": "Braviary-Hisui", "speciesId": "braviaryhisui", "gender": "M", "shiny": false, "level": 85, "moves": ["hurricane", "defog", "roost", "esperwing"], "ability": "Tinted Lens", "evs": {"hp": 85, "atk": 0, "def": 85, "spa": 85, "spd": 85, "spe": 85}, "ivs": {"hp": 31, "atk": 0, "def": 31, "spa": 31, "spd": 31, "spe": 31}, "item": "Heavy-Duty Boots", "teraType": "Psychic", "role": "Bulky Attacker", "bvs": {"hp": 110, "atk": 83, "def": 70, "spa": 112, "spd": 70, "spe": 65}, "stats": {"hp": 326, "atk": 146, "def": 168, "spa": 239, "spd": 168, "spe": 159}, "types": ["Psychic", "Flying"]}}, {"Greninja": {"name": "Greninja", "species": "Greninja-Bond", "speciesId": "greninjabond", "gender": "M", "shiny": false, "level": 80, "moves": ["icebeam", "darkpulse", "hydropump", "gunkshot"], "ability": "Battle Bond", "evs": {"hp": 85, "atk": 85, "def": 85, "spa": 85, "spd": 85, "spe": 85}, "ivs": {"hp": 31, "atk": 31, "def": 31, "spa": 31, "spd": 31, "spe": 31}, "item": "Life Orb", "teraType": "Poison", "role": "Fast Attacker", "bvs": {"hp": 72, "atk": 95, "def": 67, "spa": 103, "spd": 71, "spe": 122}, "stats": {"hp": 246, "atk": 198, "def": 153, "spa": 211, "spd": 160, "spe": 241}, "types": ["Water", "Dark"]}, "Quaquaval": {"name": "Quaquaval", "species": "Quaquaval", "speciesId": "quaquaval", "gender": "M", "shiny": false, "level": 79, "moves": ["closecombat", "aquastep", "tripleaxel", "knockoff"], "ability": "Moxie", "evs": {"hp": 85, "atk": 85, "def": 85, "spa": 85, "spd": 85, "spe": 85}, "ivs": {"hp": 31, "atk": 31, "def": 31, "spa": 31, "spd": 31, "spe": 31}, "item": "Choice Band", "teraType": "Fighting", "role": "Wallbreaker", "bvs": {"hp": 85, "atk": 120, "def": 80, "spa": 85, "spd": 75, "spe": 85}, "stats": {"hp": 264, "atk": 235, "def": 172, "spa": 180, "spd": 164, "spe": 180}, "types": ["Water", "Fighting"]}, "Smeargle": {"name": "Smeargle", "species": "Smeargle", "speciesId": "smeargle", "gender": "M", "shiny": false, "level": 95, "moves": ["spore", "ceaselessedge", "stealthrock", "stickyweb"], "ability": "Own Tempo", "evs": {"hp": 85, "atk": 85, "def": 85, "spa": 85, "spd": 85, "spe": 85}, "ivs": {"hp": 31, "atk": 31, "def": 31, "spa": 31, "spd": 31, "spe": 31}, "item": "Focus Sash", "teraType": "Ghost", "role": "Fast Support", "bvs": {"hp": 55, "atk": 20, "def": 35, "spa": 20, "spd": 45, "spe": 75}, "stats": {"hp": 258, "atk": 92, "def": 120, "spa": 92, "spd": 139, "spe": 196}, "types": ["Normal"]}, "Falinks": {"name": "Falinks", "species": "Falinks", "speciesId": "falinks", "gender": "N", "shiny": false, "level": 84, "moves": ["closecombat", "noretreat", "ironhead", "knockoff"], "ability": "Defiant", "evs": {"hp": 85, "atk": 85, "def": 85, "spa": 85, "spd": 85, "spe": 85}, "ivs": {"hp": 31, "atk": 31, "def": 31, "spa": 31, "spd": 31, "spe": 31}, "item": "Life Orb", "teraType": "Dark", "role": "Setup Sweeper", "bvs": {"hp": 65, "atk": 100, "def": 100, "spa": 70, "spd": 60, "spe": 75}, "stats": {"hp": 246, "atk": 216, "def": 216, "spa": 166, "spd": 149, "spe": 174}, "types": ["Fighting"]}, "Scovillain": {"name": "Scovillain", "species": "Scovillain", "speciesId": "scovillain", "gender": "M", "shiny": false, "level": 91, "moves": ["energyball", "leafstorm", "overheat", "flamethrower"], "ability": "Chlorophyll", "evs": {"hp": 85, "atk": 0, "def": 85, "spa": 85, "spd": 85, "spe": 85}, "ivs": {"hp": 31, "atk": 0, "def": 31, "spa": 31, "spd": 31, "spe": 31}, "item": "Choice Scarf", "teraType": "Fire", "role": "Fast Attacker", "bvs": {"hp": 65, "atk": 108, "def": 65, "spa": 108, "spd": 65, "spe": 75}, "stats": {"hp": 266, "atk": 201, "def": 170, "spa": 248, "spd": 170, "spe": 188}, "types": ["Grass", "Fire"]}, "Oranguru": {"name": "Oranguru", "species": "Oranguru", "speciesId": "oranguru", "gender": "F", "shiny": false, "level": 92, "moves": ["thunderbolt", "psychic", "nastyplot", "focusblast"], "ability": "Inner Focus", "evs": {"hp": 85, "atk": 0, "def": 85, "spa": 85, "spd": 85, "spe": 85}, "ivs": {"hp": 31, "atk": 0, "def": 31, "spa": 31, "spd": 31, "spe": 31}, "item": "Leftovers", "teraType": "Electric", "role": "Bulky Attacker", "bvs": {"hp": 90, "atk": 60, "def": 80, "spa": 90, "spd": 110, "spe": 60}, "stats": {"hp": 315, "atk": 115, "def": 200, "spa": 218, "spd": 255, "spe": 163}, "types": ["Normal", "Psychic"]}}]}