{"id": "gen9randombattle-2641073106", "format": "[Gen 9] Random Battle", "players": ["Yomy", "FTAOCHAPHET"], "log": "|j|\u2606Yomy\n|j|\u2606FTAOCHAPHET\n|t:|1782736440\n|gametype|singles\n|player|p1|Yomy|ingo|2171\n|player|p2|FTAOCHAPHET|102|2241\n|gen|9\n|tier|[Gen 9] Random Battle\n|rated|\n|rule|Species Clause: Limit one of each Pok\u00e9mon\n|rule|HP Percentage Mod: HP is shown in percentages\n|rule|Sleep Clause Mod: Limit one foe put to sleep\n|rule|Illusion Level Mod: Illusion disguises the Pok\u00e9mon's true level\n|\n|t:|1782736440\n|teamsize|p1|6\n|teamsize|p2|6\n|start\n|switch|p1a: Avalugg|Avalugg, L88, M|310/310\n|switch|p2a: Hydreigon|Hydreigon, L79, M|275/275\n|turn|1\n|inactive|Battle timer is ON: inactive players will automatically lose when time's up. (requested by FTAOCHAPHET)\n|\n|t:|1782736483\n|switch|p1a: Muk|Muk-Alola, L82, M|306/306\n|move|p2a: Hydreigon|Dark Pulse|p1a: Muk\n|-resisted|p1a: Muk\n|-damage|p1a: Muk|267/306\n|\n|upkeep\n|turn|2\n|\n|t:|1782736505\n|switch|p2a: Dudunsparce|Dudunsparce-Three-Segment, L83, M|343/343\n|move|p1a: Muk|Knock Off|p2a: Dudunsparce\n|-damage|p2a: Dudunsparce|222/343\n|-ability|p2a: Dudunsparce|Rattled|boost\n|-boost|p2a: Dudunsparce|spe|1\n|-enditem|p2a: Dudunsparce|Leftovers|[from] move: Knock Off|[of] p1a: Muk\n|\n|upkeep\n|turn|3\n|\n|t:|1782736521\n|move|p2a: Dudunsparce|Calm Mind|p2a: Dudunsparce\n|-boost|p2a: Dudunsparce|spa|1\n|-boost|p2a: Dudunsparce|spd|1\n|move|p1a: Muk|Drain Punch|p2a: Dudunsparce\n|-supereffective|p2a: Dudunsparce\n|-damage|p2a: Dudunsparce|102/343\n|-heal|p1a: Muk|306/306|[from] drain|[of] p2a: Dudunsparce\n|\n|upkeep\n|turn|4\n|\n|t:|1782736535\n|-terastallize|p2a: Dudunsparce|Poison\n|move|p2a: Dudunsparce|Roost|p2a: Dudunsparce\n|-heal|p2a: Dudunsparce|274/343\n|move|p1a: Muk|Drain Punch|p2a: Dudunsparce\n|-resisted|p2a: Dudunsparce\n|-damage|p2a: Dudunsparce|245/343\n|\n|upkeep\n|turn|5\n|\n|t:|1782736557\n|switch|p1a: Glastrier|Glastrier, L86|311/311\n|move|p2a: Dudunsparce|Calm Mind|p2a: Dudunsparce\n|-boost|p2a: Dudunsparce|spa|1\n|-boost|p2a: Dudunsparce|spd|1\n|\n|upkeep\n|turn|6\n|\n|t:|1782736570\n|move|p2a: Dudunsparce|Boomburst|p1a: Glastrier\n|-damage|p1a: Glastrier|79/311\n|move|p1a: Glastrier|High Horsepower|p2a: Dudunsparce\n|-supereffective|p2a: Dudunsparce\n|-damage|p2a: Dudunsparce|0 fnt\n|faint|p2a: Dudunsparce\n|-ability|p1a: Glastrier|Chilling Neigh|boost\n|-boost|p1a: Glastrier|atk|1\n|\n|upkeep\n|\n|t:|1782736586\n|switch|p2a: Empoleon|Empoleon, L84, F|278/278\n|turn|7\n|\n|t:|1782736598\n|switch|p1a: Phione|Phione, L91|293/293\n|move|p2a: Empoleon|Surf|p1a: Phione\n|-resisted|p1a: Phione\n|-damage|p1a: Phione|245/293\n|\n|-heal|p1a: Phione|263/293|[from] item: Leftovers\n|upkeep\n|turn|8\n|\n|t:|1782736605\n|move|p1a: Phione|Take Heart|p1a: Phione\n|-boost|p1a: Phione|spa|1\n|-boost|p1a: Phione|spd|1\n|move|p2a: Empoleon|Stealth Rock|p1a: Phione\n|-sidestart|p1: Yomy|move: Stealth Rock\n|\n|-heal|p1a: Phione|281/293|[from] item: Leftovers\n|upkeep\n|turn|9\n|\n|t:|1782736611\n|switch|p2a: Toxtricity|Toxtricity, L82, F|257/257\n|move|p1a: Phione|Scald|p2a: Toxtricity\n|-damage|p2a: Toxtricity|107/257\n|\n|-heal|p1a: Phione|293/293|[from] item: Leftovers\n|upkeep\n|turn|10\n|\n|t:|1782736617\n|move|p1a: Phione|Scald|p2a: Toxtricity\n|-damage|p2a: Toxtricity|0 fnt\n|faint|p2a: Toxtricity\n|\n|upkeep\n|-message|FTAOCHAPHET forfeited.\n|\n|win|Yomy\n|raw|Yomy's rating: 2171 &rarr; <strong>2195</strong><br />(+24 for winning)\n|raw|FTAOCHAPHET's rating: 2241 &rarr; <strong>2217</strong><br />(-24 for losing)\n", "inputlog": ">version 3f8ef8cf60cebd2b18892af2794d10415e14a302\n>start {\"formatid\":\"gen9randombattle\",\"seed\":\"sodium,299c30986d9229e8dfb9fdc52582e846\",\"rated\":\"Rated battle\"}\n>player p1 {\"name\":\"Yomy\",\"avatar\":\"ingo\",\"rating\":2171,\"seed\":\"sodium,3578aef5a8d0322554af62eda33fa992\"}\n>player p2 {\"name\":\"FTAOCHAPHET\",\"avatar\":\"102\",\"rating\":2241,\"seed\":\"sodium,8d4be58f7fdf25e18d3c61f8b5bf6c03\"}\n>p1 switch 4\n>p2 move darkpulse\n>p1 move knockoff\n>p2 switch 4\n>p1 move drainpunch\n>p2 move calmmind\n>p1 move drainpunch\n>p2 move roost terastallize\n>p1 switch 6\n>p2 move calmmind\n>p1 move highhorsepower\n>p2 move boomburst\n>p2 switch 2\n>p1 switch 5\n>p2 move surf\n>p1 move takeheart\n>p2 move stealthrock\n>p1 move scald\n>p2 switch 5\n>p1 move scald\n>p2 move overdrive\n>forcelose p2", "uploadtime": 1782736442, "views": 7, "formatid": "gen9randombattle", "rating": 2195, "private": 0, "password": null, "player_dets": [{"name": "Yomy", "avatar": "ingo", "rating": 2171, "seed": "sodium,3578aef5a8d0322554af62eda33fa992"}, {"name": "FTAOCHAPHET", "avatar": "102", "rating": 2241, "seed": "sodium,8d4be58f7fdf25e18d3c61f8b5bf6c03"}], "teams_full": [{"Avalugg": {"name": "Avalugg", "species": "Avalugg", "speciesId": "avalugg", "gender": "M", "shiny": false, "level": 88, "moves": ["bodypress", "avalanche", "recover", "rapidspin"], "ability": "Sturdy", "evs": {"hp": 85, "atk": 85, "def": 85, "spa": 85, "spd": 85, "spe": 85}, "ivs": {"hp": 31, "atk": 31, "def": 31, "spa": 31, "spd": 31, "spe": 31}, "item": "Heavy-Duty Boots", "teraType": "Fighting", "role": "Bulky Support", "bvs": {"hp": 95, "atk": 117, "def": 184, "spa": 44, "spd": 46, "spe": 28}, "stats": {"hp": 310, "atk": 256, "def": 374, "spa": 128, "spd": 131, "spe": 100}, "types": ["Ice"]}, "Reuniclus": {"name": "Reuniclus", "species": "Reuniclus", "speciesId": "reuniclus", "gender": "M", "shiny": false, "level": 88, "moves": ["focusblast", "psyshock", "recover", "calmmind"], "ability": "Magic Guard", "evs": {"hp": 85, "atk": 0, "def": 85, "spa": 85, "spd": 85, "spe": 85}, "ivs": {"hp": 31, "atk": 0, "def": 31, "spa": 31, "spd": 31, "spe": 31}, "item": "Life Orb", "teraType": "Fighting", "role": "Bulky Setup", "bvs": {"hp": 110, "atk": 65, "def": 75, "spa": 125, "spd": 85, "spe": 30}, "stats": {"hp": 337, "atk": 119, "def": 182, "spa": 270, "spd": 200, "spe": 103}, "types": ["Psychic"]}, "Arceus": {"name": "Arceus", "species": "Arceus-Flying", "speciesId": "arceusflying", "gender": "N", "shiny": false, "level": 69, "moves": ["judgment", "calmmind", "earthpower", "recover"], "ability": "Multitype", "evs": {"hp": 81, "atk": 0, "def": 85, "spa": 85, "spd": 85, "spe": 85}, "ivs": {"hp": 31, "atk": 0, "def": 31, "spa": 31, "spd": 31, "spe": 31}, "item": "Sky Plate", "teraType": "Steel", "role": "Bulky Setup", "bvs": {"hp": 120, "atk": 120, "def": 120, "spa": 120, "spd": 120, "spe": 120}, "stats": {"hp": 279, "atk": 170, "def": 206, "spa": 206, "spd": 206, "spe": 206}, "types": ["Flying"]}, "Muk": {"name": "Muk", "species": "Muk-Alola", "speciesId": "mukalola", "gender": "M", "shiny": false, "level": 82, "moves": ["poisonjab", "knockoff", "drainpunch", "shadowsneak"], "ability": "Poison Touch", "evs": {"hp": 85, "atk": 85, "def": 85, "spa": 85, "spd": 85, "spe": 85}, "ivs": {"hp": 31, "atk": 31, "def": 31, "spa": 31, "spd": 31, "spe": 31}, "item": "Assault Vest", "teraType": "Fighting", "role": "AV Pivot", "bvs": {"hp": 105, "atk": 105, "def": 75, "spa": 65, "spd": 100, "spe": 50}, "stats": {"hp": 306, "atk": 219, "def": 170, "spa": 154, "spd": 211, "spe": 129}, "types": ["Poison", "Dark"]}, "Phione": {"name": "Phione", "species": "Phione", "speciesId": "phione", "gender": "N", "shiny": false, "level": 91, "moves": ["icebeam", "grassknot", "scald", "takeheart"], "ability": "Hydration", "evs": {"hp": 85, "atk": 0, "def": 85, "spa": 85, "spd": 85, "spe": 85}, "ivs": {"hp": 31, "atk": 0, "def": 31, "spa": 31, "spd": 31, "spe": 31}, "item": "Leftovers", "teraType": "Grass", "role": "Bulky Attacker", "bvs": {"hp": 80, "atk": 80, "def": 80, "spa": 80, "spd": 80, "spe": 80}, "stats": {"hp": 293, "atk": 150, "def": 197, "spa": 197, "spd": 197, "spe": 197}, "types": ["Water"]}, "Glastrier": {"name": "Glastrier", "species": "Glastrier", "speciesId": "glastrier", "gender": "N", "shiny": false, "level": 86, "moves": ["iciclecrash", "closecombat", "highhorsepower", "heavyslam"], "ability": "Chilling Neigh", "evs": {"hp": 81, "atk": 85, "def": 85, "spa": 85, "spd": 85, "spe": 85}, "ivs": {"hp": 31, "atk": 31, "def": 31, "spa": 31, "spd": 31, "spe": 31}, "item": "Choice Band", "teraType": "Fighting", "role": "Bulky Attacker", "bvs": {"hp": 100, "atk": 145, "def": 130, "spa": 65, "spd": 110, "spe": 30}, "stats": {"hp": 311, "atk": 299, "def": 273, "spa": 161, "spd": 238, "spe": 101}, "types": ["Ice"]}}, {"Hydreigon": {"name": "Hydreigon", "species": "Hydreigon", "speciesId": "hydreigon", "gender": "M", "shiny": false, "level": 79, "moves": ["darkpulse", "fireblast", "dracometeor", "flashcannon"], "ability": "Levitate", "evs": {"hp": 85, "atk": 0, "def": 85, "spa": 85, "spd": 85, "spe": 85}, "ivs": {"hp": 31, "atk": 0, "def": 31, "spa": 31, "spd": 31, "spe": 31}, "item": "Choice Specs", "teraType": "Steel", "role": "Fast Attacker", "bvs": {"hp": 92, "atk": 105, "def": 90, "spa": 125, "spd": 90, "spe": 98}, "stats": {"hp": 275, "atk": 170, "def": 188, "spa": 243, "spd": 188, "spe": 200}, "types": ["Dark", "Dragon"]}, "Empoleon": {"name": "Empoleon", "species": "Empoleon", "speciesId": "empoleon", "gender": "F", "shiny": false, "level": 84, "moves": ["icebeam", "surf", "stealthrock", "roost"], "ability": "Competitive", "evs": {"hp": 85, "atk": 0, "def": 85, "spa": 85, "spd": 85, "spe": 85}, "ivs": {"hp": 31, "atk": 0, "def": 31, "spa": 31, "spd": 31, "spe": 31}, "item": "Leftovers", "teraType": "Grass", "role": "Bulky Support", "bvs": {"hp": 84, "atk": 86, "def": 88, "spa": 111, "spd": 101, "spe": 60}, "stats": {"hp": 278, "atk": 149, "def": 196, "spa": 235, "spd": 218, "spe": 149}, "types": ["Water", "Steel"]}, "Banette": {"name": "Banette", "species": "Banette", "speciesId": "banette", "gender": "F", "shiny": false, "level": 93, "moves": ["shadowsneak", "poltergeist", "swordsdance", "gunkshot"], "ability": "Cursed Body", "evs": {"hp": 85, "atk": 85, "def": 85, "spa": 85, "spd": 85, "spe": 85}, "ivs": {"hp": 31, "atk": 31, "def": 31, "spa": 31, "spd": 31, "spe": 31}, "item": "Life Orb", "teraType": "Poison", "role": "Wallbreaker", "bvs": {"hp": 64, "atk": 115, "def": 65, "spa": 83, "spd": 63, "spe": 65}, "stats": {"hp": 270, "atk": 267, "def": 174, "spa": 207, "spd": 170, "spe": 174}, "types": ["Ghost"]}, "Dudunsparce": {"name": "Dudunsparce", "species": "Dudunsparce-Three-Segment", "speciesId": "dudunsparce", "gender": "M", "shiny": false, "level": 83, "moves": ["shadowball", "boomburst", "roost", "calmmind"], "ability": "Rattled", "evs": {"hp": 85, "atk": 0, "def": 85, "spa": 85, "spd": 85, "spe": 85}, "ivs": {"hp": 31, "atk": 0, "def": 31, "spa": 31, "spd": 31, "spe": 31}, "item": "Leftovers", "teraType": "Poison", "role": "Bulky Setup", "bvs": {"hp": 125, "atk": 100, "def": 80, "spa": 85, "spd": 75, "spe": 55}, "stats": {"hp": 343, "atk": 171, "def": 180, "spa": 189, "spd": 172, "spe": 139}, "types": ["Normal"]}, "Toxtricity": {"name": "Toxtricity", "species": "Toxtricity", "speciesId": "toxtricity", "gender": "F", "shiny": false, "level": 82, "moves": ["voltswitch", "overdrive", "sludgewave", "boomburst"], "ability": "Punk Rock", "evs": {"hp": 85, "atk": 0, "def": 85, "spa": 85, "spd": 85, "spe": 85}, "ivs": {"hp": 31, "atk": 0, "def": 31, "spa": 31, "spd": 31, "spe": 31}, "item": "Choice Specs", "teraType": "Normal", "role": "Fast Attacker", "bvs": {"hp": 75, "atk": 98, "def": 70, "spa": 114, "spd": 70, "spe": 75}, "stats": {"hp": 257, "atk": 165, "def": 162, "spa": 234, "spd": 162, "spe": 170}, "types": ["Electric", "Poison"]}, "Raging Bolt": {"name": "Raging Bolt", "species": "Raging Bolt", "speciesId": "ragingbolt", "gender": "N", "shiny": false, "level": 78, "moves": ["thunderbolt", "thunderclap", "dragonpulse", "calmmind"], "ability": "Protosynthesis", "evs": {"hp": 85, "atk": 0, "def": 85, "spa": 85, "spd": 85, "spe": 85}, "ivs": {"hp": 31, "atk": 0, "def": 31, "spa": 31, "spd": 31, "spe": 31}, "item": "Booster Energy", "teraType": "Electric", "role": "Fast Bulky Setup", "bvs": {"hp": 125, "atk": 73, "def": 91, "spa": 137, "spd": 89, "spe": 75}, "stats": {"hp": 323, "atk": 118, "def": 187, "spa": 259, "spd": 184, "spe": 162}, "types": ["Electric", "Dragon"]}}]}