{"id": "gen9randombattle-2641291387", "format": "[Gen 9] Random Battle", "players": ["Ash100985", "zorotatsuya"], "log": "|j|\u2606Ash100985\n|j|\u2606zorotatsuya\n|t:|1782763974\n|gametype|singles\n|player|p1|Ash100985|lucas-gen4pt|\n|player|p2|zorotatsuya|bellelba|\n|gen|9\n|tier|[Gen 9] Random Battle\n|rule|Species Clause: Limit one of each Pok\u00e9mon\n|rule|HP Percentage Mod: HP is shown in percentages\n|rule|Sleep Clause Mod: Limit one foe put to sleep\n|rule|Illusion Level Mod: Illusion disguises the Pok\u00e9mon's true level\n|\n|t:|1782763974\n|teamsize|p1|6\n|teamsize|p2|6\n|start\n|switch|p1a: Flutter Mane|Flutter Mane, L74|203/203\n|switch|p2a: Iron Hands|Iron Hands, L79|373/373\n|turn|1\n|inactive|Battle timer is ON: inactive players will automatically lose when time's up. (requested by zorotatsuya)\n|inactive|Ash100985 has 270 seconds left.\n|\n|t:|1782764006\n|-end|p2a: Iron Hands|Quark Drive|[silent]\n|switch|p2a: Iron Treads|Iron Treads, L77|265/265\n|move|p1a: Flutter Mane|Moonblast|p2a: Iron Treads\n|-resisted|p2a: Iron Treads\n|-damage|p2a: Iron Treads|210/265\n|-damage|p1a: Flutter Mane|183/203|[from] item: Life Orb\n|\n|upkeep\n|turn|2\n|\n|t:|1782764028\n|-end|p1a: Flutter Mane|Protosynthesis|[silent]\n|switch|p1a: Ditto|Ditto, L87|225/225\n|-transform|p1a: Ditto|p2a: Iron Treads|[from] ability: Imposter\n|-end|p2a: Iron Treads|Quark Drive|[silent]\n|switch|p2a: Noctowl|Noctowl, L95, F|344/344\n|\n|upkeep\n|turn|3\n|\n|t:|1782764042\n|move|p1a: Ditto|Iron Head|p2a: Noctowl\n|-damage|p2a: Noctowl|236/344\n|cant|p2a: Noctowl|flinch\n|\n|upkeep\n|turn|4\n|\n|t:|1782764046\n|move|p1a: Ditto|Iron Head|p2a: Noctowl\n|-damage|p2a: Noctowl|112/344\n|move|p2a: Noctowl|Roost|p2a: Noctowl\n|-heal|p2a: Noctowl|284/344\n|-singleturn|p2a: Noctowl|move: Roost\n|\n|upkeep\n|turn|5\n|\n|t:|1782764051\n|move|p1a: Ditto|Iron Head|p2a: Noctowl\n|-damage|p2a: Noctowl|175/344\n|cant|p2a: Noctowl|flinch\n|\n|upkeep\n|turn|6\n|\n|t:|1782764055\n|move|p1a: Ditto|Iron Head|p2a: Noctowl\n|-damage|p2a: Noctowl|54/344\n|cant|p2a: Noctowl|flinch\n|\n|upkeep\n|turn|7\n|\n|t:|1782764062\n|move|p1a: Ditto|Iron Head|p2a: Noctowl\n|-damage|p2a: Noctowl|0 fnt\n|faint|p2a: Noctowl\n|\n|upkeep\n|\n|t:|1782764069\n|switch|p2a: Leafeon|Leafeon, L88, F|258/258\n|turn|8\n|c|\u2606Ash100985|That was nasty, im sorry\n|c|\u2606zorotatsuya|flinch demon\n|\n|t:|1782764078\n|-end|p1a: Ditto|Quark Drive|[silent]\n|switch|p1a: Gogoat|Gogoat, L88, M|360/360\n|move|p2a: Leafeon|Swords Dance|p2a: Leafeon\n|-boost|p2a: Leafeon|atk|2\n|\n|upkeep\n|turn|9\n|\n|t:|1782764087\n|move|p2a: Leafeon|Swords Dance|p2a: Leafeon\n|-boost|p2a: Leafeon|atk|2\n|move|p1a: Gogoat|Bulk Up|p1a: Gogoat\n|-boost|p1a: Gogoat|atk|1\n|-boost|p1a: Gogoat|def|1\n|\n|upkeep\n|turn|10\n|\n|t:|1782764094\n|move|p2a: Leafeon|Knock Off|p1a: Gogoat\n|-damage|p1a: Gogoat|107/360\n|-enditem|p1a: Gogoat|Leftovers|[from] move: Knock Off|[of] p2a: Leafeon\n|-damage|p2a: Leafeon|233/258|[from] item: Life Orb\n|move|p1a: Gogoat|Bulk Up|p1a: Gogoat\n|-boost|p1a: Gogoat|atk|1\n|-boost|p1a: Gogoat|def|1\n|\n|upkeep\n|turn|11\n|\n|t:|1782764100\n|move|p2a: Leafeon|Knock Off|p1a: Gogoat\n|-damage|p1a: Gogoat|0 fnt\n|faint|p1a: Gogoat\n|-damage|p2a: Leafeon|208/258|[from] item: Life Orb\n|\n|upkeep\n|\n|t:|1782764112\n|switch|p1a: Ditto|Ditto, L87|225/225\n|-transform|p1a: Ditto|p2a: Leafeon|[from] ability: Imposter\n|turn|12\n|\n|t:|1782764123\n|-terastallize|p2a: Leafeon|Dark\n|move|p1a: Ditto|Knock Off|p2a: Leafeon\n|-resisted|p2a: Leafeon\n|-damage|p2a: Leafeon|126/258\n|-enditem|p2a: Leafeon|Life Orb|[from] move: Knock Off|[of] p1a: Ditto\n|move|p2a: Leafeon|Knock Off|p1a: Ditto\n|-damage|p1a: Ditto|0 fnt\n|-enditem|p1a: Ditto|Choice Scarf|[from] move: Knock Off|[of] p2a: Leafeon\n|faint|p1a: Ditto\n|\n|upkeep\n|\n|t:|1782764135\n|switch|p1a: Flutter Mane|Flutter Mane, L74|183/203\n|turn|13\n|\n|t:|1782764139\n|move|p1a: Flutter Mane|Moonblast|p2a: Leafeon\n|-supereffective|p2a: Leafeon\n|-damage|p2a: Leafeon|0 fnt\n|faint|p2a: Leafeon\n|-damage|p1a: Flutter Mane|163/203|[from] item: Life Orb\n|\n|upkeep\n|\n|t:|1782764141\n|switch|p2a: Iron Treads|Iron Treads, L77|210/265\n|turn|14\n|\n|t:|1782764150\n|-end|p1a: Flutter Mane|Protosynthesis|[silent]\n|switch|p1a: Cresselia|Cresselia, L80, F|323/323\n|move|p2a: Iron Treads|Rapid Spin|p1a: Cresselia\n|-damage|p1a: Cresselia|291/323\n|-boost|p2a: Iron Treads|spe|1\n|\n|-heal|p1a: Cresselia|311/323|[from] item: Leftovers\n|upkeep\n|turn|15\n|\n|t:|1782764161\n|move|p2a: Iron Treads|Knock Off|p1a: Cresselia\n|-supereffective|p1a: Cresselia\n|-crit|p1a: Cresselia\n|-damage|p1a: Cresselia|141/323\n|-enditem|p1a: Cresselia|Leftovers|[from] move: Knock Off|[of] p2a: Iron Treads\n|move|p1a: Cresselia|Calm Mind|p1a: Cresselia\n|-boost|p1a: Cresselia|spa|1\n|-boost|p1a: Cresselia|spd|1\n|\n|upkeep\n|turn|16\n|\n|t:|1782764174\n|-end|p2a: Iron Treads|Quark Drive|[silent]\n|switch|p2a: Alcremie|Alcremie-Rainbow-Swirl, L90, F|263/263\n|move|p1a: Cresselia|Moonlight|p1a: Cresselia\n|-heal|p1a: Cresselia|302/323\n|\n|upkeep\n|turn|17\n|\n|t:|1782764180\n|move|p1a: Cresselia|Calm Mind|p1a: Cresselia\n|-boost|p1a: Cresselia|spa|1\n|-boost|p1a: Cresselia|spd|1\n|move|p2a: Alcremie|Alluring Voice|p1a: Cresselia\n|-damage|p1a: Cresselia|259/323\n|-start|p1a: Cresselia|confusion\n|\n|upkeep\n|turn|18\n|\n|t:|1782764186\n|-activate|p1a: Cresselia|confusion\n|move|p1a: Cresselia|Psyshock|p2a: Alcremie\n|-damage|p2a: Alcremie|128/263\n|move|p2a: Alcremie|Calm Mind|p2a: Alcremie\n|-boost|p2a: Alcremie|spa|1\n|-boost|p2a: Alcremie|spd|1\n|\n|-heal|p2a: Alcremie|144/263|[from] item: Leftovers\n|upkeep\n|turn|19\n|\n|t:|1782764193\n|-activate|p1a: Cresselia|confusion\n|move|p1a: Cresselia|Psyshock|p2a: Alcremie\n|-damage|p2a: Alcremie|15/263\n|move|p2a: Alcremie|Recover|p2a: Alcremie\n|-heal|p2a: Alcremie|147/263\n|\n|-heal|p2a: Alcremie|163/263|[from] item: Leftovers\n|upkeep\n|turn|20\n|\n|t:|1782764199\n|-end|p1a: Cresselia|confusion\n|move|p1a: Cresselia|Calm Mind|p1a: Cresselia\n|-boost|p1a: Cresselia|spa|1\n|-boost|p1a: Cresselia|spd|1\n|move|p2a: Alcremie|Alluring Voice|p1a: Cresselia\n|-damage|p1a: Cresselia|202/323\n|-start|p1a: Cresselia|confusion\n|\n|-heal|p2a: Alcremie|179/263|[from] item: Leftovers\n|upkeep\n|turn|21\n|\n|t:|1782764206\n|-activate|p1a: Cresselia|confusion\n|move|p1a: Cresselia|Moonlight|p1a: Cresselia\n|-heal|p1a: Cresselia|323/323\n|move|p2a: Alcremie|Calm Mind|p2a: Alcremie\n|-boost|p2a: Alcremie|spa|1\n|-boost|p2a: Alcremie|spd|1\n|\n|-heal|p2a: Alcremie|195/263|[from] item: Leftovers\n|upkeep\n|turn|22\n|\n|t:|1782764211\n|-activate|p1a: Cresselia|confusion\n|move|p1a: Cresselia|Psyshock|p2a: Alcremie\n|-damage|p2a: Alcremie|38/263\n|move|p2a: Alcremie|Alluring Voice|p1a: Cresselia\n|-damage|p1a: Cresselia|245/323\n|\n|-heal|p2a: Alcremie|54/263|[from] item: Leftovers\n|upkeep\n|turn|23\n|\n|t:|1782764217\n|-activate|p1a: Cresselia|confusion\n|move|p1a: Cresselia|Psyshock|p2a: Alcremie\n|-damage|p2a: Alcremie|0 fnt\n|faint|p2a: Alcremie\n|\n|upkeep\n|\n|t:|1782764222\n|switch|p2a: Iron Treads|Iron Treads, L77|210/265\n|turn|24\n|\n|t:|1782764225\n|move|p2a: Iron Treads|Iron Head|p1a: Cresselia\n|-damage|p1a: Cresselia|172/323\n|-activate|p1a: Cresselia|confusion\n|move|p1a: Cresselia|Moonlight|p1a: Cresselia\n|-heal|p1a: Cresselia|323/323\n|\n|upkeep\n|turn|25\n|\n|t:|1782764232\n|move|p2a: Iron Treads|Iron Head|p1a: Cresselia\n|-damage|p1a: Cresselia|254/323\n|cant|p1a: Cresselia|flinch\n|\n|upkeep\n|turn|26\n|\n|t:|1782764236\n|move|p2a: Iron Treads|Iron Head|p1a: Cresselia\n|-damage|p1a: Cresselia|187/323\n|-end|p1a: Cresselia|confusion\n|move|p1a: Cresselia|Psyshock|p2a: Iron Treads\n|-resisted|p2a: Iron Treads\n|-damage|p2a: Iron Treads|143/265\n|\n|upkeep\n|turn|27\n|\n|t:|1782764245\n|move|p2a: Iron Treads|Iron Head|p1a: Cresselia\n|-damage|p1a: Cresselia|118/323\n|move|p1a: Cresselia|Psyshock|p2a: Iron Treads\n|-resisted|p2a: Iron Treads\n|-damage|p2a: Iron Treads|74/265\n|\n|upkeep\n|turn|28\n|\n|t:|1782764251\n|move|p2a: Iron Treads|Iron Head|p1a: Cresselia\n|-damage|p1a: Cresselia|48/323\n|cant|p1a: Cresselia|flinch\n|\n|upkeep\n|turn|29\n|\n|t:|1782764256\n|move|p2a: Iron Treads|Iron Head|p1a: Cresselia\n|-damage|p1a: Cresselia|0 fnt\n|faint|p1a: Cresselia\n|\n|upkeep\n|\n|t:|1782764259\n|switch|p1a: Flutter Mane|Flutter Mane, L74|163/203\n|turn|30\n|\n|t:|1782764262\n|move|p1a: Flutter Mane|Mystical Fire|p2a: Iron Treads\n|-supereffective|p2a: Iron Treads\n|-damage|p2a: Iron Treads|0 fnt\n|faint|p2a: Iron Treads\n|-end|p2a: Iron Treads|Quark Drive|[silent]\n|-damage|p1a: Flutter Mane|143/203|[from] item: Life Orb\n|\n|upkeep\n|\n|t:|1782764269\n|switch|p2a: Zapdos|Zapdos, L78|268/268\n|turn|31\n|\n|t:|1782764275\n|-end|p1a: Flutter Mane|Protosynthesis|[silent]\n|switch|p1a: Probopass|Probopass, L91, M|257/257\n|move|p2a: Zapdos|Roost||[still]\n|-fail|p2a: Zapdos|heal\n|\n|upkeep\n|turn|32\n|\n|t:|1782764282\n|switch|p2a: Iron Hands|Iron Hands, L79|373/373\n|move|p1a: Probopass|Power Gem|p2a: Iron Hands\n|-resisted|p2a: Iron Hands\n|-damage|p2a: Iron Hands|324/373\n|\n|-heal|p2a: Iron Hands|347/373|[from] item: Leftovers\n|upkeep\n|turn|33\n|\n|t:|1782764290\n|-terastallize|p1a: Probopass|Fighting\n|move|p1a: Probopass|Iron Defense|p1a: Probopass\n|-boost|p1a: Probopass|def|2\n|move|p2a: Iron Hands|Thunder Punch|p1a: Probopass\n|-damage|p1a: Probopass|230/257\n|\n|-heal|p2a: Iron Hands|370/373|[from] item: Leftovers\n|-heal|p1a: Probopass|246/257|[from] item: Leftovers\n|upkeep\n|turn|34\n|\n|t:|1782764297\n|-end|p2a: Iron Hands|Quark Drive|[silent]\n|switch|p2a: Zapdos|Zapdos, L78|268/268\n|move|p1a: Probopass|Iron Defense|p1a: Probopass\n|-boost|p1a: Probopass|def|2\n|\n|-heal|p1a: Probopass|257/257|[from] item: Leftovers\n|upkeep\n|turn|35\n|\n|t:|1782764299\n|move|p2a: Zapdos|Hurricane|p1a: Probopass\n|-supereffective|p1a: Probopass\n|-damage|p1a: Probopass|101/257\n|-start|p1a: Probopass|confusion\n|-activate|p1a: Probopass|confusion\n|move|p1a: Probopass|Power Gem|p2a: Zapdos\n|-supereffective|p2a: Zapdos\n|-damage|p2a: Zapdos|86/268\n|\n|-heal|p1a: Probopass|117/257|[from] item: Leftovers\n|upkeep\n|turn|36\n|\n|t:|1782764304\n|move|p2a: Zapdos|Hurricane|p1a: Probopass\n|-supereffective|p1a: Probopass\n|-damage|p1a: Probopass|0 fnt\n|faint|p1a: Probopass\n|\n|upkeep\n|\n|t:|1782764306\n|switch|p1a: Regirock|Regirock, L83|268/268\n|turn|37\n|\n|t:|1782764311\n|switch|p2a: Iron Hands|Iron Hands, L79|370/373\n|move|p1a: Regirock|Iron Defense|p1a: Regirock\n|-boost|p1a: Regirock|def|2\n|\n|-heal|p2a: Iron Hands|373/373|[from] item: Leftovers\n|upkeep\n|turn|38\n|\n|t:|1782764316\n|move|p1a: Regirock|Body Press|p2a: Iron Hands\n|-damage|p2a: Iron Hands|176/373\n|move|p2a: Iron Hands|Swords Dance|p2a: Iron Hands\n|-boost|p2a: Iron Hands|atk|2\n|\n|-heal|p2a: Iron Hands|199/373|[from] item: Leftovers\n|upkeep\n|turn|39\n|\n|t:|1782764323\n|move|p1a: Regirock|Body Press|p2a: Iron Hands\n|-damage|p2a: Iron Hands|12/373\n|move|p2a: Iron Hands|Drain Punch|p1a: Regirock\n|-supereffective|p1a: Regirock\n|-damage|p1a: Regirock|170/268\n|-heal|p2a: Iron Hands|61/373|[from] drain|[of] p1a: Regirock\n|\n|-heal|p2a: Iron Hands|84/373|[from] item: Leftovers\n|upkeep\n|turn|40\n|\n|t:|1782764328\n|move|p1a: Regirock|Body Press|p2a: Iron Hands\n|-damage|p2a: Iron Hands|0 fnt\n|faint|p2a: Iron Hands\n|-end|p2a: Iron Hands|Quark Drive|[silent]\n|\n|upkeep\n|\n|t:|1782764330\n|switch|p2a: Zapdos|Zapdos, L78|86/268\n|turn|41\n|\n|t:|1782764332\n|move|p2a: Zapdos|Hurricane|p1a: Regirock\n|-resisted|p1a: Regirock\n|-damage|p1a: Regirock|116/268\n|move|p1a: Regirock|Stone Edge|p2a: Zapdos|[miss]\n|-miss|p1a: Regirock|p2a: Zapdos\n|\n|upkeep\n|turn|42\n|\n|t:|1782764338\n|move|p2a: Zapdos|Hurricane|p1a: Regirock\n|-resisted|p1a: Regirock\n|-damage|p1a: Regirock|56/268\n|-start|p1a: Regirock|confusion\n|-activate|p1a: Regirock|confusion\n|move|p1a: Regirock|Stone Edge|p2a: Zapdos\n|-supereffective|p2a: Zapdos\n|-crit|p2a: Zapdos\n|-damage|p2a: Zapdos|0 fnt\n|faint|p2a: Zapdos\n|\n|win|Ash100985\n|c|\u2606zorotatsuya|gg\n|c|\u2606Ash100985|ggs\n|l|\u2606zorotatsuya\n|player|p2|\n", "inputlog": ">version f8ac14003a5f27e1bdc8d8c59608a773c1cb96e5\n>start {\"formatid\":\"gen9randombattle\",\"seed\":\"sodium,ad1960e8e3e6c81a0d72a52182ad0cb4\"}\n>player p1 {\"name\":\"Ash100985\",\"avatar\":\"lucas-gen4pt\",\"rating\":0,\"seed\":\"sodium,6ab2ec6380373b0633dc7f795566069e\"}\n>player p2 {\"name\":\"zorotatsuya\",\"avatar\":\"bellelba\",\"rating\":0,\"seed\":\"sodium,55d0c52a98b12aac26b9badf6f168eca\"}\n>p1 move moonblast\n>p2 switch 3\n>p1 switch 6\n>p2 switch 5\n>p1 move ironhead\n>p2 move nastyplot\n>p1 move ironhead\n>p2 move roost\n>p1 move ironhead\n>p2 move nastyplot\n>p1 move ironhead\n>p2 move roost\n>p1 move ironhead\n>p2 move roost\n>p2 switch 4\n>chat \u2606Ash100985|That was nasty, im sorry\n>chat \u2606zorotatsuya|flinch demon\n>p1 switch 4\n>p2 move swordsdance\n>p1 move bulkup\n>p2 move swordsdance\n>p1 move bulkup\n>p2 move knockoff\n>p1 move hornleech\n>p2 move knockoff\n>p1 switch 4\n>p1 move knockoff\n>p2 move knockoff terastallize\n>p1 switch 6\n>p1 move moonblast\n>p2 move leafblade\n>p2 switch 5\n>p1 switch 2\n>p2 move rapidspin\n>p1 move calmmind\n>p2 move knockoff\n>p1 move moonlight\n>p2 switch 6\n>p1 move calmmind\n>p2 move alluringvoice\n>p1 move psyshock\n>p2 move calmmind\n>p1 move psyshock\n>p2 move recover\n>p1 move calmmind\n>p2 move alluringvoice\n>p1 move moonlight\n>p2 move calmmind\n>p1 move psyshock\n>p2 move alluringvoice\n>p1 move psyshock\n>p2 move recover\n>p2 switch 6\n>p1 move moonlight\n>p2 move ironhead\n>p1 move psyshock\n>p2 move ironhead\n>p1 move psyshock\n>p2 move ironhead\n>p1 move psyshock\n>p2 move ironhead\n>p1 move moonlight\n>p2 move ironhead\n>p1 move moonlight\n>p2 move ironhead\n>p1 switch 2\n>p1 move mysticalfire\n>p2 move ironhead\n>p2 switch 2\n>p1 switch 5\n>p2 move roost\n>p1 move powergem\n>p2 switch 3\n>p1 move irondefense terastallize\n>p2 move thunderpunch\n>p1 move irondefense\n>p2 switch 3\n>p1 move powergem\n>p2 move hurricane\n>p1 move powergem\n>p2 move hurricane\n>p1 switch 3\n>p1 move irondefense\n>p2 switch 3\n>p1 move bodypress\n>p2 move swordsdance\n>p1 move bodypress\n>p2 move drainpunch\n>p1 move bodypress\n>p2 move drainpunch\n>p2 switch 3\n>p1 move stoneedge\n>p2 move hurricane\n>p1 move stoneedge\n>p2 move hurricane", "uploadtime": 1782764344, "views": 9, "formatid": "gen9randombattle", "rating": null, "private": 0, "password": null, "player_dets": [{"name": "Ash100985", "avatar": "lucas-gen4pt", "rating": 0, "seed": "sodium,6ab2ec6380373b0633dc7f795566069e"}, {"name": "zorotatsuya", "avatar": "bellelba", "rating": 0, "seed": "sodium,55d0c52a98b12aac26b9badf6f168eca"}], "teams_full": [{"Flutter Mane": {"name": "Flutter Mane", "species": "Flutter Mane", "speciesId": "fluttermane", "gender": "N", "shiny": false, "level": 74, "moves": ["moonblast", "calmmind", "mysticalfire", "shadowball"], "ability": "Protosynthesis", "evs": {"hp": 85, "atk": 0, "def": 85, "spa": 85, "spd": 85, "spe": 85}, "ivs": {"hp": 31, "atk": 0, "def": 31, "spa": 31, "spd": 31, "spe": 31}, "item": "Life Orb", "teraType": "Fairy", "role": "Setup Sweeper", "bvs": {"hp": 55, "atk": 55, "def": 55, "spa": 135, "spd": 135, "spe": 135}, "stats": {"hp": 203, "atk": 86, "def": 124, "spa": 243, "spd": 243, "spe": 243}, "types": ["Ghost", "Fairy"]}, "Cresselia": {"name": "Cresselia", "species": "Cresselia", "speciesId": "cresselia", "gender": "F", "shiny": false, "level": 80, "moves": ["moonblast", "psyshock", "calmmind", "moonlight"], "ability": "Levitate", "evs": {"hp": 85, "atk": 0, "def": 85, "spa": 85, "spd": 85, "spe": 85}, "ivs": {"hp": 31, "atk": 0, "def": 31, "spa": 31, "spd": 31, "spe": 31}, "item": "Leftovers", "teraType": "Poison", "role": "Bulky Setup", "bvs": {"hp": 120, "atk": 70, "def": 110, "spa": 75, "spd": 120, "spe": 85}, "stats": {"hp": 323, "atk": 117, "def": 222, "spa": 166, "spd": 238, "spe": 182}, "types": ["Psychic"]}, "Regirock": {"name": "Regirock", "species": "Regirock", "speciesId": "regirock", "gender": "N", "shiny": false, "level": 83, "moves": ["irondefense", "rest", "bodypress", "stoneedge"], "ability": "Clear Body", "evs": {"hp": 85, "atk": 85, "def": 85, "spa": 85, "spd": 85, "spe": 85}, "ivs": {"hp": 31, "atk": 31, "def": 31, "spa": 31, "spd": 31, "spe": 31}, "item": "Chesto Berry", "teraType": "Fighting", "role": "Bulky Setup", "bvs": {"hp": 80, "atk": 100, "def": 200, "spa": 50, "spd": 100, "spe": 50}, "stats": {"hp": 268, "atk": 214, "def": 380, "spa": 131, "spd": 214, "spe": 131}, "types": ["Rock"]}, "Gogoat": {"name": "Gogoat", "species": "Gogoat", "speciesId": "gogoat", "gender": "M", "shiny": false, "level": 88, "moves": ["earthquake", "milkdrink", "bulkup", "hornleech"], "ability": "Sap Sipper", "evs": {"hp": 85, "atk": 85, "def": 85, "spa": 85, "spd": 85, "spe": 85}, "ivs": {"hp": 31, "atk": 31, "def": 31, "spa": 31, "spd": 31, "spe": 31}, "item": "Leftovers", "teraType": "Ground", "role": "Bulky Setup", "bvs": {"hp": 123, "atk": 100, "def": 62, "spa": 97, "spd": 81, "spe": 68}, "stats": {"hp": 360, "atk": 226, "def": 159, "spa": 221, "spd": 193, "spe": 170}, "types": ["Grass"]}, "Probopass": {"name": "Probopass", "species": "Probopass", "speciesId": "probopass", "gender": "M", "shiny": false, "level": 91, "moves": ["powergem", "irondefense", "thunderwave", "bodypress"], "ability": "Magnet Pull", "evs": {"hp": 85, "atk": 0, "def": 85, "spa": 85, "spd": 85, "spe": 85}, "ivs": {"hp": 31, "atk": 0, "def": 31, "spa": 31, "spd": 31, "spe": 31}, "item": "Leftovers", "teraType": "Fighting", "role": "Bulky Setup", "bvs": {"hp": 60, "atk": 55, "def": 145, "spa": 75, "spd": 150, "spe": 40}, "stats": {"hp": 257, "atk": 105, "def": 316, "spa": 188, "spd": 325, "spe": 125}, "types": ["Rock", "Steel"]}, "Ditto": {"name": "Ditto", "species": "Ditto", "speciesId": "ditto", "gender": "N", "shiny": false, "level": 87, "moves": ["transform"], "ability": "Imposter", "evs": {"hp": 85, "atk": 85, "def": 85, "spa": 85, "spd": 85, "spe": 85}, "ivs": {"hp": 31, "atk": 31, "def": 31, "spa": 31, "spd": 31, "spe": 31}, "item": "Choice Scarf", "teraType": "Steel", "role": "Fast Support", "bvs": {"hp": 48, "atk": 48, "def": 48, "spa": 48, "spd": 48, "spe": 48}, "stats": {"hp": 225, "atk": 133, "def": 133, "spa": 133, "spd": 133, "spe": 133}, "types": ["Normal"]}}, {"Iron Hands": {"name": "Iron Hands", "species": "Iron Hands", "speciesId": "ironhands", "gender": "N", "shiny": false, "level": 79, "moves": ["icepunch", "thunderpunch", "swordsdance", "drainpunch"], "ability": "Quark Drive", "evs": {"hp": 85, "atk": 85, "def": 85, "spa": 85, "spd": 85, "spe": 85}, "ivs": {"hp": 31, "atk": 31, "def": 31, "spa": 31, "spd": 31, "spe": 31}, "item": "Leftovers", "teraType": "Fighting", "role": "Bulky Attacker", "bvs": {"hp": 154, "atk": 140, "def": 108, "spa": 50, "spd": 68, "spe": 50}, "stats": {"hp": 373, "atk": 267, "def": 216, "spa": 125, "spd": 153, "spe": 125}, "types": ["Fighting", "Electric"]}, "Zapdos": {"name": "Zapdos", "species": "Zapdos", "speciesId": "zapdos", "gender": "N", "shiny": false, "level": 78, "moves": ["roost", "heatwave", "hurricane", "thunderbolt"], "ability": "Static", "evs": {"hp": 85, "atk": 0, "def": 85, "spa": 85, "spd": 85, "spe": 85}, "ivs": {"hp": 31, "atk": 0, "def": 31, "spa": 31, "spd": 31, "spe": 31}, "item": "Heavy-Duty Boots", "teraType": "Steel", "role": "Bulky Attacker", "bvs": {"hp": 90, "atk": 90, "def": 85, "spa": 125, "spd": 90, "spe": 100}, "stats": {"hp": 268, "atk": 145, "def": 178, "spa": 240, "spd": 185, "spe": 201}, "types": ["Electric", "Flying"]}, "Iron Treads": {"name": "Iron Treads", "species": "Iron Treads", "speciesId": "irontreads", "gender": "N", "shiny": false, "level": 77, "moves": ["earthquake", "rapidspin", "knockoff", "ironhead"], "ability": "Quark Drive", "evs": {"hp": 85, "atk": 85, "def": 85, "spa": 85, "spd": 85, "spe": 85}, "ivs": {"hp": 31, "atk": 31, "def": 31, "spa": 31, "spd": 31, "spe": 31}, "item": "Assault Vest", "teraType": "Ghost", "role": "Bulky Support", "bvs": {"hp": 90, "atk": 112, "def": 120, "spa": 72, "spd": 70, "spe": 106}, "stats": {"hp": 265, "atk": 217, "def": 229, "spa": 155, "spd": 152, "spe": 208}, "types": ["Ground", "Steel"]}, "Leafeon": {"name": "Leafeon", "species": "Leafeon", "speciesId": "leafeon", "gender": "F", "shiny": false, "level": 88, "moves": ["swordsdance", "leafblade", "knockoff", "doubleedge"], "ability": "Chlorophyll", "evs": {"hp": 85, "atk": 85, "def": 85, "spa": 85, "spd": 85, "spe": 85}, "ivs": {"hp": 31, "atk": 31, "def": 31, "spa": 31, "spd": 31, "spe": 31}, "item": "Life Orb", "teraType": "Dark", "role": "Setup Sweeper", "bvs": {"hp": 65, "atk": 110, "def": 130, "spa": 60, "spd": 65, "spe": 95}, "stats": {"hp": 258, "atk": 244, "def": 279, "spa": 156, "spd": 165, "spe": 217}, "types": ["Grass"]}, "Noctowl": {"name": "Noctowl", "species": "Noctowl", "speciesId": "noctowl", "gender": "F", "shiny": false, "level": 95, "moves": ["nastyplot", "hypervoice", "roost", "hurricane"], "ability": "Tinted Lens", "evs": {"hp": 85, "atk": 0, "def": 85, "spa": 85, "spd": 85, "spe": 85}, "ivs": {"hp": 31, "atk": 0, "def": 31, "spa": 31, "spd": 31, "spe": 31}, "item": "Heavy-Duty Boots", "teraType": "Steel", "role": "Bulky Attacker", "bvs": {"hp": 100, "atk": 50, "def": 50, "spa": 86, "spd": 96, "spe": 70}, "stats": {"hp": 344, "atk": 100, "def": 149, "spa": 217, "spd": 236, "spe": 187}, "types": ["Normal", "Flying"]}, "Alcremie": {"name": "Alcremie", "species": "Alcremie-Rainbow-Swirl", "speciesId": "alcremie", "gender": "F", "shiny": false, "level": 90, "moves": ["psyshock", "alluringvoice", "recover", "calmmind"], "ability": "Aroma Veil", "evs": {"hp": 85, "atk": 0, "def": 85, "spa": 85, "spd": 85, "spe": 85}, "ivs": {"hp": 31, "atk": 0, "def": 31, "spa": 31, "spd": 31, "spe": 31}, "item": "Leftovers", "teraType": "Poison", "role": "Bulky Setup", "bvs": {"hp": 65, "atk": 60, "def": 75, "spa": 110, "spd": 121, "spe": 64}, "stats": {"hp": 263, "atk": 113, "def": 186, "spa": 249, "spd": 269, "spe": 167}, "types": ["Fairy"]}}]}