{"id": "gen9randombattle-2641720993", "format": "[Gen 9] Random Battle", "players": ["AlakazamHer", "Thorys"], "log": "|j|\u2606AlakazamHer\n|j|\u2606Thorys\n|t:|1782833970\n|gametype|singles\n|player|p1|AlakazamHer|102|2055\n|player|p2|Thorys|policeman-gen4|2000\n|gen|9\n|tier|[Gen 9] Random Battle\n|rated|\n|rule|Species Clause: Limit one of each Pok\u00e9mon\n|rule|HP Percentage Mod: HP is shown in percentages\n|rule|Sleep Clause Mod: Limit one foe put to sleep\n|rule|Illusion Level Mod: Illusion disguises the Pok\u00e9mon's true level\n|\n|t:|1782833970\n|teamsize|p1|6\n|teamsize|p2|6\n|start\n|switch|p1a: Cryogonal|Cryogonal, L89|287/287\n|switch|p2a: Miraidon|Miraidon, L65|238/238\n|-fieldstart|move: Electric Terrain|[from] ability: Hadron Engine|[of] p2a: Miraidon\n|turn|1\n|inactive|Battle timer is ON: inactive players will automatically lose when time's up. (requested by Thorys)\n|inactive|Thorys has 120 seconds left.\n|\n|t:|1782834010\n|switch|p2a: Articuno|Articuno, L86|295/295\n|-ability|p2a: Articuno|Pressure\n|move|p1a: Cryogonal|Freeze-Dry|p2a: Articuno\n|-damage|p2a: Articuno|238/295\n|\n|upkeep\n|turn|2\n|\n|t:|1782834024\n|switch|p1a: Plusle|Plusle, L95, M|268/268\n|move|p2a: Articuno|Substitute|p2a: Articuno\n|-start|p2a: Articuno|Substitute\n|-damage|p2a: Articuno|165/295\n|\n|upkeep\n|turn|3\n|\n|t:|1782834037\n|switch|p2a: Indeedee|Indeedee-F, L90, F|272/272\n|-fieldstart|move: Psychic Terrain|[from] ability: Psychic Surge|[of] p2a: Indeedee\n|move|p1a: Plusle|Thunderbolt|p2a: Indeedee\n|-damage|p2a: Indeedee|150/272\n|-damage|p1a: Plusle|242/268|[from] item: Life Orb\n|\n|upkeep\n|turn|4\n|inactive|AlakazamHer has 120 seconds left.\n|\n|t:|1782834069\n|move|p2a: Indeedee|Psyshock|p1a: Plusle\n|-damage|p1a: Plusle|43/268\n|move|p1a: Plusle|Thunderbolt|p2a: Indeedee\n|-damage|p2a: Indeedee|36/272\n|-status|p2a: Indeedee|par\n|-damage|p1a: Plusle|17/268|[from] item: Life Orb\n|\n|upkeep\n|turn|5\n|\n|t:|1782834078\n|move|p1a: Plusle|Alluring Voice|p2a: Indeedee\n|-damage|p2a: Indeedee|0 fnt\n|faint|p2a: Indeedee\n|-damage|p1a: Plusle|0 fnt|[from] item: Life Orb\n|faint|p1a: Plusle\n|\n|upkeep\n|inactive|AlakazamHer has 120 seconds left.\n|\n|t:|1782834099\n|switch|p1a: Scyther|Scyther, L82, M|249/249\n|switch|p2a: Eelektross|Eelektross, L87, F|290/290\n|turn|6\n|\n|t:|1782834111\n|move|p1a: Scyther|U-turn|p2a: Eelektross\n|-damage|p2a: Eelektross|203/290\n|\n|t:|1782834114\n|switch|p1a: Sunflora|Sunflora, F|312/312|[from] U-turn\n|move|p2a: Eelektross|Coil|p2a: Eelektross\n|-boost|p2a: Eelektross|atk|1\n|-boost|p2a: Eelektross|def|1\n|-boost|p2a: Eelektross|accuracy|1\n|\n|-heal|p2a: Eelektross|221/290|[from] item: Leftovers\n|upkeep\n|turn|7\n|\n|t:|1782834136\n|switch|p2a: Chesnaught|Chesnaught, L84, M|285/285\n|move|p1a: Sunflora|Sunny Day|p1a: Sunflora\n|-weather|SunnyDay\n|\n|-weather|SunnyDay|[upkeep]\n|-fieldend|move: Psychic Terrain\n|upkeep\n|turn|8\n|\n|t:|1782834149\n|move|p1a: Sunflora|Weather Ball|p2a: Chesnaught\n|-immune|p2a: Chesnaught|[from] ability: Bulletproof\n|move|p2a: Chesnaught|Knock Off|p1a: Sunflora\n|-damage|p1a: Sunflora|220/312\n|-enditem|p1a: Sunflora|Life Orb|[from] move: Knock Off|[of] p2a: Chesnaught\n|\n|-weather|SunnyDay|[upkeep]\n|upkeep\n|turn|9\n|\n|t:|1782834159\n|switch|p1a: Scyther|Scyther, L82, M|249/249\n|move|p2a: Chesnaught|Knock Off|p1a: Scyther\n|-damage|p1a: Scyther|175/249\n|-enditem|p1a: Scyther|Heavy-Duty Boots|[from] move: Knock Off|[of] p2a: Chesnaught\n|\n|-weather|SunnyDay|[upkeep]\n|upkeep\n|turn|10\n|inactive|Thorys has 120 seconds left.\n|\n|t:|1782834184\n|switch|p2a: Eelektross|Eelektross, L87, F|221/290\n|move|p1a: Scyther|Dual Wingbeat|p2a: Eelektross\n|-resisted|p2a: Eelektross\n|-damage|p2a: Eelektross|188/290\n|-resisted|p2a: Eelektross\n|-damage|p2a: Eelektross|152/290\n|-hitcount|p2a: Eelektross|2\n|\n|-weather|SunnyDay|[upkeep]\n|-heal|p2a: Eelektross|170/290|[from] item: Leftovers\n|upkeep\n|turn|11\n|inactive|Thorys has 120 seconds left.\n|\n|t:|1782834210\n|move|p1a: Scyther|U-turn|p2a: Eelektross\n|-damage|p2a: Eelektross|83/290\n|\n|t:|1782834214\n|switch|p1a: Sunflora|Sunflora, F|220/312|[from] U-turn\n|move|p2a: Eelektross|Supercell Slam|p1a: Sunflora\n|-resisted|p1a: Sunflora\n|-damage|p1a: Sunflora|151/312\n|\n|-weather|none\n|-heal|p2a: Eelektross|101/290|[from] item: Leftovers\n|upkeep\n|turn|12\n|\n|t:|1782834234\n|move|p2a: Eelektross|Drain Punch|p1a: Sunflora\n|-damage|p1a: Sunflora|74/312\n|-heal|p2a: Eelektross|140/290|[from] drain|[of] p1a: Sunflora\n|move|p1a: Sunflora|Sunny Day|p1a: Sunflora\n|-weather|SunnyDay\n|\n|-weather|SunnyDay|[upkeep]\n|-heal|p2a: Eelektross|158/290|[from] item: Leftovers\n|upkeep\n|turn|13\n|\n|t:|1782834243\n|switch|p2a: Chesnaught|Chesnaught, L84, M|285/285\n|move|p1a: Sunflora|Solar Beam||[still]\n|-prepare|p1a: Sunflora|Solar Beam\n|-anim|p1a: Sunflora|Solar Beam|p2a: Chesnaught\n|-resisted|p2a: Chesnaught\n|-damage|p2a: Chesnaught|172/285\n|\n|-weather|SunnyDay|[upkeep]\n|-heal|p2a: Chesnaught|189/285|[from] item: Leftovers\n|upkeep\n|turn|14\n|inactive|Thorys has 120 seconds left.\n|\n|t:|1782834262\n|move|p1a: Sunflora|Solar Beam||[still]\n|-prepare|p1a: Sunflora|Solar Beam\n|-anim|p1a: Sunflora|Solar Beam|p2a: Chesnaught\n|-resisted|p2a: Chesnaught\n|-damage|p2a: Chesnaught|78/285\n|move|p2a: Chesnaught|Knock Off|p1a: Sunflora\n|-damage|p1a: Sunflora|17/312\n|\n|-weather|SunnyDay|[upkeep]\n|-heal|p2a: Chesnaught|95/285|[from] item: Leftovers\n|upkeep\n|turn|15\n|\n|t:|1782834289\n|switch|p2a: Articuno|Articuno, L86|165/295\n|-ability|p2a: Articuno|Pressure\n|move|p1a: Sunflora|Solar Beam||[still]\n|-prepare|p1a: Sunflora|Solar Beam\n|-anim|p1a: Sunflora|Solar Beam|p2a: Articuno\n|-resisted|p2a: Articuno\n|-damage|p2a: Articuno|90/295\n|\n|-weather|SunnyDay|[upkeep]\n|upkeep\n|turn|16\n|\n|t:|1782834299\n|switch|p2a: Chesnaught|Chesnaught, L84, M|95/285\n|move|p1a: Sunflora|Weather Ball|p2a: Chesnaught\n|-immune|p2a: Chesnaught|[from] ability: Bulletproof\n|\n|-weather|none\n|-heal|p2a: Chesnaught|112/285|[from] item: Leftovers\n|upkeep\n|turn|17\n|\n|t:|1782834308\n|move|p2a: Chesnaught|Synthesis|p2a: Chesnaught\n|-heal|p2a: Chesnaught|254/285\n|move|p1a: Sunflora|Sunny Day|p1a: Sunflora\n|-weather|SunnyDay\n|\n|-weather|SunnyDay|[upkeep]\n|-heal|p2a: Chesnaught|271/285|[from] item: Leftovers\n|upkeep\n|turn|18\n|\n|t:|1782834318\n|move|p1a: Sunflora|Solar Beam||[still]\n|-prepare|p1a: Sunflora|Solar Beam\n|-anim|p1a: Sunflora|Solar Beam|p2a: Chesnaught\n|-resisted|p2a: Chesnaught\n|-damage|p2a: Chesnaught|160/285\n|move|p2a: Chesnaught|Knock Off|p1a: Sunflora\n|-damage|p1a: Sunflora|0 fnt\n|faint|p1a: Sunflora\n|\n|-weather|SunnyDay|[upkeep]\n|-heal|p2a: Chesnaught|177/285|[from] item: Leftovers\n|upkeep\n|\n|t:|1782834326\n|switch|p1a: Drifblim|Drifblim, L86, M|396/396\n|turn|19\n|\n|t:|1782834337\n|switch|p2a: Miraidon|Miraidon, L65|238/238\n|-fieldstart|move: Electric Terrain|[from] ability: Hadron Engine|[of] p2a: Miraidon\n|-terastallize|p1a: Drifblim|Dark\n|move|p1a: Drifblim|Calm Mind|p1a: Drifblim\n|-boost|p1a: Drifblim|spa|1\n|-boost|p1a: Drifblim|spd|1\n|\n|-weather|SunnyDay|[upkeep]\n|upkeep\n|turn|20\n|\n|t:|1782834365\n|move|p2a: Miraidon|Electro Drift|p1a: Drifblim\n|-damage|p1a: Drifblim|224/396\n|-damage|p2a: Miraidon|215/238|[from] item: Life Orb\n|move|p1a: Drifblim|Calm Mind|p1a: Drifblim\n|-boost|p1a: Drifblim|spa|1\n|-boost|p1a: Drifblim|spd|1\n|\n|-weather|SunnyDay|[upkeep]\n|upkeep\n|turn|21\n|\n|t:|1782834380\n|move|p2a: Miraidon|Calm Mind|p2a: Miraidon\n|-boost|p2a: Miraidon|spa|1\n|-boost|p2a: Miraidon|spd|1\n|move|p1a: Drifblim|Strength Sap|p2a: Miraidon\n|-unboost|p2a: Miraidon|atk|1\n|-heal|p1a: Drifblim|339/396\n|\n|-weather|none\n|upkeep\n|turn|22\n|\n|t:|1782834392\n|move|p2a: Miraidon|Calm Mind|p2a: Miraidon\n|-boost|p2a: Miraidon|spa|1\n|-boost|p2a: Miraidon|spd|1\n|move|p1a: Drifblim|Calm Mind|p1a: Drifblim\n|-boost|p1a: Drifblim|spa|1\n|-boost|p1a: Drifblim|spd|1\n|\n|upkeep\n|turn|23\n|\n|t:|1782834399\n|move|p2a: Miraidon|Electro Drift|p1a: Drifblim\n|-crit|p1a: Drifblim\n|-damage|p1a: Drifblim|0 fnt\n|faint|p1a: Drifblim\n|-damage|p2a: Miraidon|192/238|[from] item: Life Orb\n|\n|-fieldend|move: Electric Terrain\n|upkeep\n|c|\u2606AlakazamHer|trash plays rewarded with crit sounds about right\n|-message|AlakazamHer forfeited.\n|\n|win|Thorys\n", "inputlog": ">version f8ac14003a5f27e1bdc8d8c59608a773c1cb96e5\n>start {\"formatid\":\"gen9randombattle\",\"seed\":\"sodium,3c75e772456e46df358deae9d9abb852\",\"rated\":\"Rated battle\"}\n>player p1 {\"name\":\"AlakazamHer\",\"avatar\":\"102\",\"rating\":2055,\"seed\":\"sodium,5e396778ba13b48bf0c214544aebbeb0\"}\n>player p2 {\"name\":\"Thorys\",\"avatar\":\"policeman-gen4\",\"rating\":2000,\"seed\":\"sodium,742dfd46752d92c327358942a74a2d60\"}\n>p1 move freezedry\n>p2 switch 6\n>p1 switch 3\n>p2 move substitute\n>p1 move thunderbolt\n>p2 switch 4\n>p1 move thunderbolt\n>p2 move psyshock\n>p1 move alluringvoice\n>p2 move psyshock\n>p1 switch 2\n>p2 switch 5\n>p1 move uturn\n>p2 move coil\n>p1 switch 4\n>p1 move sunnyday\n>p2 switch 3\n>p1 move weatherball\n>p2 move knockoff\n>p1 switch 4\n>p2 move knockoff\n>p1 move dualwingbeat\n>p2 switch 3\n>p1 move uturn\n>p2 move supercellslam\n>p1 switch 4\n>p1 move sunnyday\n>p2 move drainpunch\n>p1 move solarbeam\n>p2 switch 3\n>p1 move solarbeam\n>p2 move knockoff\n>p1 move solarbeam\n>p2 switch 4\n>p1 move weatherball\n>p2 switch 4\n>p1 move sunnyday\n>p2 move synthesis\n>p1 move solarbeam\n>p2 move knockoff\n>p1 switch 5\n>p1 move calmmind terastallize\n>p2 switch 6\n>p1 move calmmind\n>p2 move electrodrift\n>p1 move strengthsap\n>p2 move calmmind\n>p1 move calmmind\n>p2 move calmmind\n>p1 move calmmind\n>p2 move electrodrift\n>chat \u2606AlakazamHer|trash plays rewarded with crit sounds about right\n>forcelose p1", "uploadtime": 1782833974, "views": 4, "formatid": "gen9randombattle", "rating": null, "private": 0, "password": null, "player_dets": [{"name": "AlakazamHer", "avatar": "102", "rating": 2055, "seed": "sodium,5e396778ba13b48bf0c214544aebbeb0"}, {"name": "Thorys", "avatar": "policeman-gen4", "rating": 2000, "seed": "sodium,742dfd46752d92c327358942a74a2d60"}], "teams_full": [{"Cryogonal": {"name": "Cryogonal", "species": "Cryogonal", "speciesId": "cryogonal", "gender": "N", "shiny": false, "level": 89, "moves": ["freezedry", "flashcannon", "recover", "rapidspin"], "ability": "Levitate", "evs": {"hp": 85, "atk": 85, "def": 85, "spa": 85, "spd": 85, "spe": 85}, "ivs": {"hp": 31, "atk": 31, "def": 31, "spa": 31, "spd": 31, "spe": 31}, "item": "Heavy-Duty Boots", "teraType": "Poison", "role": "Bulky Support", "bvs": {"hp": 80, "atk": 50, "def": 50, "spa": 95, "spd": 135, "spe": 105}, "stats": {"hp": 287, "atk": 140, "def": 140, "spa": 220, "spd": 291, "spe": 238}, "types": ["Ice"]}, "Scyther": {"name": "Scyther", "species": "Scyther", "speciesId": "scyther", "gender": "M", "shiny": false, "level": 82, "moves": ["uturn", "closecombat", "dualwingbeat", "defog"], "ability": "Technician", "evs": {"hp": 85, "atk": 85, "def": 85, "spa": 85, "spd": 85, "spe": 85}, "ivs": {"hp": 31, "atk": 31, "def": 31, "spa": 31, "spd": 31, "spe": 31}, "item": "Heavy-Duty Boots", "teraType": "Fighting", "role": "Fast Support", "bvs": {"hp": 70, "atk": 110, "def": 80, "spa": 55, "spd": 80, "spe": 105}, "stats": {"hp": 249, "atk": 228, "def": 178, "spa": 137, "spd": 178, "spe": 219}, "types": ["Bug", "Flying"]}, "Plusle": {"name": "Plusle", "species": "Plusle", "speciesId": "plusle", "gender": "M", "shiny": false, "level": 95, "moves": ["alluringvoice", "thunderbolt", "grassknot", "nastyplot"], "ability": "Lightning Rod", "evs": {"hp": 85, "atk": 0, "def": 85, "spa": 85, "spd": 85, "spe": 85}, "ivs": {"hp": 31, "atk": 0, "def": 31, "spa": 31, "spd": 31, "spe": 31}, "item": "Life Orb", "teraType": "Grass", "role": "Setup Sweeper", "bvs": {"hp": 60, "atk": 50, "def": 40, "spa": 85, "spd": 75, "spe": 95}, "stats": {"hp": 268, "atk": 100, "def": 130, "spa": 215, "spd": 196, "spe": 234}, "types": ["Electric"]}, "Sunflora": {"name": "Sunflora", "species": "Sunflora", "speciesId": "sunflora", "gender": "F", "shiny": false, "level": 100, "moves": ["earthpower", "solarbeam", "weatherball", "sunnyday"], "ability": "Chlorophyll", "evs": {"hp": 85, "atk": 0, "def": 85, "spa": 85, "spd": 85, "spe": 85}, "ivs": {"hp": 31, "atk": 0, "def": 31, "spa": 31, "spd": 31, "spe": 31}, "item": "Life Orb", "teraType": "Fire", "role": "Setup Sweeper", "bvs": {"hp": 75, "atk": 75, "def": 55, "spa": 105, "spd": 85, "spe": 30}, "stats": {"hp": 312, "atk": 155, "def": 167, "spa": 267, "spd": 227, "spe": 117}, "types": ["Grass"]}, "Drifblim": {"name": "Drifblim", "species": "Drifblim", "speciesId": "drifblim", "gender": "M", "shiny": false, "level": 86, "moves": ["calmmind", "shadowball", "strengthsap", "airslash"], "ability": "Unburden", "evs": {"hp": 73, "atk": 0, "def": 85, "spa": 85, "spd": 85, "spe": 85}, "ivs": {"hp": 31, "atk": 0, "def": 31, "spa": 31, "spd": 31, "spe": 31}, "item": "Sitrus Berry", "teraType": "Dark", "role": "Bulky Attacker", "bvs": {"hp": 150, "atk": 80, "def": 44, "spa": 90, "spd": 54, "spe": 80}, "stats": {"hp": 396, "atk": 142, "def": 125, "spa": 204, "spd": 142, "spe": 187}, "types": ["Ghost", "Flying"]}, "Veluza": {"name": "Veluza", "species": "Veluza", "speciesId": "veluza", "gender": "M", "shiny": false, "level": 85, "moves": ["psychocut", "nightslash", "filletaway", "aquacutter"], "ability": "Sharpness", "evs": {"hp": 85, "atk": 85, "def": 85, "spa": 85, "spd": 85, "spe": 85}, "ivs": {"hp": 31, "atk": 31, "def": 31, "spa": 31, "spd": 31, "spe": 31}, "item": "Sitrus Berry", "teraType": "Psychic", "role": "Setup Sweeper", "bvs": {"hp": 90, "atk": 102, "def": 73, "spa": 78, "spd": 65, "spe": 70}, "stats": {"hp": 292, "atk": 222, "def": 173, "spa": 181, "spd": 159, "spe": 168}, "types": ["Water", "Psychic"]}}, {"Miraidon": {"name": "Miraidon", "species": "Miraidon", "speciesId": "miraidon", "gender": "N", "shiny": false, "level": 65, "moves": ["dragonpulse", "dracometeor", "electrodrift", "calmmind"], "ability": "Hadron Engine", "evs": {"hp": 85, "atk": 0, "def": 85, "spa": 85, "spd": 85, "spe": 85}, "ivs": {"hp": 31, "atk": 0, "def": 31, "spa": 31, "spd": 31, "spe": 31}, "item": "Life Orb", "teraType": "Electric", "role": "Setup Sweeper", "bvs": {"hp": 100, "atk": 85, "def": 100, "spa": 135, "spd": 115, "spe": 135}, "stats": {"hp": 238, "atk": 115, "def": 168, "spa": 214, "spd": 188, "spe": 214}, "types": ["Electric", "Dragon"]}, "Palkia": {"name": "Palkia", "species": "Palkia", "speciesId": "palkia", "gender": "N", "shiny": false, "level": 75, "moves": ["hydropump", "fireblast", "thunderwave", "spacialrend"], "ability": "Pressure", "evs": {"hp": 85, "atk": 0, "def": 85, "spa": 85, "spd": 85, "spe": 85}, "ivs": {"hp": 31, "atk": 0, "def": 31, "spa": 31, "spd": 31, "spe": 31}, "item": "Lustrous Orb", "teraType": "Water", "role": "Bulky Attacker", "bvs": {"hp": 90, "atk": 120, "def": 100, "spa": 150, "spd": 120, "spe": 100}, "stats": {"hp": 259, "atk": 185, "def": 194, "spa": 269, "spd": 224, "spe": 194}, "types": ["Water", "Dragon"]}, "Chesnaught": {"name": "Chesnaught", "species": "Chesnaught", "speciesId": "chesnaught", "gender": "M", "shiny": false, "level": 84, "moves": ["synthesis", "bodypress", "woodhammer", "knockoff"], "ability": "Bulletproof", "evs": {"hp": 85, "atk": 85, "def": 85, "spa": 85, "spd": 85, "spe": 85}, "ivs": {"hp": 31, "atk": 31, "def": 31, "spa": 31, "spd": 31, "spe": 31}, "item": "Leftovers", "teraType": "Steel", "role": "Bulky Support", "bvs": {"hp": 88, "atk": 107, "def": 122, "spa": 74, "spd": 75, "spe": 64}, "stats": {"hp": 285, "atk": 228, "def": 253, "spa": 173, "spd": 174, "spe": 156}, "types": ["Grass", "Fighting"]}, "Indeedee": {"name": "Indeedee", "species": "Indeedee-F", "speciesId": "indeedeef", "gender": "F", "shiny": false, "level": 90, "moves": ["healingwish", "psyshock", "dazzlinggleam", "hypervoice"], "ability": "Psychic Surge", "evs": {"hp": 85, "atk": 0, "def": 85, "spa": 85, "spd": 85, "spe": 85}, "ivs": {"hp": 31, "atk": 0, "def": 31, "spa": 31, "spd": 31, "spe": 31}, "item": "Choice Scarf", "teraType": "Psychic", "role": "Fast Attacker", "bvs": {"hp": 70, "atk": 55, "def": 65, "spa": 95, "spd": 105, "spe": 85}, "stats": {"hp": 272, "atk": 104, "def": 168, "spa": 222, "spd": 240, "spe": 204}, "types": ["Psychic", "Normal"]}, "Eelektross": {"name": "Eelektross", "species": "Eelektross", "speciesId": "eelektross", "gender": "F", "shiny": false, "level": 87, "moves": ["knockoff", "supercellslam", "drainpunch", "coil"], "ability": "Levitate", "evs": {"hp": 85, "atk": 85, "def": 85, "spa": 85, "spd": 85, "spe": 85}, "ivs": {"hp": 31, "atk": 31, "def": 31, "spa": 31, "spd": 31, "spe": 31}, "item": "Leftovers", "teraType": "Fighting", "role": "Bulky Setup", "bvs": {"hp": 85, "atk": 115, "def": 80, "spa": 105, "spd": 80, "spe": 50}, "stats": {"hp": 290, "atk": 250, "def": 189, "spa": 232, "spd": 189, "spe": 137}, "types": ["Electric"]}, "Articuno": {"name": "Articuno", "species": "Articuno", "speciesId": "articuno", "gender": "N", "shiny": false, "level": 86, "moves": ["roost", "bravebird", "freezedry", "substitute"], "ability": "Pressure", "evs": {"hp": 85, "atk": 85, "def": 85, "spa": 85, "spd": 85, "spe": 85}, "ivs": {"hp": 31, "atk": 31, "def": 31, "spa": 31, "spd": 31, "spe": 31}, "item": "Heavy-Duty Boots", "teraType": "Steel", "role": "Bulky Support", "bvs": {"hp": 90, "atk": 85, "def": 100, "spa": 95, "spd": 125, "spe": 85}, "stats": {"hp": 295, "atk": 195, "def": 221, "spa": 213, "spd": 264, "spe": 195}, "types": ["Ice", "Flying"]}}]}