{"id": "gen9randombattle-2641651253", "format": "[Gen 9] Random Battle", "players": ["testbotcif", "MMoochoo"], "log": "|j|\u2606testbotcif\n|j|\u2606MMoochoo\n|t:|1782825037\n|gametype|singles\n|player|p1|testbotcif|266|1244\n|player|p2|MMoochoo|1|1212\n|gen|9\n|tier|[Gen 9] Random Battle\n|rated|\n|rule|Species Clause: Limit one of each Pok\u00e9mon\n|rule|HP Percentage Mod: HP is shown in percentages\n|rule|Sleep Clause Mod: Limit one foe put to sleep\n|rule|Illusion Level Mod: Illusion disguises the Pok\u00e9mon's true level\n|\n|t:|1782825037\n|teamsize|p1|6\n|teamsize|p2|6\n|start\n|switch|p1a: Primarina|Primarina, L83, M|268/268\n|switch|p2a: Leafeon|Leafeon, L88, M|258/258\n|turn|1\n|inactive|Battle timer is ON: inactive players will automatically lose when time's up. (requested by testbotcif)\n|c|\u2606testbotcif|rlhf\n|\n|t:|1782825040\n|switch|p1a: Zapdos|Zapdos, L78|268/268\n|move|p2a: Leafeon|Swords Dance|p2a: Leafeon\n|-boost|p2a: Leafeon|atk|2\n|\n|upkeep\n|turn|2\n|\n|t:|1782825057\n|-terastallize|p2a: Leafeon|Normal\n|move|p2a: Leafeon|Double-Edge|p1a: Zapdos\n|-damage|p1a: Zapdos|0 fnt\n|faint|p1a: Zapdos\n|-damage|p2a: Leafeon|170/258|[from] Recoil\n|-damage|p2a: Leafeon|145/258|[from] item: Life Orb\n|\n|upkeep\n|\n|t:|1782825057\n|switch|p1a: Hydreigon|Hydreigon, L79, M|275/275\n|turn|3\n|\n|t:|1782825064\n|move|p2a: Leafeon|Double-Edge|p1a: Hydreigon\n|-damage|p1a: Hydreigon|0 fnt\n|faint|p1a: Hydreigon\n|-damage|p2a: Leafeon|54/258|[from] Recoil\n|-damage|p2a: Leafeon|29/258|[from] item: Life Orb\n|\n|upkeep\n|\n|t:|1782825064\n|switch|p1a: Goodra|Goodra-Hisui, L82, M|265/265\n|turn|4\n|\n|t:|1782825075\n|switch|p2a: Enamorus|Enamorus-Therian, L83, F|259/259\n|move|p1a: Goodra|Earthquake|p2a: Enamorus\n|-immune|p2a: Enamorus\n|\n|upkeep\n|turn|5\n|\n|t:|1782825081\n|move|p1a: Goodra|Heavy Slam|p2a: Enamorus\n|-supereffective|p2a: Enamorus\n|-damage|p2a: Enamorus|55/259\n|-enditem|p2a: Enamorus|Weakness Policy\n|-boost|p2a: Enamorus|atk|2|[from] item: Weakness Policy\n|-boost|p2a: Enamorus|spa|2|[from] item: Weakness Policy\n|move|p2a: Enamorus|Agility|p2a: Enamorus\n|-boost|p2a: Enamorus|spe|2\n|\n|upkeep\n|turn|6\n|\n|t:|1782825084\n|move|p2a: Enamorus|Mystical Fire|p1a: Goodra\n|-damage|p1a: Goodra|209/265\n|-unboost|p1a: Goodra|spa|1\n|move|p1a: Goodra|Heavy Slam|p2a: Enamorus\n|-supereffective|p2a: Enamorus\n|-damage|p2a: Enamorus|0 fnt\n|faint|p2a: Enamorus\n|\n|upkeep\n|\n|t:|1782825091\n|switch|p2a: Gumshoos|Gumshoos, L95, M|321/321\n|turn|7\n|\n|t:|1782825095\n|move|p1a: Goodra|Draco Meteor|p2a: Gumshoos|[miss]\n|-miss|p1a: Goodra|p2a: Gumshoos\n|move|p2a: Gumshoos|Earthquake|p1a: Goodra\n|-supereffective|p1a: Goodra\n|-damage|p1a: Goodra|0 fnt\n|faint|p1a: Goodra\n|\n|upkeep\n|\n|t:|1782825095\n|switch|p1a: Primarina|Primarina, L83, M|268/268\n|turn|8\n|\n|t:|1782825100\n|switch|p2a: Leafeon|Leafeon, L88, M, tera:Normal|29/258\n|move|p1a: Primarina|Moonblast|p2a: Leafeon\n|-damage|p2a: Leafeon|0 fnt\n|faint|p2a: Leafeon\n|\n|upkeep\n|\n|t:|1782825106\n|switch|p2a: Forretress|Forretress, L84, M|263/263\n|turn|9\n|\n|t:|1782825110\n|switch|p1a: Mudsdale|Mudsdale, L83, M|302/302\n|move|p2a: Forretress|Stealth Rock|p1a: Mudsdale\n|-sidestart|p1: testbotcif|move: Stealth Rock\n|\n|upkeep\n|turn|10\n|\n|t:|1782825112\n|move|p2a: Forretress|Spikes|p1a: Mudsdale\n|-sidestart|p1: testbotcif|Spikes\n|move|p1a: Mudsdale|Heavy Slam|p2a: Forretress\n|-resisted|p2a: Forretress\n|-damage|p2a: Forretress|230/263\n|\n|-heal|p2a: Forretress|246/263|[from] item: Leftovers\n|upkeep\n|turn|11\n|\n|t:|1782825114\n|move|p2a: Forretress|Spikes|p1a: Mudsdale\n|-sidestart|p1: testbotcif|Spikes\n|move|p1a: Mudsdale|Earthquake|p2a: Forretress\n|-damage|p2a: Forretress|164/263\n|\n|-heal|p2a: Forretress|180/263|[from] item: Leftovers\n|upkeep\n|turn|12\n|\n|t:|1782825116\n|move|p2a: Forretress|Spikes|p1a: Mudsdale\n|-sidestart|p1: testbotcif|Spikes\n|move|p1a: Mudsdale|Earthquake|p2a: Forretress\n|-damage|p2a: Forretress|90/263\n|\n|-heal|p2a: Forretress|106/263|[from] item: Leftovers\n|upkeep\n|turn|13\n|\n|t:|1782825126\n|switch|p2a: Palossand|Palossand, L89, F|296/296\n|move|p1a: Mudsdale|Earthquake|p2a: Palossand\n|-damage|p2a: Palossand|187/296\n|\n|-heal|p2a: Palossand|205/296|[from] item: Leftovers\n|upkeep\n|turn|14\n|\n|t:|1782825129\n|move|p2a: Palossand|Shadow Ball|p1a: Mudsdale\n|-damage|p1a: Mudsdale|200/302\n|-ability|p1a: Mudsdale|Stamina|boost\n|-boost|p1a: Mudsdale|def|1\n|move|p1a: Mudsdale|Earthquake|p2a: Palossand\n|-damage|p2a: Palossand|99/296\n|\n|-heal|p2a: Palossand|117/296|[from] item: Leftovers\n|-heal|p1a: Mudsdale|218/302|[from] item: Leftovers\n|upkeep\n|turn|15\n|\n|t:|1782825133\n|move|p2a: Palossand|Shore Up|p2a: Palossand\n|-heal|p2a: Palossand|265/296\n|move|p1a: Mudsdale|Earthquake|p2a: Palossand\n|-damage|p2a: Palossand|168/296\n|\n|-heal|p2a: Palossand|186/296|[from] item: Leftovers\n|-heal|p1a: Mudsdale|236/302|[from] item: Leftovers\n|upkeep\n|turn|16\n|\n|t:|1782825135\n|move|p2a: Palossand|Shadow Ball|p1a: Mudsdale\n|-damage|p1a: Mudsdale|137/302\n|-unboost|p1a: Mudsdale|spd|1\n|-ability|p1a: Mudsdale|Stamina|boost\n|-boost|p1a: Mudsdale|def|1\n|move|p1a: Mudsdale|Earthquake|p2a: Palossand\n|-damage|p2a: Palossand|83/296\n|\n|-heal|p2a: Palossand|101/296|[from] item: Leftovers\n|-heal|p1a: Mudsdale|155/302|[from] item: Leftovers\n|upkeep\n|turn|17\n|\n|t:|1782825138\n|move|p2a: Palossand|Shore Up|p2a: Palossand\n|-heal|p2a: Palossand|249/296\n|move|p1a: Mudsdale|Earthquake|p2a: Palossand\n|-damage|p2a: Palossand|144/296\n|\n|-heal|p2a: Palossand|162/296|[from] item: Leftovers\n|-heal|p1a: Mudsdale|173/302|[from] item: Leftovers\n|upkeep\n|turn|18\n|\n|t:|1782825140\n|move|p2a: Palossand|Shadow Ball|p1a: Mudsdale\n|-damage|p1a: Mudsdale|26/302\n|-unboost|p1a: Mudsdale|spd|1\n|-ability|p1a: Mudsdale|Stamina|boost\n|-boost|p1a: Mudsdale|def|1\n|move|p1a: Mudsdale|Earthquake|p2a: Palossand\n|-damage|p2a: Palossand|65/296\n|\n|-heal|p2a: Palossand|83/296|[from] item: Leftovers\n|-heal|p1a: Mudsdale|44/302|[from] item: Leftovers\n|upkeep\n|turn|19\n|\n|t:|1782825143\n|move|p2a: Palossand|Shore Up|p2a: Palossand\n|-heal|p2a: Palossand|231/296\n|move|p1a: Mudsdale|Earthquake|p2a: Palossand\n|-damage|p2a: Palossand|131/296\n|\n|-heal|p2a: Palossand|149/296|[from] item: Leftovers\n|-heal|p1a: Mudsdale|62/302|[from] item: Leftovers\n|upkeep\n|turn|20\n|\n|t:|1782825146\n|move|p2a: Palossand|Shore Up|p2a: Palossand\n|-heal|p2a: Palossand|296/296\n|move|p1a: Mudsdale|Earthquake|p2a: Palossand\n|-damage|p2a: Palossand|194/296\n|\n|-heal|p2a: Palossand|212/296|[from] item: Leftovers\n|-heal|p1a: Mudsdale|80/302|[from] item: Leftovers\n|upkeep\n|turn|21\n|\n|t:|1782825148\n|move|p2a: Palossand|Shadow Ball|p1a: Mudsdale\n|-damage|p1a: Mudsdale|0 fnt\n|faint|p1a: Mudsdale\n|\n|-heal|p2a: Palossand|230/296|[from] item: Leftovers\n|upkeep\n|\n|t:|1782825149\n|switch|p1a: Primarina|Primarina, L83, M|268/268\n|-damage|p1a: Primarina|235/268|[from] Stealth Rock\n|-damage|p1a: Primarina|168/268|[from] Spikes\n|turn|22\n|\n|t:|1782825151\n|move|p1a: Primarina|Hydro Pump|p2a: Palossand\n|-supereffective|p2a: Palossand\n|-damage|p2a: Palossand|0 fnt\n|faint|p2a: Palossand\n|\n|upkeep\n|\n|t:|1782825157\n|switch|p2a: Forretress|Forretress, L84, M|106/263\n|turn|23\n|\n|t:|1782825159\n|move|p1a: Primarina|Hydro Pump|p2a: Forretress\n|-damage|p2a: Forretress|0 fnt\n|faint|p2a: Forretress\n|\n|upkeep\n|\n|t:|1782825164\n|switch|p2a: Hitmontop|Hitmontop, L88, M|231/231\n|-ability|p2a: Hitmontop|Intimidate|boost\n|-unboost|p1a: Primarina|atk|1\n|turn|24\n|\n|t:|1782825170\n|move|p2a: Hitmontop|Earthquake|p1a: Primarina\n|-damage|p1a: Primarina|86/268\n|move|p1a: Primarina|Hydro Pump|p2a: Hitmontop\n|-damage|p2a: Hitmontop|65/231\n|\n|upkeep\n|turn|25\n|\n|t:|1782825173\n|move|p2a: Hitmontop|Earthquake|p1a: Primarina\n|-damage|p1a: Primarina|5/268\n|move|p1a: Primarina|Hydro Pump|p2a: Hitmontop\n|-damage|p2a: Hitmontop|0 fnt\n|faint|p2a: Hitmontop\n|\n|upkeep\n|\n|t:|1782825176\n|switch|p2a: Gumshoos|Gumshoos, L95, M|321/321\n|turn|26\n|\n|t:|1782825182\n|move|p1a: Primarina|Hydro Pump|p2a: Gumshoos\n|-damage|p2a: Gumshoos|0 fnt\n|faint|p2a: Gumshoos\n|\n|win|testbotcif\n|raw|testbotcif's rating: 1244 &rarr; <strong>1267</strong><br />(+23 for winning)\n|raw|MMoochoo's rating: 1212 &rarr; <strong>1189</strong><br />(-23 for losing)\n", "inputlog": ">version f8ac14003a5f27e1bdc8d8c59608a773c1cb96e5\n>start {\"formatid\":\"gen9randombattle\",\"seed\":\"sodium,d6198275ef9429234948c8a70fb6aff5\",\"rated\":\"Rated battle\"}\n>player p1 {\"name\":\"testbotcif\",\"avatar\":\"266\",\"rating\":1244,\"seed\":\"sodium,475205802f2a47cb01dfbe73a6b7a4eb\"}\n>player p2 {\"name\":\"MMoochoo\",\"avatar\":\"1\",\"rating\":1212,\"seed\":\"sodium,d6e97a381238756efb1acb13ae6db849\"}\n>chat \u2606testbotcif|rlhf\n>p1 switch 5\n>p2 move swordsdance\n>p1 move hurricane\n>p2 move doubleedge terastallize\n>p1 switch 4\n>p1 move fireblast\n>p2 move doubleedge\n>p1 switch 3\n>p1 move earthquake\n>p2 switch 4\n>p1 move heavyslam\n>p2 move agility\n>p1 move heavyslam\n>p2 move mysticalfire\n>p2 switch 6\n>p1 move dracometeor\n>p2 move earthquake\n>p1 switch 5\n>p1 move moonblast\n>p2 switch 4\n>p2 switch 3\n>p1 switch 6\n>p2 move stealthrock\n>p1 move heavyslam\n>p2 move spikes\n>p1 move earthquake\n>p2 move spikes\n>p1 move earthquake\n>p2 move spikes\n>p1 move earthquake\n>p2 switch 2\n>p1 move earthquake\n>p2 move shadowball\n>p1 move earthquake\n>p2 move shoreup\n>p1 move earthquake\n>p2 move shadowball\n>p1 move earthquake\n>p2 move shoreup\n>p1 move earthquake\n>p2 move shadowball\n>p1 move earthquake\n>p2 move shoreup\n>p1 move earthquake\n>p2 move shoreup\n>p1 move earthquake\n>p2 move shadowball\n>p1 switch 6\n>p1 move hydropump\n>p2 move sludgebomb\n>p2 switch 2\n>p1 move hydropump\n>p2 move ironhead\n>p2 switch 5\n>p1 move hydropump\n>p2 move earthquake\n>p1 move hydropump\n>p2 move earthquake\n>p2 switch 4\n>p1 move hydropump\n>p2 move doubleedge", "uploadtime": 1782825183, "views": 3, "formatid": "gen9randombattle", "rating": 1189, "private": 0, "password": null, "player_dets": [{"name": "testbotcif", "avatar": "266", "rating": 1244, "seed": "sodium,475205802f2a47cb01dfbe73a6b7a4eb"}, {"name": "MMoochoo", "avatar": "1", "rating": 1212, "seed": "sodium,d6e97a381238756efb1acb13ae6db849"}], "teams_full": [{"Primarina": {"name": "Primarina", "species": "Primarina", "speciesId": "primarina", "gender": "M", "shiny": false, "level": 83, "moves": ["psychic", "hydropump", "flipturn", "moonblast"], "ability": "Torrent", "evs": {"hp": 85, "atk": 85, "def": 85, "spa": 85, "spd": 85, "spe": 85}, "ivs": {"hp": 31, "atk": 31, "def": 31, "spa": 31, "spd": 31, "spe": 31}, "item": "Choice Specs", "teraType": "Water", "role": "Wallbreaker", "bvs": {"hp": 80, "atk": 74, "def": 74, "spa": 126, "spd": 116, "spe": 60}, "stats": {"hp": 268, "atk": 171, "def": 171, "spa": 257, "spd": 240, "spe": 147}, "types": ["Water", "Fairy"]}, "Farigiraf": {"name": "Farigiraf", "species": "Farigiraf", "speciesId": "farigiraf", "gender": "F", "shiny": false, "level": 90, "moves": ["protect", "wish", "psychicnoise", "bodyslam"], "ability": "Sap Sipper", "evs": {"hp": 85, "atk": 85, "def": 85, "spa": 85, "spd": 85, "spe": 85}, "ivs": {"hp": 31, "atk": 31, "def": 31, "spa": 31, "spd": 31, "spe": 31}, "item": "Leftovers", "teraType": "Water", "role": "Bulky Support", "bvs": {"hp": 120, "atk": 90, "def": 70, "spa": 110, "spd": 70, "spe": 60}, "stats": {"hp": 362, "atk": 213, "def": 177, "spa": 249, "spd": 177, "spe": 159}, "types": ["Normal", "Psychic"]}, "Goodra": {"name": "Goodra", "species": "Goodra-Hisui", "speciesId": "goodrahisui", "gender": "M", "shiny": false, "level": 82, "moves": ["heavyslam", "earthquake", "knockoff", "dracometeor"], "ability": "Sap Sipper", "evs": {"hp": 85, "atk": 85, "def": 85, "spa": 85, "spd": 85, "spe": 85}, "ivs": {"hp": 31, "atk": 31, "def": 31, "spa": 31, "spd": 31, "spe": 31}, "item": "Assault Vest", "teraType": "Dragon", "role": "AV Pivot", "bvs": {"hp": 80, "atk": 100, "def": 100, "spa": 110, "spd": 150, "spe": 60}, "stats": {"hp": 265, "atk": 211, "def": 211, "spa": 228, "spd": 293, "spe": 146}, "types": ["Steel", "Dragon"]}, "Hydreigon": {"name": "Hydreigon", "species": "Hydreigon", "speciesId": "hydreigon", "gender": "M", "shiny": false, "level": 79, "moves": ["dracometeor", "fireblast", "uturn", "darkpulse"], "ability": "Levitate", "evs": {"hp": 85, "atk": 85, "def": 85, "spa": 85, "spd": 85, "spe": 85}, "ivs": {"hp": 31, "atk": 31, "def": 31, "spa": 31, "spd": 31, "spe": 31}, "item": "Choice Specs", "teraType": "Dragon", "role": "Fast Attacker", "bvs": {"hp": 92, "atk": 105, "def": 90, "spa": 125, "spd": 90, "spe": 98}, "stats": {"hp": 275, "atk": 211, "def": 188, "spa": 243, "spd": 188, "spe": 200}, "types": ["Dark", "Dragon"]}, "Zapdos": {"name": "Zapdos", "species": "Zapdos", "speciesId": "zapdos", "gender": "N", "shiny": false, "level": 78, "moves": ["discharge", "uturn", "roost", "hurricane"], "ability": "Static", "evs": {"hp": 85, "atk": 85, "def": 85, "spa": 85, "spd": 85, "spe": 85}, "ivs": {"hp": 31, "atk": 31, "def": 31, "spa": 31, "spd": 31, "spe": 31}, "item": "Heavy-Duty Boots", "teraType": "Electric", "role": "Bulky Attacker", "bvs": {"hp": 90, "atk": 90, "def": 85, "spa": 125, "spd": 90, "spe": 100}, "stats": {"hp": 268, "atk": 185, "def": 178, "spa": 240, "spd": 185, "spe": 201}, "types": ["Electric", "Flying"]}, "Mudsdale": {"name": "Mudsdale", "species": "Mudsdale", "speciesId": "mudsdale", "gender": "M", "shiny": false, "level": 83, "moves": ["heavyslam", "earthquake", "stoneedge", "stealthrock"], "ability": "Stamina", "evs": {"hp": 85, "atk": 85, "def": 85, "spa": 85, "spd": 85, "spe": 85}, "ivs": {"hp": 31, "atk": 31, "def": 31, "spa": 31, "spd": 31, "spe": 31}, "item": "Leftovers", "teraType": "Steel", "role": "Bulky Attacker", "bvs": {"hp": 100, "atk": 125, "def": 100, "spa": 55, "spd": 85, "spe": 35}, "stats": {"hp": 302, "atk": 255, "def": 214, "spa": 139, "spd": 189, "spe": 106}, "types": ["Ground"]}}, {"Leafeon": {"name": "Leafeon", "species": "Leafeon", "speciesId": "leafeon", "gender": "M", "shiny": false, "level": 88, "moves": ["synthesis", "swordsdance", "leafblade", "doubleedge"], "ability": "Chlorophyll", "evs": {"hp": 85, "atk": 85, "def": 85, "spa": 85, "spd": 85, "spe": 85}, "ivs": {"hp": 31, "atk": 31, "def": 31, "spa": 31, "spd": 31, "spe": 31}, "item": "Life Orb", "teraType": "Normal", "role": "Setup Sweeper", "bvs": {"hp": 65, "atk": 110, "def": 130, "spa": 60, "spd": 65, "spe": 95}, "stats": {"hp": 258, "atk": 244, "def": 279, "spa": 156, "spd": 165, "spe": 217}, "types": ["Grass"]}, "Palossand": {"name": "Palossand", "species": "Palossand", "speciesId": "palossand", "gender": "F", "shiny": false, "level": 89, "moves": ["shadowball", "earthpower", "shoreup", "sludgebomb"], "ability": "Water Compaction", "evs": {"hp": 85, "atk": 0, "def": 85, "spa": 85, "spd": 85, "spe": 85}, "ivs": {"hp": 31, "atk": 0, "def": 31, "spa": 31, "spd": 31, "spe": 31}, "item": "Leftovers", "teraType": "Poison", "role": "Bulky Support", "bvs": {"hp": 85, "atk": 75, "def": 110, "spa": 100, "spd": 75, "spe": 35}, "stats": {"hp": 296, "atk": 138, "def": 247, "spa": 229, "spd": 184, "spe": 113}, "types": ["Ghost", "Ground"]}, "Forretress": {"name": "Forretress", "species": "Forretress", "speciesId": "forretress", "gender": "M", "shiny": false, "level": 84, "moves": ["stealthrock", "spikes", "ironhead", "bodypress"], "ability": "Sturdy", "evs": {"hp": 85, "atk": 85, "def": 85, "spa": 85, "spd": 85, "spe": 85}, "ivs": {"hp": 31, "atk": 31, "def": 31, "spa": 31, "spd": 31, "spe": 31}, "item": "Leftovers", "teraType": "Water", "role": "Bulky Attacker", "bvs": {"hp": 75, "atk": 90, "def": 140, "spa": 60, "spd": 60, "spe": 40}, "stats": {"hp": 263, "atk": 199, "def": 283, "spa": 149, "spd": 149, "spe": 115}, "types": ["Bug", "Steel"]}, "Enamorus": {"name": "Enamorus", "species": "Enamorus-Therian", "speciesId": "enamorustherian", "gender": "F", "shiny": false, "level": 83, "moves": ["agility", "earthpower", "mysticalfire", "moonblast"], "ability": "Overcoat", "evs": {"hp": 85, "atk": 0, "def": 85, "spa": 85, "spd": 85, "spe": 85}, "ivs": {"hp": 31, "atk": 0, "def": 31, "spa": 31, "spd": 31, "spe": 31}, "item": "Weakness Policy", "teraType": "Ground", "role": "Bulky Setup", "bvs": {"hp": 74, "atk": 115, "def": 110, "spa": 135, "spd": 100, "spe": 46}, "stats": {"hp": 259, "atk": 195, "def": 230, "spa": 272, "spd": 214, "spe": 124}, "types": ["Fairy", "Flying"]}, "Hitmontop": {"name": "Hitmontop", "species": "Hitmontop", "speciesId": "hitmontop", "gender": "M", "shiny": false, "level": 88, "moves": ["closecombat", "earthquake", "rapidspin", "suckerpunch"], "ability": "Intimidate", "evs": {"hp": 85, "atk": 85, "def": 85, "spa": 85, "spd": 85, "spe": 85}, "ivs": {"hp": 31, "atk": 31, "def": 31, "spa": 31, "spd": 31, "spe": 31}, "item": "Assault Vest", "teraType": "Steel", "role": "Bulky Support", "bvs": {"hp": 50, "atk": 95, "def": 95, "spa": 35, "spd": 110, "spe": 70}, "stats": {"hp": 231, "atk": 217, "def": 217, "spa": 112, "spd": 244, "spe": 173}, "types": ["Fighting"]}, "Gumshoos": {"name": "Gumshoos", "species": "Gumshoos", "speciesId": "gumshoos", "gender": "M", "shiny": false, "level": 95, "moves": ["earthquake", "uturn", "knockoff", "doubleedge"], "ability": "Stakeout", "evs": {"hp": 85, "atk": 85, "def": 85, "spa": 85, "spd": 85, "spe": 85}, "ivs": {"hp": 31, "atk": 31, "def": 31, "spa": 31, "spd": 31, "spe": 31}, "item": "Choice Band", "teraType": "Normal", "role": "Wallbreaker", "bvs": {"hp": 88, "atk": 110, "def": 60, "spa": 55, "spd": 60, "spe": 45}, "stats": {"hp": 321, "atk": 263, "def": 168, "spa": 158, "spd": 168, "spe": 139}, "types": ["Normal"]}}]}