{"id": "gen9randombattle-2641515030", "format": "[Gen 9] Random Battle", "players": ["JudasFPriest", "itztrip"], "log": "|badge|p2|bronze|gen9ubers|100-9\n|uhtml|medal-msg|<div class=\"broadcast-blue\">Curious what those medals under the avatar are? PS now has Ladder Seasons! For more information, check out the <a href=\"https://www.smogon.com/forums/threads/3740067/\">thread on Smogon.</a></div>\n|j|\u2606JudasFPriest\n|j|\u2606itztrip\n|t:|1782798452\n|gametype|singles\n|player|p1|JudasFPriest|guitarist-gen4|1974\n|player|p2|itztrip|proton|1949\n|gen|9\n|tier|[Gen 9] Random Battle\n|rated|\n|rule|Species Clause: Limit one of each Pok\u00e9mon\n|rule|HP Percentage Mod: HP is shown in percentages\n|rule|Sleep Clause Mod: Limit one foe put to sleep\n|rule|Illusion Level Mod: Illusion disguises the Pok\u00e9mon's true level\n|\n|t:|1782798452\n|teamsize|p1|6\n|teamsize|p2|6\n|start\n|switch|p1a: Duraludon|Duraludon, L82, F|249/249\n|switch|p2a: Mandibuzz|Mandibuzz, L85, F|326/326\n|turn|1\n|inactive|Battle timer is ON: inactive players will automatically lose when time's up. (requested by itztrip)\n|\n|t:|1782798465\n|switch|p2a: Bronzong|Bronzong, L88|261/261\n|move|p1a: Duraludon|Thunder Wave|p2a: Bronzong\n|-status|p2a: Bronzong|par\n|\n|upkeep\n|turn|2\n|\n|t:|1782798485\n|switch|p1a: Pelipper|Pelipper, L86, M|243/243\n|-weather|RainDance|[from] ability: Drizzle|[of] p1a: Pelipper\n|move|p2a: Bronzong|Body Press|p1a: Pelipper\n|-resisted|p1a: Pelipper\n|-damage|p1a: Pelipper|212/243\n|\n|-weather|RainDance|[upkeep]\n|upkeep\n|turn|3\n|\n|t:|1782798493\n|switch|p2a: Raging Bolt|Raging Bolt, L78|323/323\n|-enditem|p2a: Raging Bolt|Booster Energy\n|-activate|p2a: Raging Bolt|ability: Protosynthesis|[fromitem]\n|-start|p2a: Raging Bolt|protosynthesisspa\n|move|p1a: Pelipper|Knock Off|p2a: Raging Bolt\n|-damage|p2a: Raging Bolt|290/323\n|\n|-weather|RainDance|[upkeep]\n|upkeep\n|turn|4\n|inactive|JudasFPriest has 120 seconds left.\n|inactive|itztrip has 120 seconds left.\n|\n|t:|1782798524\n|switch|p1a: Uxie|Uxie, L83|260/260\n|move|p2a: Raging Bolt|Dragon Pulse|p1a: Uxie\n|-damage|p1a: Uxie|163/260\n|\n|-weather|RainDance|[upkeep]\n|-heal|p1a: Uxie|179/260|[from] item: Leftovers\n|upkeep\n|turn|5\n|inactive|JudasFPriest has 120 seconds left.\n|\n|t:|1782798543\n|-end|p2a: Raging Bolt|Protosynthesis|[silent]\n|switch|p2a: Mandibuzz|Mandibuzz, L85, F|326/326\n|move|p1a: Uxie|Stealth Rock|p2a: Mandibuzz\n|-sidestart|p2: itztrip|move: Stealth Rock\n|\n|-weather|RainDance|[upkeep]\n|-heal|p1a: Uxie|195/260|[from] item: Leftovers\n|upkeep\n|turn|6\n|inactive|JudasFPriest has 120 seconds left.\n|\n|t:|1782798572\n|switch|p1a: Pelipper|Pelipper, L86, M|212/243\n|switch|p2a: Scrafty|Scrafty, L83, F|244/244\n|-damage|p2a: Scrafty|229/244|[from] Stealth Rock\n|\n|-weather|none\n|-heal|p2a: Scrafty|244/244|[from] item: Leftovers\n|upkeep\n|turn|7\n|\n|t:|1782798577\n|move|p1a: Pelipper|Hurricane|p2a: Scrafty\n|-supereffective|p2a: Scrafty\n|-damage|p2a: Scrafty|38/244\n|-start|p2a: Scrafty|confusion\n|-activate|p2a: Scrafty|confusion\n|move|p2a: Scrafty|Knock Off|p1a: Pelipper\n|-damage|p1a: Pelipper|122/243\n|-enditem|p1a: Pelipper|Heavy-Duty Boots|[from] move: Knock Off|[of] p2a: Scrafty\n|\n|-heal|p2a: Scrafty|53/244|[from] item: Leftovers\n|upkeep\n|turn|8\n|\n|t:|1782798601\n|switch|p2a: Mandibuzz|Mandibuzz, L85, F|326/326\n|move|p1a: Pelipper|Hydro Pump|p2a: Mandibuzz\n|-damage|p2a: Mandibuzz|206/326\n|\n|upkeep\n|turn|9\n|\n|t:|1782798611\n|move|p2a: Mandibuzz|Toxic|p1a: Pelipper\n|-status|p1a: Pelipper|tox\n|move|p1a: Pelipper|Knock Off|p2a: Mandibuzz\n|-resisted|p2a: Mandibuzz\n|-damage|p2a: Mandibuzz|186/326\n|-enditem|p2a: Mandibuzz|Heavy-Duty Boots|[from] move: Knock Off|[of] p1a: Pelipper\n|\n|-damage|p1a: Pelipper|107/243 tox|[from] psn\n|upkeep\n|turn|10\n|\n|t:|1782798623\n|switch|p1a: Duraludon|Duraludon, L82, F|249/249\n|move|p2a: Mandibuzz|Roost|p2a: Mandibuzz\n|-heal|p2a: Mandibuzz|326/326\n|-singleturn|p2a: Mandibuzz|move: Roost\n|\n|upkeep\n|turn|11\n|\n|t:|1782798630\n|switch|p2a: Bronzong|Bronzong, L88|261/261 par\n|-damage|p2a: Bronzong|245/261 par|[from] Stealth Rock\n|move|p1a: Duraludon|Body Press|p2a: Bronzong\n|-damage|p2a: Bronzong|194/261 par\n|\n|upkeep\n|turn|12\n|\n|t:|1782798639\n|switch|p1a: Pelipper|Pelipper, L86, M|107/243 tox\n|-weather|RainDance|[from] ability: Drizzle|[of] p1a: Pelipper\n|switch|p2a: Copperajah|Copperajah, L86, F|350/350\n|-damage|p2a: Copperajah|329/350|[from] Stealth Rock\n|\n|-weather|RainDance|[upkeep]\n|-damage|p1a: Pelipper|92/243 tox|[from] psn\n|upkeep\n|turn|13\n|inactive|JudasFPriest has 120 seconds left.\n|\n|t:|1782798663\n|move|p1a: Pelipper|Hydro Pump|p2a: Copperajah\n|-damage|p2a: Copperajah|125/350\n|move|p2a: Copperajah|Stone Edge|p1a: Pelipper|[miss]\n|-miss|p2a: Copperajah|p1a: Pelipper\n|\n|-weather|RainDance|[upkeep]\n|-damage|p1a: Pelipper|62/243 tox|[from] psn\n|upkeep\n|turn|14\n|\n|t:|1782798686\n|move|p1a: Pelipper|Roost|p1a: Pelipper\n|-heal|p1a: Pelipper|184/243 tox\n|-singleturn|p1a: Pelipper|move: Roost\n|move|p2a: Copperajah|Stone Edge|p1a: Pelipper\n|-damage|p1a: Pelipper|54/243 tox\n|\n|-weather|RainDance|[upkeep]\n|-damage|p1a: Pelipper|9/243 tox|[from] psn\n|upkeep\n|turn|15\n|\n|t:|1782798691\n|move|p1a: Pelipper|Hydro Pump|p2a: Copperajah\n|-damage|p2a: Copperajah|0 fnt\n|faint|p2a: Copperajah\n|\n|-weather|RainDance|[upkeep]\n|-damage|p1a: Pelipper|0 fnt|[from] psn\n|faint|p1a: Pelipper\n|upkeep\n|inactive|JudasFPriest has 120 seconds left.\n|\n|t:|1782798703\n|switch|p1a: Uxie|Uxie, L83|195/260\n|switch|p2a: Scrafty|Scrafty, L83, F|53/244\n|-damage|p2a: Scrafty|38/244|[from] Stealth Rock\n|turn|16\n|inactive|JudasFPriest has 120 seconds left.\n|\n|t:|1782798713\n|move|p1a: Uxie|Knock Off|p2a: Scrafty\n|-resisted|p2a: Scrafty\n|-damage|p2a: Scrafty|26/244\n|-enditem|p2a: Scrafty|Leftovers|[from] move: Knock Off|[of] p1a: Uxie\n|move|p2a: Scrafty|Rest|p2a: Scrafty\n|-status|p2a: Scrafty|slp|[from] move: Rest\n|-heal|p2a: Scrafty|244/244 slp|[silent]\n|\n|-weather|none\n|-heal|p1a: Uxie|211/260|[from] item: Leftovers\n|-activate|p2a: Scrafty|ability: Shed Skin\n|-curestatus|p2a: Scrafty|slp|[msg]\n|upkeep\n|turn|17\n|inactive|JudasFPriest has 120 seconds left.\n|\n|t:|1782798725\n|switch|p1a: Decidueye|Decidueye-Hisui, L87, F|295/295\n|move|p2a: Scrafty|Bulk Up|p2a: Scrafty\n|-boost|p2a: Scrafty|atk|1\n|-boost|p2a: Scrafty|def|1\n|\n|upkeep\n|turn|18\n|\n|t:|1782798730\n|-terastallize|p2a: Scrafty|Poison\n|move|p1a: Decidueye|Triple Arrows|p2a: Scrafty\n|-resisted|p2a: Scrafty\n|-damage|p2a: Scrafty|214/244\n|-unboost|p2a: Scrafty|def|1\n|cant|p2a: Scrafty|flinch\n|\n|upkeep\n|turn|19\n|\n|t:|1782798739\n|move|p1a: Decidueye|U-turn|p2a: Scrafty\n|-resisted|p2a: Scrafty\n|-damage|p2a: Scrafty|190/244\n|\n|t:|1782798748\n|switch|p1a: Uxie|Uxie, L83|211/260|[from] U-turn\n|move|p2a: Scrafty|Knock Off|p1a: Uxie\n|-supereffective|p1a: Uxie\n|-damage|p1a: Uxie|0 fnt\n|-enditem|p1a: Uxie|Leftovers|[from] move: Knock Off|[of] p2a: Scrafty\n|faint|p1a: Uxie\n|\n|upkeep\n|\n|t:|1782798751\n|switch|p1a: Armarouge|Armarouge, L80, F|267/267\n|turn|20\n|\n|t:|1782798754\n|switch|p2a: Mandibuzz|Mandibuzz, L85, F|326/326\n|-damage|p2a: Mandibuzz|245/326|[from] Stealth Rock\n|move|p1a: Armarouge|Psyshock|p2a: Mandibuzz\n|-immune|p2a: Mandibuzz\n|\n|upkeep\n|turn|21\n|\n|t:|1782798768\n|switch|p2a: Scrafty|Scrafty, L83, F, tera:Poison|190/244\n|-damage|p2a: Scrafty|160/244|[from] Stealth Rock\n|switch|p1a: Duraludon|Duraludon, L82, F|249/249\n|\n|upkeep\n|turn|22\n|inactive|JudasFPriest has 120 seconds left.\n|\n|t:|1782798815\n|move|p1a: Duraludon|Flash Cannon|p2a: Scrafty\n|-damage|p2a: Scrafty|78/244\n|-unboost|p2a: Scrafty|spd|1\n|move|p2a: Scrafty|Knock Off|p1a: Duraludon\n|-damage|p1a: Duraludon|194/249\n|-enditem|p1a: Duraludon|Eviolite|[from] move: Knock Off|[of] p2a: Scrafty\n|\n|upkeep\n|turn|23\n|\n|t:|1782798822\n|move|p1a: Duraludon|Flash Cannon|p2a: Scrafty\n|-damage|p2a: Scrafty|0 fnt\n|faint|p2a: Scrafty\n|\n|upkeep\n|\n|t:|1782798832\n|switch|p2a: Mandibuzz|Mandibuzz, L85, F|245/326\n|-damage|p2a: Mandibuzz|164/326|[from] Stealth Rock\n|turn|24\n|inactive|JudasFPriest has 120 seconds left.\n|\n|t:|1782798857\n|move|p1a: Duraludon|Thunder Wave|p2a: Mandibuzz\n|-status|p2a: Mandibuzz|par\n|cant|p2a: Mandibuzz|par\n|\n|upkeep\n|turn|25\n|\n|t:|1782798865\n|move|p1a: Duraludon|Flash Cannon|p2a: Mandibuzz\n|-damage|p2a: Mandibuzz|74/326 par\n|move|p2a: Mandibuzz|Roost|p2a: Mandibuzz\n|-heal|p2a: Mandibuzz|237/326 par\n|-singleturn|p2a: Mandibuzz|move: Roost\n|\n|upkeep\n|turn|26\n|\n|t:|1782798869\n|move|p1a: Duraludon|Flash Cannon|p2a: Mandibuzz\n|-damage|p2a: Mandibuzz|140/326 par\n|move|p2a: Mandibuzz|Roost|p2a: Mandibuzz\n|-heal|p2a: Mandibuzz|303/326 par\n|-singleturn|p2a: Mandibuzz|move: Roost\n|\n|upkeep\n|turn|27\n|\n|t:|1782798874\n|switch|p2a: Bronzong|Bronzong, L88|194/261 par\n|-damage|p2a: Bronzong|178/261 par|[from] Stealth Rock\n|move|p1a: Duraludon|Flash Cannon|p2a: Bronzong\n|-resisted|p2a: Bronzong\n|-damage|p2a: Bronzong|143/261 par\n|\n|upkeep\n|turn|28\n|\n|t:|1782798885\n|switch|p1a: Armarouge|Armarouge, L80, F|267/267\n|switch|p2a: Leafeon|Leafeon, L88, F|258/258\n|-damage|p2a: Leafeon|226/258|[from] Stealth Rock\n|\n|upkeep\n|turn|29\n|\n|t:|1782798889\n|move|p2a: Leafeon|Knock Off|p1a: Armarouge\n|-supereffective|p1a: Armarouge\n|-damage|p1a: Armarouge|75/267\n|-ability|p1a: Armarouge|Weak Armor|boost\n|-unboost|p1a: Armarouge|def|1\n|-boost|p1a: Armarouge|spe|2\n|-enditem|p1a: Armarouge|Choice Specs|[from] move: Knock Off|[of] p2a: Leafeon\n|-damage|p2a: Leafeon|201/258|[from] item: Life Orb\n|move|p1a: Armarouge|Armor Cannon|p2a: Leafeon\n|-supereffective|p2a: Leafeon\n|-crit|p2a: Leafeon\n|-damage|p2a: Leafeon|0 fnt\n|-unboost|p1a: Armarouge|def|1\n|-unboost|p1a: Armarouge|spd|1\n|faint|p2a: Leafeon\n|\n|upkeep\n|\n|t:|1782798892\n|switch|p2a: Raging Bolt|Raging Bolt, L78|290/323\n|-damage|p2a: Raging Bolt|250/323|[from] Stealth Rock\n|turn|30\n|\n|t:|1782798903\n|move|p2a: Raging Bolt|Thunderclap|p1a: Armarouge\n|-damage|p1a: Armarouge|0 fnt\n|faint|p1a: Armarouge\n|\n|upkeep\n|\n|t:|1782798908\n|switch|p1a: Decidueye|Decidueye-Hisui, L87, F|295/295\n|turn|31\n|\n|t:|1782798928\n|-end|p2a: Raging Bolt|Protosynthesis|[silent]\n|switch|p2a: Bronzong|Bronzong, L88|143/261 par\n|-damage|p2a: Bronzong|127/261 par|[from] Stealth Rock\n|move|p1a: Decidueye|Triple Arrows|p2a: Bronzong\n|-damage|p2a: Bronzong|34/261 par\n|\n|upkeep\n|turn|32\n|\n|t:|1782798946\n|move|p1a: Decidueye|Triple Arrows|p2a: Bronzong\n|-damage|p2a: Bronzong|0 fnt\n|faint|p2a: Bronzong\n|\n|upkeep\n|\n|t:|1782798955\n|switch|p2a: Mandibuzz|Mandibuzz, L85, F|303/326 par\n|-damage|p2a: Mandibuzz|222/326 par|[from] Stealth Rock\n|turn|33\n|inactive|JudasFPriest has 120 seconds left.\n|inactive|JudasFPriest has 90 seconds left.\n|\n|t:|1782799039\n|switch|p1a: Duraludon|Duraludon, L82, F|194/249\n|move|p2a: Mandibuzz|Brave Bird|p1a: Duraludon\n|-resisted|p1a: Duraludon\n|-damage|p1a: Duraludon|156/249\n|-damage|p2a: Mandibuzz|209/326 par|[from] Recoil\n|\n|upkeep\n|turn|34\n|inactive|itztrip has 120 seconds left.\n|\n|t:|1782799072\n|move|p1a: Duraludon|Body Press|p2a: Mandibuzz\n|-damage|p2a: Mandibuzz|156/326 par\n|cant|p2a: Mandibuzz|par\n|\n|upkeep\n|turn|35\n|\n|t:|1782799079\n|move|p1a: Duraludon|Flash Cannon|p2a: Mandibuzz\n|-damage|p2a: Mandibuzz|62/326 par\n|move|p2a: Mandibuzz|Roost|p2a: Mandibuzz\n|-heal|p2a: Mandibuzz|225/326 par\n|-singleturn|p2a: Mandibuzz|move: Roost\n|\n|upkeep\n|turn|36\n|\n|t:|1782799098\n|move|p1a: Duraludon|Body Press|p2a: Mandibuzz\n|-damage|p2a: Mandibuzz|167/326 par\n|move|p2a: Mandibuzz|Roost|p2a: Mandibuzz\n|-heal|p2a: Mandibuzz|326/326 par\n|-singleturn|p2a: Mandibuzz|move: Roost\n|\n|upkeep\n|turn|37\n|\n|t:|1782799107\n|move|p1a: Duraludon|Flash Cannon|p2a: Mandibuzz\n|-damage|p2a: Mandibuzz|232/326 par\n|move|p2a: Mandibuzz|Foul Play|p1a: Duraludon\n|-damage|p1a: Duraludon|87/249\n|\n|upkeep\n|turn|38\n|\n|t:|1782799112\n|move|p1a: Duraludon|Flash Cannon|p2a: Mandibuzz\n|-damage|p2a: Mandibuzz|150/326 par\n|move|p2a: Mandibuzz|Roost|p2a: Mandibuzz\n|-heal|p2a: Mandibuzz|313/326 par\n|-singleturn|p2a: Mandibuzz|move: Roost\n|\n|upkeep\n|turn|39\n|\n|t:|1782799115\n|move|p1a: Duraludon|Flash Cannon|p2a: Mandibuzz\n|-damage|p2a: Mandibuzz|231/326 par\n|move|p2a: Mandibuzz|Foul Play|p1a: Duraludon\n|-damage|p1a: Duraludon|24/249\n|\n|upkeep\n|turn|40\n|inactive|JudasFPriest has 120 seconds left.\n|\n|t:|1782799126\n|move|p1a: Duraludon|Flash Cannon|p2a: Mandibuzz\n|-damage|p2a: Mandibuzz|146/326 par\n|-unboost|p2a: Mandibuzz|spd|1\n|move|p2a: Mandibuzz|Roost|p2a: Mandibuzz\n|-heal|p2a: Mandibuzz|309/326 par\n|-singleturn|p2a: Mandibuzz|move: Roost\n|\n|upkeep\n|turn|41\n|\n|t:|1782799131\n|switch|p2a: Raging Bolt|Raging Bolt, L78|250/323\n|-damage|p2a: Raging Bolt|210/323|[from] Stealth Rock\n|move|p1a: Duraludon|Draco Meteor|p2a: Raging Bolt\n|-supereffective|p2a: Raging Bolt\n|-crit|p2a: Raging Bolt\n|-damage|p2a: Raging Bolt|0 fnt\n|-unboost|p1a: Duraludon|spa|2\n|faint|p2a: Raging Bolt\n|-end|p2a: Raging Bolt|Protosynthesis|[silent]\n|\n|upkeep\n|\n|t:|1782799134\n|switch|p2a: Mandibuzz|Mandibuzz, L85, F|309/326 par\n|-damage|p2a: Mandibuzz|228/326 par|[from] Stealth Rock\n|turn|42\n|\n|t:|1782799139\n|move|p1a: Duraludon|Body Press|p2a: Mandibuzz\n|-crit|p2a: Mandibuzz\n|-damage|p2a: Mandibuzz|145/326 par\n|move|p2a: Mandibuzz|Foul Play|p1a: Duraludon\n|-damage|p1a: Duraludon|0 fnt\n|faint|p1a: Duraludon\n|\n|upkeep\n|inactive|JudasFPriest has 120 seconds left.\n|\n|t:|1782799168\n|switch|p1a: Decidueye|Decidueye-Hisui, L87, F|295/295\n|turn|43\n|\n|t:|1782799175\n|move|p1a: Decidueye|Triple Arrows|p2a: Mandibuzz\n|-damage|p2a: Mandibuzz|43/326 par\n|-unboost|p2a: Mandibuzz|def|1\n|move|p2a: Mandibuzz|Roost|p2a: Mandibuzz\n|-heal|p2a: Mandibuzz|206/326 par\n|-singleturn|p2a: Mandibuzz|move: Roost\n|\n|upkeep\n|turn|44\n|\n|t:|1782799184\n|move|p1a: Decidueye|Triple Arrows|p2a: Mandibuzz\n|-damage|p2a: Mandibuzz|71/326 par\n|-unboost|p2a: Mandibuzz|def|1\n|move|p2a: Mandibuzz|Brave Bird|p1a: Decidueye\n|-supereffective|p1a: Decidueye\n|-damage|p1a: Decidueye|0 fnt\n|faint|p1a: Decidueye\n|-damage|p2a: Mandibuzz|0 fnt|[from] Recoil\n|faint|p2a: Mandibuzz\n|\n|win|JudasFPriest\n", "inputlog": ">version f8ac14003a5f27e1bdc8d8c59608a773c1cb96e5\n>start {\"formatid\":\"gen9randombattle\",\"seed\":\"sodium,0d4170fee122a04954887dcbb897ee53\",\"rated\":\"Rated battle\"}\n>player p1 {\"name\":\"JudasFPriest\",\"avatar\":\"guitarist-gen4\",\"rating\":1974,\"seed\":\"sodium,d2639c80acab5a090ad3fc7f772f078a\"}\n>player p2 {\"name\":\"itztrip\",\"avatar\":\"proton\",\"rating\":1949,\"seed\":\"sodium,21d63b3ff22d732962448530ed0b4d19\"}\n>p1 move thunderwave\n>p2 switch 3\n>p1 switch 4\n>p2 move bodypress\n>p1 move knockoff\n>p2 switch 5\n>p1 switch 2\n>p2 move dragonpulse\n>p1 move stealthrock\n>p2 switch 3\n>p1 switch 2\n>p2 switch 2\n>p1 move hurricane\n>p2 move knockoff\n>p1 move hydropump\n>p2 switch 2\n>p1 move knockoff\n>p2 move toxic\n>p1 switch 4\n>p2 move roost\n>p1 move bodypress\n>p2 switch 5\n>p1 switch 4\n>p2 switch 6\n>p1 move hydropump\n>p2 move stoneedge\n>p1 move roost\n>p2 move stoneedge\n>p1 move hydropump\n>p2 move stoneedge\n>p1 switch 2\n>p2 switch 2\n>p1 move knockoff\n>p2 move rest\n>p1 switch 5\n>p2 move bulkup\n>p1 move triplearrows\n>p2 move bulkup terastallize\n>p1 move uturn\n>p2 move knockoff\n>p1 switch 5\n>p1 switch 3\n>p1 move psyshock\n>p2 switch 5\n>p1 switch 4\n>p2 switch 5\n>p1 move flashcannon\n>p2 move knockoff\n>p1 move flashcannon\n>p2 move drainpunch\n>p2 switch 5\n>p1 move thunderwave\n>p2 move roost\n>p1 move flashcannon\n>p2 move roost\n>p1 move flashcannon\n>p2 move roost\n>p1 move flashcannon\n>p2 switch 6\n>p1 switch 4\n>p2 switch 4\n>p1 move armorcannon\n>p2 move knockoff\n>p2 switch 3\n>p1 move psyshock\n>p2 move thunderclap\n>p1 switch 5\n>p1 move triplearrows\n>p2 switch 4\n>p1 move triplearrows\n>p2 move ironhead\n>p2 switch 6\n>p1 switch 4\n>p2 move bravebird\n>p1 move bodypress\n>p2 move roost\n>p1 move flashcannon\n>p2 move roost\n>p1 move bodypress\n>p2 move roost\n>p1 move flashcannon\n>p2 move foulplay\n>p1 move flashcannon\n>p2 move roost\n>p1 move flashcannon\n>p2 move foulplay\n>p1 move flashcannon\n>p2 move roost\n>p1 move dracometeor\n>p2 switch 4\n>p2 switch 4\n>p1 move bodypress\n>p2 move foulplay\n>p1 switch 4\n>p1 move triplearrows\n>p2 move roost\n>p1 move triplearrows\n>p2 move bravebird", "uploadtime": 1782798453, "views": 3, "formatid": "gen9randombattle", "rating": null, "private": 0, "password": null, "player_dets": [{"name": "JudasFPriest", "avatar": "guitarist-gen4", "rating": 1974, "seed": "sodium,d2639c80acab5a090ad3fc7f772f078a"}, {"name": "itztrip", "avatar": "proton", "rating": 1949, "seed": "sodium,21d63b3ff22d732962448530ed0b4d19"}], "teams_full": [{"Duraludon": {"name": "Duraludon", "species": "Duraludon", "speciesId": "duraludon", "gender": "F", "shiny": false, "level": 82, "moves": ["dracometeor", "thunderwave", "flashcannon", "bodypress"], "ability": "Light Metal", "evs": {"hp": 85, "atk": 0, "def": 85, "spa": 85, "spd": 85, "spe": 85}, "ivs": {"hp": 31, "atk": 0, "def": 31, "spa": 31, "spd": 31, "spe": 31}, "item": "Eviolite", "teraType": "Fighting", "role": "Bulky Attacker", "bvs": {"hp": 70, "atk": 95, "def": 115, "spa": 120, "spd": 50, "spe": 85}, "stats": {"hp": 249, "atk": 160, "def": 236, "spa": 244, "spd": 129, "spe": 187}, "types": ["Steel", "Dragon"]}, "Uxie": {"name": "Uxie", "species": "Uxie", "speciesId": "uxie", "gender": "N", "shiny": false, "level": 83, "moves": ["psychicnoise", "encore", "stealthrock", "knockoff"], "ability": "Levitate", "evs": {"hp": 85, "atk": 85, "def": 85, "spa": 85, "spd": 85, "spe": 85}, "ivs": {"hp": 31, "atk": 31, "def": 31, "spa": 31, "spd": 31, "spe": 31}, "item": "Leftovers", "teraType": "Steel", "role": "Bulky Support", "bvs": {"hp": 75, "atk": 75, "def": 130, "spa": 75, "spd": 130, "spe": 95}, "stats": {"hp": 260, "atk": 172, "def": 263, "spa": 172, "spd": 263, "spe": 205}, "types": ["Psychic"]}, "Armarouge": {"name": "Armarouge", "species": "Armarouge", "speciesId": "armarouge", "gender": "F", "shiny": false, "level": 80, "moves": ["armorcannon", "focusblast", "energyball", "psyshock"], "ability": "Weak Armor", "evs": {"hp": 85, "atk": 0, "def": 85, "spa": 85, "spd": 85, "spe": 85}, "ivs": {"hp": 31, "atk": 0, "def": 31, "spa": 31, "spd": 31, "spe": 31}, "item": "Choice Specs", "teraType": "Fire", "role": "Wallbreaker", "bvs": {"hp": 85, "atk": 60, "def": 100, "spa": 125, "spd": 80, "spe": 75}, "stats": {"hp": 267, "atk": 101, "def": 206, "spa": 246, "spd": 174, "spe": 166}, "types": ["Fire", "Psychic"]}, "Pelipper": {"name": "Pelipper", "species": "Pelipper", "speciesId": "pelipper", "gender": "M", "shiny": false, "level": 86, "moves": ["hydropump", "knockoff", "roost", "hurricane"], "ability": "Drizzle", "evs": {"hp": 85, "atk": 85, "def": 85, "spa": 85, "spd": 85, "spe": 85}, "ivs": {"hp": 31, "atk": 31, "def": 31, "spa": 31, "spd": 31, "spe": 31}, "item": "Heavy-Duty Boots", "teraType": "Ground", "role": "Bulky Attacker", "bvs": {"hp": 60, "atk": 50, "def": 100, "spa": 95, "spd": 70, "spe": 65}, "stats": {"hp": 243, "atk": 135, "def": 221, "spa": 213, "spd": 170, "spe": 161}, "types": ["Water", "Flying"]}, "Decidueye": {"name": "Decidueye", "species": "Decidueye-Hisui", "speciesId": "decidueyehisui", "gender": "F", "shiny": false, "level": 87, "moves": ["triplearrows", "leafblade", "roost", "uturn"], "ability": "Scrappy", "evs": {"hp": 85, "atk": 85, "def": 85, "spa": 85, "spd": 85, "spe": 85}, "ivs": {"hp": 31, "atk": 31, "def": 31, "spa": 31, "spd": 31, "spe": 31}, "item": "Leftovers", "teraType": "Water", "role": "Bulky Attacker", "bvs": {"hp": 88, "atk": 112, "def": 80, "spa": 95, "spd": 95, "spe": 60}, "stats": {"hp": 295, "atk": 245, "def": 189, "spa": 215, "spd": 215, "spe": 154}, "types": ["Grass", "Fighting"]}, "Moltres": {"name": "Moltres", "species": "Moltres-Galar", "speciesId": "moltresgalar", "gender": "N", "shiny": false, "level": 79, "moves": ["fierywrath", "agility", "nastyplot", "hurricane"], "ability": "Berserk", "evs": {"hp": 81, "atk": 0, "def": 85, "spa": 85, "spd": 85, "spe": 85}, "ivs": {"hp": 31, "atk": 0, "def": 31, "spa": 31, "spd": 31, "spe": 31}, "item": "Weakness Policy", "teraType": "Dark", "role": "Bulky Setup", "bvs": {"hp": 90, "atk": 85, "def": 90, "spa": 100, "spd": 125, "spe": 90}, "stats": {"hp": 271, "atk": 139, "def": 188, "spa": 204, "spd": 243, "spe": 188}, "types": ["Dark", "Flying"]}}, {"Mandibuzz": {"name": "Mandibuzz", "species": "Mandibuzz", "speciesId": "mandibuzz", "gender": "F", "shiny": false, "level": 85, "moves": ["roost", "toxic", "foulplay", "bravebird"], "ability": "Overcoat", "evs": {"hp": 85, "atk": 85, "def": 85, "spa": 85, "spd": 85, "spe": 85}, "ivs": {"hp": 31, "atk": 31, "def": 31, "spa": 31, "spd": 31, "spe": 31}, "item": "Heavy-Duty Boots", "teraType": "Steel", "role": "Bulky Attacker", "bvs": {"hp": 110, "atk": 65, "def": 105, "spa": 55, "spd": 95, "spe": 80}, "stats": {"hp": 326, "atk": 159, "def": 227, "spa": 142, "spd": 210, "spe": 185}, "types": ["Dark", "Flying"]}, "Scrafty": {"name": "Scrafty", "species": "Scrafty", "speciesId": "scrafty", "gender": "F", "shiny": false, "level": 83, "moves": ["drainpunch", "knockoff", "bulkup", "rest"], "ability": "Shed Skin", "evs": {"hp": 85, "atk": 85, "def": 85, "spa": 85, "spd": 85, "spe": 85}, "ivs": {"hp": 31, "atk": 31, "def": 31, "spa": 31, "spd": 31, "spe": 31}, "item": "Leftovers", "teraType": "Poison", "role": "Bulky Setup", "bvs": {"hp": 65, "atk": 90, "def": 115, "spa": 45, "spd": 115, "spe": 58}, "stats": {"hp": 244, "atk": 197, "def": 239, "spa": 122, "spd": 239, "spe": 144}, "types": ["Dark", "Fighting"]}, "Bronzong": {"name": "Bronzong", "species": "Bronzong", "speciesId": "bronzong", "gender": "N", "shiny": false, "level": 88, "moves": ["ironhead", "bodypress", "irondefense", "rest"], "ability": "Levitate", "evs": {"hp": 85, "atk": 85, "def": 85, "spa": 85, "spd": 85, "spe": 85}, "ivs": {"hp": 31, "atk": 31, "def": 31, "spa": 31, "spd": 31, "spe": 31}, "item": "Chesto Berry", "teraType": "Fighting", "role": "Bulky Setup", "bvs": {"hp": 67, "atk": 89, "def": 116, "spa": 79, "spd": 116, "spe": 33}, "stats": {"hp": 261, "atk": 207, "def": 254, "spa": 189, "spd": 254, "spe": 108}, "types": ["Steel", "Psychic"]}, "Leafeon": {"name": "Leafeon", "species": "Leafeon", "speciesId": "leafeon", "gender": "F", "shiny": false, "level": 88, "moves": ["swordsdance", "knockoff", "doubleedge", "leafblade"], "ability": "Chlorophyll", "evs": {"hp": 85, "atk": 85, "def": 85, "spa": 85, "spd": 85, "spe": 85}, "ivs": {"hp": 31, "atk": 31, "def": 31, "spa": 31, "spd": 31, "spe": 31}, "item": "Life Orb", "teraType": "Dark", "role": "Setup Sweeper", "bvs": {"hp": 65, "atk": 110, "def": 130, "spa": 60, "spd": 65, "spe": 95}, "stats": {"hp": 258, "atk": 244, "def": 279, "spa": 156, "spd": 165, "spe": 217}, "types": ["Grass"]}, "Raging Bolt": {"name": "Raging Bolt", "species": "Raging Bolt", "speciesId": "ragingbolt", "gender": "N", "shiny": false, "level": 78, "moves": ["dragonpulse", "thunderclap", "thunderbolt", "calmmind"], "ability": "Protosynthesis", "evs": {"hp": 85, "atk": 0, "def": 85, "spa": 85, "spd": 85, "spe": 85}, "ivs": {"hp": 31, "atk": 0, "def": 31, "spa": 31, "spd": 31, "spe": 31}, "item": "Booster Energy", "teraType": "Electric", "role": "Fast Bulky Setup", "bvs": {"hp": 125, "atk": 73, "def": 91, "spa": 137, "spd": 89, "spe": 75}, "stats": {"hp": 323, "atk": 118, "def": 187, "spa": 259, "spd": 184, "spe": 162}, "types": ["Electric", "Dragon"]}, "Copperajah": {"name": "Copperajah", "species": "Copperajah", "speciesId": "copperajah", "gender": "F", "shiny": false, "level": 86, "moves": ["superpower", "stoneedge", "earthquake", "heavyslam"], "ability": "Heavy Metal", "evs": {"hp": 85, "atk": 85, "def": 85, "spa": 85, "spd": 85, "spe": 85}, "ivs": {"hp": 31, "atk": 31, "def": 31, "spa": 31, "spd": 31, "spe": 31}, "item": "Choice Band", "teraType": "Flying", "role": "Bulky Attacker", "bvs": {"hp": 122, "atk": 130, "def": 69, "spa": 80, "spd": 69, "spe": 30}, "stats": {"hp": 350, "atk": 273, "def": 168, "spa": 187, "spd": 168, "spe": 101}, "types": ["Steel"]}}]}