{"id": "gen9randombattle-2641187337", "format": "[Gen 9] Random Battle", "players": ["Mr.Superfreak", "notmetbh102"], "log": "|badge|p2|bronze|gen9randombattle|100-9\n|html|<div class=\"broadcast-red\"><strong>This battle is required to be public due to one or more player having a season medal.</strong><br />During the public phase, you can discuss the state of the ladder <a href=\"/seasondiscussion\">in a special chatroom.</a></div>\n|uhtml|medal-msg|<div class=\"broadcast-blue\">Curious what those medals under the avatar are? PS now has Ladder Seasons! For more information, check out the <a href=\"https://www.smogon.com/forums/threads/3740067/\">thread on Smogon.</a></div>\n|j|\u2606Mr.Superfreak\n|j|\u2606notmetbh102\n|t:|1782751225\n|gametype|singles\n|player|p1|Mr.Superfreak|ballguy|2326\n|player|p2|notmetbh102|2|2316\n|gen|9\n|tier|[Gen 9] Random Battle\n|rated|\n|rule|Species Clause: Limit one of each Pok\u00e9mon\n|rule|HP Percentage Mod: HP is shown in percentages\n|rule|Sleep Clause Mod: Limit one foe put to sleep\n|rule|Illusion Level Mod: Illusion disguises the Pok\u00e9mon's true level\n|\n|t:|1782751225\n|teamsize|p1|6\n|teamsize|p2|6\n|start\n|switch|p1a: Mew|Mew, L82|298/298\n|switch|p2a: Virizion|Virizion, L82|283/283\n|turn|1\n|inactive|Battle timer is ON: inactive players will automatically lose when time's up. (requested by notmetbh102)\n|c|\u2606notmetbh102|hf\n|c|\u2606Mr.Superfreak|u2\n|j| jge973\n|\n|t:|1782751236\n|switch|p2a: Krookodile|Krookodile, L79, F|280/280\n|-ability|p2a: Krookodile|Intimidate|boost\n|-unboost|p1a: Mew|atk|1\n|move|p1a: Mew|Stealth Rock|p2a: Krookodile\n|-sidestart|p2: notmetbh102|move: Stealth Rock\n|\n|upkeep\n|turn|2\n|\n|t:|1782751239\n|move|p1a: Mew|U-turn|p2a: Krookodile\n|-supereffective|p2a: Krookodile\n|-damage|p2a: Krookodile|202/280\n|\n|t:|1782751251\n|switch|p1a: Palkia|Palkia-Origin, L72|249/249|[from] U-turn\n|-ability|p1a: Palkia|Pressure\n|move|p2a: Krookodile|Knock Off|p1a: Palkia\n|-damage|p1a: Palkia|170/249\n|\n|-heal|p2a: Krookodile|219/280|[from] item: Leftovers\n|upkeep\n|turn|3\n|\n|t:|1782751256\n|switch|p2a: Virizion|Virizion, L82|283/283\n|-damage|p2a: Virizion|266/283|[from] Stealth Rock\n|move|p1a: Palkia|Spacial Rend|p2a: Virizion\n|-damage|p2a: Virizion|158/283\n|\n|upkeep\n|turn|4\n|\n|t:|1782751260\n|switch|p1a: Mew|Mew, L82|298/298\n|move|p2a: Virizion|Swords Dance|p2a: Virizion\n|-boost|p2a: Virizion|atk|2\n|\n|upkeep\n|turn|5\n|\n|t:|1782751267\n|move|p2a: Virizion|Leaf Blade|p1a: Mew\n|-damage|p1a: Mew|84/298\n|-damage|p2a: Virizion|130/283|[from] item: Life Orb\n|move|p1a: Mew|Psychic Noise|p2a: Virizion\n|-supereffective|p2a: Virizion\n|-damage|p2a: Virizion|14/283\n|-start|p2a: Virizion|move: Heal Block\n|\n|-heal|p1a: Mew|102/298|[from] item: Leftovers\n|upkeep\n|turn|6\n|\n|t:|1782751271\n|switch|p1a: Mandibuzz|Mandibuzz, L85, F|326/326\n|move|p2a: Virizion|Close Combat|p1a: Mandibuzz\n|-damage|p1a: Mandibuzz|75/326\n|-unboost|p2a: Virizion|def|1\n|-unboost|p2a: Virizion|spd|1\n|-damage|p2a: Virizion|0 fnt|[from] item: Life Orb\n|faint|p2a: Virizion\n|\n|upkeep\n|\n|t:|1782751272\n|switch|p2a: Medicham|Medicham, L86, F|243/243\n|-damage|p2a: Medicham|228/243|[from] Stealth Rock\n|turn|7\n|\n|t:|1782751287\n|move|p2a: Medicham|Ice Punch|p1a: Mandibuzz\n|-supereffective|p1a: Mandibuzz\n|-crit|p1a: Mandibuzz\n|-damage|p1a: Mandibuzz|0 fnt\n|faint|p1a: Mandibuzz\n|\n|upkeep\n|\n|t:|1782751291\n|switch|p1a: Garganacl|Garganacl, L80, F|291/291\n|turn|8\n|\n|t:|1782751297\n|move|p2a: Medicham|Ice Punch|p1a: Garganacl\n|-damage|p1a: Garganacl|204/291\n|move|p1a: Garganacl|Body Press|p2a: Medicham\n|-resisted|p2a: Medicham\n|-damage|p2a: Medicham|194/243\n|\n|-heal|p1a: Garganacl|222/291|[from] item: Leftovers\n|upkeep\n|turn|9\n|\n|t:|1782751301\n|switch|p2a: Krookodile|Krookodile, L79, F|219/280\n|-damage|p2a: Krookodile|202/280|[from] Stealth Rock\n|-ability|p2a: Krookodile|Intimidate|boost\n|-unboost|p1a: Garganacl|atk|1\n|move|p1a: Garganacl|Salt Cure|p2a: Krookodile\n|-resisted|p2a: Krookodile\n|-damage|p2a: Krookodile|186/280\n|-start|p2a: Krookodile|Salt Cure\n|\n|-heal|p2a: Krookodile|203/280|[from] item: Leftovers\n|-heal|p1a: Garganacl|240/291|[from] item: Leftovers\n|-damage|p2a: Krookodile|168/280|[from] Salt Cure\n|upkeep\n|turn|10\n|\n|t:|1782751305\n|move|p1a: Garganacl|Protect|p1a: Garganacl\n|-singleturn|p1a: Garganacl|Protect\n|move|p2a: Krookodile|Earthquake|p1a: Garganacl\n|-activate|p1a: Garganacl|move: Protect\n|\n|-heal|p2a: Krookodile|185/280|[from] item: Leftovers\n|-heal|p1a: Garganacl|258/291|[from] item: Leftovers\n|-damage|p2a: Krookodile|150/280|[from] Salt Cure\n|upkeep\n|turn|11\n|\n|t:|1782751316\n|switch|p2a: Medicham|Medicham, L86, F|194/243\n|-damage|p2a: Medicham|179/243|[from] Stealth Rock\n|switch|p1a: Mew|Mew, L82|102/298\n|\n|-heal|p1a: Mew|120/298|[from] item: Leftovers\n|upkeep\n|turn|12\n|\n|t:|1782751320\n|move|p1a: Mew|Psychic Noise|p2a: Medicham\n|-damage|p2a: Medicham|92/243\n|-start|p2a: Medicham|move: Heal Block\n|move|p2a: Medicham|Close Combat|p1a: Mew\n|-resisted|p1a: Mew\n|-damage|p1a: Mew|0 fnt\n|-unboost|p2a: Medicham|def|1\n|-unboost|p2a: Medicham|spd|1\n|faint|p1a: Mew\n|\n|upkeep\n|\n|t:|1782751329\n|switch|p1a: Dragapult|Dragapult, L77, F|262/262\n|turn|13\n|\n|t:|1782751332\n|switch|p2a: Vigoroth|Vigoroth, L85, M|275/275\n|-damage|p2a: Vigoroth|241/275|[from] Stealth Rock\n|move|p1a: Dragapult|Dragon Darts|p2a: Vigoroth\n|-damage|p2a: Vigoroth|190/275\n|-anim|p1a: Dragapult|Dragon Darts|p2a: Vigoroth\n|-damage|p2a: Vigoroth|146/275\n|-damage|p1a: Dragapult|236/262|[from] item: Life Orb\n|\n|upkeep\n|turn|14\n|\n|t:|1782751335\n|switch|p1a: Garganacl|Garganacl, L80, F|258/291\n|move|p2a: Vigoroth|Slack Off|p2a: Vigoroth\n|-heal|p2a: Vigoroth|275/275\n|\n|-heal|p1a: Garganacl|276/291|[from] item: Leftovers\n|upkeep\n|turn|15\n|\n|t:|1782751337\n|move|p2a: Vigoroth|Bulk Up|p2a: Vigoroth\n|-boost|p2a: Vigoroth|atk|1\n|-boost|p2a: Vigoroth|def|1\n|move|p1a: Garganacl|Salt Cure|p2a: Vigoroth\n|-damage|p2a: Vigoroth|256/275\n|-start|p2a: Vigoroth|Salt Cure\n|\n|-heal|p1a: Garganacl|291/291|[from] item: Leftovers\n|-damage|p2a: Vigoroth|222/275|[from] Salt Cure\n|upkeep\n|turn|16\n|\n|t:|1782751339\n|move|p2a: Vigoroth|Body Slam|p1a: Garganacl\n|-resisted|p1a: Garganacl\n|-damage|p1a: Garganacl|248/291\n|move|p1a: Garganacl|Body Press|p2a: Vigoroth\n|-supereffective|p2a: Vigoroth\n|-damage|p2a: Vigoroth|158/275\n|\n|-heal|p1a: Garganacl|266/291|[from] item: Leftovers\n|-damage|p2a: Vigoroth|124/275|[from] Salt Cure\n|upkeep\n|turn|17\n|\n|t:|1782751342\n|move|p2a: Vigoroth|Slack Off|p2a: Vigoroth\n|-heal|p2a: Vigoroth|262/275\n|move|p1a: Garganacl|Body Press|p2a: Vigoroth\n|-supereffective|p2a: Vigoroth\n|-damage|p2a: Vigoroth|202/275\n|\n|-heal|p1a: Garganacl|284/291|[from] item: Leftovers\n|-damage|p2a: Vigoroth|168/275|[from] Salt Cure\n|upkeep\n|turn|18\n|\n|t:|1782751346\n|move|p2a: Vigoroth|Slack Off|p2a: Vigoroth\n|-heal|p2a: Vigoroth|275/275\n|move|p1a: Garganacl|Body Press|p2a: Vigoroth\n|-supereffective|p2a: Vigoroth\n|-damage|p2a: Vigoroth|209/275\n|\n|-heal|p1a: Garganacl|291/291|[from] item: Leftovers\n|-damage|p2a: Vigoroth|175/275|[from] Salt Cure\n|upkeep\n|turn|19\n|\n|t:|1782751351\n|switch|p1a: Palkia|Palkia-Origin, L72|170/249\n|-ability|p1a: Palkia|Pressure\n|move|p2a: Vigoroth|Body Slam|p1a: Palkia\n|-crit|p1a: Palkia\n|-damage|p1a: Palkia|0 fnt\n|faint|p1a: Palkia\n|\n|-damage|p2a: Vigoroth|141/275|[from] Salt Cure\n|upkeep\n|\n|t:|1782751358\n|switch|p1a: Garganacl|Garganacl, L80, F|291/291\n|turn|20\n|\n|t:|1782751365\n|move|p2a: Vigoroth|Slack Off|p2a: Vigoroth\n|-heal|p2a: Vigoroth|275/275\n|move|p1a: Garganacl|Body Press|p2a: Vigoroth\n|-supereffective|p2a: Vigoroth\n|-damage|p2a: Vigoroth|215/275\n|\n|-damage|p2a: Vigoroth|181/275|[from] Salt Cure\n|upkeep\n|turn|21\n|\n|t:|1782751366\n|move|p2a: Vigoroth|Bulk Up|p2a: Vigoroth\n|-boost|p2a: Vigoroth|atk|1\n|-boost|p2a: Vigoroth|def|1\n|move|p1a: Garganacl|Body Press|p2a: Vigoroth\n|-supereffective|p2a: Vigoroth\n|-damage|p2a: Vigoroth|137/275\n|\n|-damage|p2a: Vigoroth|103/275|[from] Salt Cure\n|upkeep\n|turn|22\n|\n|t:|1782751370\n|switch|p1a: Zangoose|Zangoose, L85, M|263/263\n|move|p2a: Vigoroth|Slack Off|p2a: Vigoroth\n|-heal|p2a: Vigoroth|241/275\n|\n|-damage|p2a: Vigoroth|207/275|[from] Salt Cure\n|-status|p1a: Zangoose|tox|[from] item: Toxic Orb\n|upkeep\n|turn|23\n|\n|t:|1782751373\n|move|p2a: Vigoroth|Knock Off|p1a: Zangoose\n|-damage|p1a: Zangoose|104/263 tox\n|-enditem|p1a: Zangoose|Toxic Orb|[from] move: Knock Off|[of] p2a: Vigoroth\n|move|p1a: Zangoose|Close Combat|p2a: Vigoroth\n|-supereffective|p2a: Vigoroth\n|-damage|p2a: Vigoroth|91/275\n|-unboost|p1a: Zangoose|def|1\n|-unboost|p1a: Zangoose|spd|1\n|\n|-damage|p1a: Zangoose|88/263 tox|[from] psn\n|-damage|p2a: Vigoroth|57/275|[from] Salt Cure\n|upkeep\n|turn|24\n|\n|t:|1782751376\n|move|p1a: Zangoose|Quick Attack|p2a: Vigoroth\n|-damage|p2a: Vigoroth|27/275\n|move|p2a: Vigoroth|Slack Off|p2a: Vigoroth\n|-heal|p2a: Vigoroth|165/275\n|\n|-damage|p1a: Zangoose|56/263 tox|[from] psn\n|-damage|p2a: Vigoroth|131/275|[from] Salt Cure\n|upkeep\n|turn|25\n|\n|t:|1782751379\n|move|p1a: Zangoose|Quick Attack|p2a: Vigoroth\n|-damage|p2a: Vigoroth|103/275\n|move|p2a: Vigoroth|Slack Off|p2a: Vigoroth\n|-heal|p2a: Vigoroth|241/275\n|\n|-damage|p1a: Zangoose|8/263 tox|[from] psn\n|-damage|p2a: Vigoroth|207/275|[from] Salt Cure\n|upkeep\n|turn|26\n|\n|t:|1782751380\n|move|p1a: Zangoose|Close Combat|p2a: Vigoroth\n|-supereffective|p2a: Vigoroth\n|-damage|p2a: Vigoroth|101/275\n|-unboost|p1a: Zangoose|def|1\n|-unboost|p1a: Zangoose|spd|1\n|move|p2a: Vigoroth|Slack Off|p2a: Vigoroth\n|-heal|p2a: Vigoroth|239/275\n|\n|-damage|p1a: Zangoose|0 fnt|[from] psn\n|faint|p1a: Zangoose\n|-damage|p2a: Vigoroth|205/275|[from] Salt Cure\n|upkeep\n|\n|t:|1782751383\n|switch|p1a: Dragapult|Dragapult, L77, F|236/262\n|turn|27\n|\n|t:|1782751389\n|switch|p2a: Krookodile|Krookodile, L79, F|150/280\n|-damage|p2a: Krookodile|133/280|[from] Stealth Rock\n|-ability|p2a: Krookodile|Intimidate|boost\n|-fail|p1a: Dragapult|unboost|[from] ability: Clear Body|[of] p1a: Dragapult\n|move|p1a: Dragapult|Fire Blast|p2a: Krookodile\n|-damage|p2a: Krookodile|25/280\n|-damage|p1a: Dragapult|210/262|[from] item: Life Orb\n|\n|-heal|p2a: Krookodile|42/280|[from] item: Leftovers\n|upkeep\n|turn|28\n|\n|t:|1782751394\n|move|p1a: Dragapult|Dragon Darts|p2a: Krookodile\n|-damage|p2a: Krookodile|0 fnt\n|faint|p2a: Krookodile\n|-damage|p1a: Dragapult|184/262|[from] item: Life Orb\n|\n|upkeep\n|\n|t:|1782751395\n|switch|p2a: Bisharp|Bisharp, L79, M|232/232\n|-damage|p2a: Bisharp|218/232|[from] Stealth Rock\n|turn|29\n|\n|t:|1782751398\n|switch|p1a: Garganacl|Garganacl, L80, F|291/291\n|move|p2a: Bisharp|Swords Dance|p2a: Bisharp\n|-boost|p2a: Bisharp|atk|2\n|\n|upkeep\n|turn|30\n|\n|t:|1782751403\n|-terastallize|p1a: Garganacl|Ghost\n|move|p2a: Bisharp|Iron Head|p1a: Garganacl\n|-damage|p1a: Garganacl|137/291\n|move|p1a: Garganacl|Body Press|p2a: Bisharp\n|-supereffective|p2a: Bisharp\n|-damage|p2a: Bisharp|62/232\n|\n|-heal|p1a: Garganacl|155/291|[from] item: Leftovers\n|upkeep\n|turn|31\n|\n|t:|1782751409\n|switch|p1a: Dragapult|Dragapult, L77, F|184/262\n|move|p2a: Bisharp|Throat Chop|p1a: Dragapult\n|-supereffective|p1a: Dragapult\n|-damage|p1a: Dragapult|0 fnt\n|faint|p1a: Dragapult\n|\n|upkeep\n|\n|t:|1782751411\n|switch|p1a: Garganacl|Garganacl, L80, F, tera:Ghost|155/291\n|turn|32\n|\n|t:|1782751412\n|-terastallize|p2a: Bisharp|Flying\n|move|p2a: Bisharp|Throat Chop|p1a: Garganacl\n|-supereffective|p1a: Garganacl\n|-damage|p1a: Garganacl|0 fnt\n|faint|p1a: Garganacl\n|\n|win|notmetbh102\n|raw|Mr.Superfreak's rating: 2326 &rarr; <strong>2305</strong><br />(-21 for losing)\n|raw|notmetbh102's rating: 2316 &rarr; <strong>2337</strong><br />(+21 for winning)\n|c|\u2606notmetbh102|gg\n", "inputlog": ">version f8ac14003a5f27e1bdc8d8c59608a773c1cb96e5\n>start {\"formatid\":\"gen9randombattle\",\"seed\":\"sodium,68871b0f3a0b49eb279f7b696b2be0e7\",\"rated\":\"Rated battle\"}\n>player p1 {\"name\":\"Mr.Superfreak\",\"avatar\":\"ballguy\",\"rating\":2326,\"seed\":\"sodium,ea1959014bada5c54d55c8f6823f8510\"}\n>player p2 {\"name\":\"notmetbh102\",\"avatar\":\"2\",\"rating\":2316,\"seed\":\"sodium,ee13cafc21c285d3fb4b63b4d9c1d07e\"}\n>chat \u2606notmetbh102|hf\n>chat \u2606Mr.Superfreak|u2\n>p1 move stealthrock\n>p2 switch 6\n>p1 move uturn\n>p2 move knockoff\n>p1 switch 6\n>p1 move spacialrend\n>p2 switch 6\n>p1 switch 6\n>p2 move swordsdance\n>p1 move psychicnoise\n>p2 move leafblade\n>p1 switch 4\n>p2 move closecombat\n>p2 switch 5\n>p1 move foulplay\n>p2 move icepunch\n>p1 switch 5\n>p1 move bodypress\n>p2 move icepunch\n>p1 move saltcure\n>p2 switch 6\n>p1 move protect\n>p2 move earthquake\n>p1 switch 4\n>p2 switch 6\n>p1 move psychicnoise\n>p2 move closecombat\n>p1 switch 3\n>p1 move dragondarts\n>p2 switch 4\n>p1 switch 4\n>p2 move slackoff\n>p1 move saltcure\n>p2 move bulkup\n>p1 move bodypress\n>p2 move bodyslam\n>p1 move bodypress\n>p2 move slackoff\n>p1 move bodypress\n>p2 move slackoff\n>p1 switch 6\n>p2 move bodyslam\n>p1 switch 6\n>p1 move bodypress\n>p2 move slackoff\n>p1 move bodypress\n>p2 move bulkup\n>p1 switch 2\n>p2 move slackoff\n>p1 move closecombat\n>p2 move knockoff\n>p1 move quickattack\n>p2 move slackoff\n>p1 move quickattack\n>p2 move slackoff\n>p1 move closecombat\n>p2 move slackoff\n>p1 switch 4\n>p1 move fireblast\n>p2 switch 6\n>p1 move dragondarts\n>p2 move knockoff\n>p2 switch 3\n>p1 switch 2\n>p2 move swordsdance\n>p1 move bodypress terastallize\n>p2 move ironhead\n>p1 switch 2\n>p2 move throatchop\n>p1 switch 2\n>p1 move saltcure\n>p2 move throatchop terastallize", "uploadtime": 1782751413, "views": 10, "formatid": "gen9randombattle", "rating": 2305, "private": 0, "password": null, "player_dets": [{"name": "Mr.Superfreak", "avatar": "ballguy", "rating": 2326, "seed": "sodium,ea1959014bada5c54d55c8f6823f8510"}, {"name": "notmetbh102", "avatar": "2", "rating": 2316, "seed": "sodium,ee13cafc21c285d3fb4b63b4d9c1d07e"}], "teams_full": [{"Mew": {"name": "Mew", "species": "Mew", "speciesId": "mew", "gender": "N", "shiny": false, "level": 82, "moves": ["stealthrock", "psychicnoise", "encore", "uturn"], "ability": "Synchronize", "evs": {"hp": 85, "atk": 85, "def": 85, "spa": 85, "spd": 85, "spe": 85}, "ivs": {"hp": 31, "atk": 31, "def": 31, "spa": 31, "spd": 31, "spe": 31}, "item": "Leftovers", "teraType": "Fairy", "role": "Bulky Support", "bvs": {"hp": 100, "atk": 100, "def": 100, "spa": 100, "spd": 100, "spe": 100}, "stats": {"hp": 298, "atk": 211, "def": 211, "spa": 211, "spd": 211, "spe": 211}, "types": ["Psychic"]}, "Zangoose": {"name": "Zangoose", "species": "Zangoose", "speciesId": "zangoose", "gender": "M", "shiny": false, "level": 85, "moves": ["quickattack", "closecombat", "facade", "knockoff"], "ability": "Toxic Boost", "evs": {"hp": 85, "atk": 85, "def": 85, "spa": 85, "spd": 85, "spe": 85}, "ivs": {"hp": 31, "atk": 31, "def": 31, "spa": 31, "spd": 31, "spe": 31}, "item": "Toxic Orb", "teraType": "Normal", "role": "Fast Attacker", "bvs": {"hp": 73, "atk": 115, "def": 60, "spa": 60, "spd": 60, "spe": 90}, "stats": {"hp": 263, "atk": 244, "def": 151, "spa": 151, "spd": 151, "spe": 202}, "types": ["Normal"]}, "Dragapult": {"name": "Dragapult", "species": "Dragapult", "speciesId": "dragapult", "gender": "F", "shiny": false, "level": 77, "moves": ["fireblast", "dragondance", "terablast", "dragondarts"], "ability": "Clear Body", "evs": {"hp": 85, "atk": 85, "def": 85, "spa": 85, "spd": 85, "spe": 85}, "ivs": {"hp": 31, "atk": 31, "def": 31, "spa": 31, "spd": 31, "spe": 31}, "item": "Life Orb", "teraType": "Ghost", "role": "Tera Blast user", "bvs": {"hp": 88, "atk": 120, "def": 75, "spa": 100, "spd": 75, "spe": 142}, "stats": {"hp": 262, "atk": 229, "def": 160, "spa": 199, "spd": 160, "spe": 263}, "types": ["Dragon", "Ghost"]}, "Mandibuzz": {"name": "Mandibuzz", "species": "Mandibuzz", "speciesId": "mandibuzz", "gender": "F", "shiny": false, "level": 85, "moves": ["roost", "defog", "toxic", "foulplay"], "ability": "Overcoat", "evs": {"hp": 85, "atk": 0, "def": 85, "spa": 85, "spd": 85, "spe": 85}, "ivs": {"hp": 31, "atk": 0, "def": 31, "spa": 31, "spd": 31, "spe": 31}, "item": "Heavy-Duty Boots", "teraType": "Steel", "role": "Bulky Support", "bvs": {"hp": 110, "atk": 65, "def": 105, "spa": 55, "spd": 95, "spe": 80}, "stats": {"hp": 326, "atk": 115, "def": 227, "spa": 142, "spd": 210, "spe": 185}, "types": ["Dark", "Flying"]}, "Garganacl": {"name": "Garganacl", "species": "Garganacl", "speciesId": "garganacl", "gender": "F", "shiny": false, "level": 80, "moves": ["protect", "saltcure", "bodypress", "recover"], "ability": "Purifying Salt", "evs": {"hp": 85, "atk": 85, "def": 85, "spa": 85, "spd": 85, "spe": 85}, "ivs": {"hp": 31, "atk": 31, "def": 31, "spa": 31, "spd": 31, "spe": 31}, "item": "Leftovers", "teraType": "Ghost", "role": "Bulky Support", "bvs": {"hp": 100, "atk": 100, "def": 130, "spa": 45, "spd": 90, "spe": 35}, "stats": {"hp": 291, "atk": 206, "def": 254, "spa": 118, "spd": 190, "spe": 102}, "types": ["Rock"]}, "Palkia": {"name": "Palkia", "species": "Palkia-Origin", "speciesId": "palkiaorigin", "gender": "N", "shiny": false, "level": 72, "moves": ["spacialrend", "thunderwave", "fireblast", "hydropump"], "ability": "Pressure", "evs": {"hp": 85, "atk": 0, "def": 85, "spa": 85, "spd": 85, "spe": 85}, "ivs": {"hp": 31, "atk": 0, "def": 31, "spa": 31, "spd": 31, "spe": 31}, "item": "Lustrous Globe", "teraType": "Water", "role": "Bulky Attacker", "bvs": {"hp": 90, "atk": 100, "def": 100, "spa": 150, "spd": 120, "spe": 120}, "stats": {"hp": 249, "atk": 149, "def": 186, "spa": 258, "spd": 215, "spe": 215}, "types": ["Water", "Dragon"]}}, {"Virizion": {"name": "Virizion", "species": "Virizion", "speciesId": "virizion", "gender": "N", "shiny": false, "level": 82, "moves": ["stoneedge", "closecombat", "swordsdance", "leafblade"], "ability": "Justified", "evs": {"hp": 85, "atk": 85, "def": 85, "spa": 85, "spd": 85, "spe": 85}, "ivs": {"hp": 31, "atk": 31, "def": 31, "spa": 31, "spd": 31, "spe": 31}, "item": "Life Orb", "teraType": "Rock", "role": "Setup Sweeper", "bvs": {"hp": 91, "atk": 90, "def": 72, "spa": 90, "spd": 129, "spe": 108}, "stats": {"hp": 283, "atk": 195, "def": 165, "spa": 195, "spd": 259, "spe": 224}, "types": ["Grass", "Fighting"]}, "Kleavor": {"name": "Kleavor", "species": "Kleavor", "speciesId": "kleavor", "gender": "M", "shiny": false, "level": 78, "moves": ["stoneaxe", "xscissor", "defog", "uturn"], "ability": "Sharpness", "evs": {"hp": 85, "atk": 85, "def": 85, "spa": 85, "spd": 85, "spe": 85}, "ivs": {"hp": 31, "atk": 31, "def": 31, "spa": 31, "spd": 31, "spe": 31}, "item": "Heavy-Duty Boots", "teraType": "Bug", "role": "Bulky Attacker", "bvs": {"hp": 70, "atk": 135, "def": 95, "spa": 45, "spd": 70, "spe": 85}, "stats": {"hp": 237, "atk": 256, "def": 193, "spa": 115, "spd": 154, "spe": 178}, "types": ["Bug", "Rock"]}, "Bisharp": {"name": "Bisharp", "species": "Bisharp", "speciesId": "bisharp", "gender": "M", "shiny": false, "level": 79, "moves": ["suckerpunch", "swordsdance", "throatchop", "ironhead"], "ability": "Defiant", "evs": {"hp": 85, "atk": 85, "def": 85, "spa": 85, "spd": 85, "spe": 85}, "ivs": {"hp": 31, "atk": 31, "def": 31, "spa": 31, "spd": 31, "spe": 31}, "item": "Eviolite", "teraType": "Flying", "role": "Bulky Attacker", "bvs": {"hp": 65, "atk": 125, "def": 100, "spa": 60, "spd": 70, "spe": 70}, "stats": {"hp": 232, "atk": 243, "def": 204, "spa": 140, "spd": 156, "spe": 156}, "types": ["Dark", "Steel"]}, "Vigoroth": {"name": "Vigoroth", "species": "Vigoroth", "speciesId": "vigoroth", "gender": "M", "shiny": false, "level": 85, "moves": ["slackoff", "knockoff", "bodyslam", "bulkup"], "ability": "Vital Spirit", "evs": {"hp": 85, "atk": 85, "def": 85, "spa": 85, "spd": 85, "spe": 85}, "ivs": {"hp": 31, "atk": 31, "def": 31, "spa": 31, "spd": 31, "spe": 31}, "item": "Eviolite", "teraType": "Ghost", "role": "Bulky Setup", "bvs": {"hp": 80, "atk": 80, "def": 80, "spa": 55, "spd": 55, "spe": 90}, "stats": {"hp": 275, "atk": 185, "def": 185, "spa": 142, "spd": 142, "spe": 202}, "types": ["Normal"]}, "Medicham": {"name": "Medicham", "species": "Medicham", "speciesId": "medicham", "gender": "F", "shiny": false, "level": 86, "moves": ["bulletpunch", "icepunch", "zenheadbutt", "closecombat"], "ability": "Pure Power", "evs": {"hp": 85, "atk": 85, "def": 85, "spa": 85, "spd": 85, "spe": 85}, "ivs": {"hp": 31, "atk": 31, "def": 31, "spa": 31, "spd": 31, "spe": 31}, "item": "Choice Band", "teraType": "Fighting", "role": "Fast Attacker", "bvs": {"hp": 60, "atk": 60, "def": 75, "spa": 60, "spd": 75, "spe": 80}, "stats": {"hp": 243, "atk": 152, "def": 178, "spa": 152, "spd": 178, "spe": 187}, "types": ["Fighting", "Psychic"]}, "Krookodile": {"name": "Krookodile", "species": "Krookodile", "speciesId": "krookodile", "gender": "F", "shiny": false, "level": 79, "moves": ["bulkup", "knockoff", "earthquake", "gunkshot"], "ability": "Intimidate", "evs": {"hp": 85, "atk": 85, "def": 85, "spa": 85, "spd": 85, "spe": 85}, "ivs": {"hp": 31, "atk": 31, "def": 31, "spa": 31, "spd": 31, "spe": 31}, "item": "Leftovers", "teraType": "Poison", "role": "Bulky Setup", "bvs": {"hp": 95, "atk": 117, "def": 80, "spa": 65, "spd": 70, "spe": 92}, "stats": {"hp": 280, "atk": 230, "def": 172, "spa": 148, "spd": 156, "spe": 191}, "types": ["Ground", "Dark"]}}]}