{"id": "gen9randombattle-2641501900", "format": "[Gen 9] Random Battle", "players": ["mahomesthegoat", "Meowerdoom"], "log": "|j|\u2606mahomesthegoat\n|j|\u2606Meowerdoom\n|t:|1782795670\n|gametype|singles\n|player|p1|mahomesthegoat|102|2150\n|player|p2|Meowerdoom|burgh|2225\n|gen|9\n|tier|[Gen 9] Random Battle\n|rated|\n|rule|Species Clause: Limit one of each Pok\u00e9mon\n|rule|HP Percentage Mod: HP is shown in percentages\n|rule|Sleep Clause Mod: Limit one foe put to sleep\n|rule|Illusion Level Mod: Illusion disguises the Pok\u00e9mon's true level\n|\n|t:|1782795670\n|teamsize|p1|6\n|teamsize|p2|6\n|start\n|switch|p1a: Rillaboom|Rillaboom, L79, F|288/288\n|switch|p2a: Vikavolt|Vikavolt, L83, F|263/263\n|-fieldstart|move: Grassy Terrain|[from] ability: Grassy Surge|[of] p1a: Rillaboom\n|turn|1\n|\n|t:|1782795714\n|move|p1a: Rillaboom|U-turn|p2a: Vikavolt\n|-damage|p2a: Vikavolt|185/263\n|\n|t:|1782795717\n|switch|p1a: Mamoswine|Mamoswine, L81, M|311/311|[from] U-turn\n|move|p2a: Vikavolt|Sticky Web|p1a: Mamoswine\n|-sidestart|p1: mahomesthegoat|move: Sticky Web\n|\n|upkeep\n|turn|2\n|\n|t:|1782795727\n|move|p1a: Mamoswine|Icicle Crash|p2a: Vikavolt|[miss]\n|-miss|p1a: Mamoswine|p2a: Vikavolt\n|move|p2a: Vikavolt|Energy Ball|p1a: Mamoswine\n|-supereffective|p1a: Mamoswine\n|-damage|p1a: Mamoswine|63/311\n|\n|-heal|p1a: Mamoswine|82/311|[from] Grassy Terrain\n|upkeep\n|turn|3\n|c|\u2606Meowerdoom|f\n|\n|t:|1782795732\n|move|p1a: Mamoswine|Icicle Crash|p2a: Vikavolt\n|-damage|p2a: Vikavolt|22/263\n|move|p2a: Vikavolt|Bug Buzz|p1a: Mamoswine\n|-damage|p1a: Mamoswine|0 fnt\n|faint|p1a: Mamoswine\n|\n|upkeep\n|\n|t:|1782795746\n|switch|p1a: Kilowattrel|Kilowattrel, L83, M|252/252\n|turn|4\n|j| Nodragondanceinrb\n|\n|t:|1782795789\n|move|p1a: Kilowattrel|Thunderbolt|p2a: Vikavolt\n|-resisted|p2a: Vikavolt\n|-damage|p2a: Vikavolt|0 fnt\n|faint|p2a: Vikavolt\n|\n|upkeep\n|\n|t:|1782795801\n|switch|p2a: Farigiraf|Farigiraf, L90, F|362/362\n|turn|5\n|\n|t:|1782795815\n|move|p1a: Kilowattrel|U-turn|p2a: Farigiraf\n|-supereffective|p2a: Farigiraf\n|-damage|p2a: Farigiraf|282/362\n|\n|t:|1782795822\n|switch|p1a: Houndoom|Houndoom, L87, M|272/272|[from] U-turn\n|move|p2a: Farigiraf|Body Slam|p1a: Houndoom\n|-damage|p1a: Houndoom|122/272\n|-status|p1a: Houndoom|par\n|\n|-heal|p2a: Farigiraf|304/362|[from] Grassy Terrain\n|-heal|p2a: Farigiraf|326/362|[from] item: Leftovers\n|-heal|p1a: Houndoom|139/272 par|[from] Grassy Terrain\n|-fieldend|move: Grassy Terrain\n|upkeep\n|turn|6\n|\n|t:|1782795872\n|move|p2a: Farigiraf|Body Slam|p1a: Houndoom\n|-damage|p1a: Houndoom|10/272 par\n|move|p1a: Houndoom|Dark Pulse|p2a: Farigiraf\n|-supereffective|p2a: Farigiraf\n|-damage|p2a: Farigiraf|114/362\n|\n|-heal|p2a: Farigiraf|136/362|[from] item: Leftovers\n|upkeep\n|turn|7\n|\n|t:|1782795920\n|move|p2a: Farigiraf|Protect|p2a: Farigiraf\n|-singleturn|p2a: Farigiraf|Protect\n|cant|p1a: Houndoom|par\n|\n|-heal|p2a: Farigiraf|158/362|[from] item: Leftovers\n|upkeep\n|turn|8\n|inactive|Battle timer is ON: inactive players will automatically lose when time's up. (requested by mahomesthegoat)\n|\n|t:|1782795958\n|move|p2a: Farigiraf|Body Slam|p1a: Houndoom\n|-damage|p1a: Houndoom|0 fnt\n|faint|p1a: Houndoom\n|\n|-heal|p2a: Farigiraf|180/362|[from] item: Leftovers\n|upkeep\n|inactive|mahomesthegoat has 120 seconds left.\n|\n|t:|1782795997\n|switch|p1a: Kilowattrel|Kilowattrel, L83, M|252/252\n|turn|9\n|\n|t:|1782796004\n|move|p2a: Farigiraf|Protect|p2a: Farigiraf\n|-singleturn|p2a: Farigiraf|Protect\n|move|p1a: Kilowattrel|Hurricane|p2a: Farigiraf\n|-activate|p2a: Farigiraf|move: Protect\n|\n|-heal|p2a: Farigiraf|202/362|[from] item: Leftovers\n|upkeep\n|turn|10\n|\n|t:|1782796033\n|move|p1a: Kilowattrel|Hurricane|p2a: Farigiraf\n|-damage|p2a: Farigiraf|57/362\n|-start|p2a: Farigiraf|confusion\n|-activate|p2a: Farigiraf|confusion\n|move|p2a: Farigiraf|Wish|p2a: Farigiraf\n|\n|-heal|p2a: Farigiraf|79/362|[from] item: Leftovers\n|upkeep\n|turn|11\n|\n|t:|1782796040\n|-activate|p2a: Farigiraf|confusion\n|move|p2a: Farigiraf|Protect|p2a: Farigiraf\n|-singleturn|p2a: Farigiraf|Protect\n|move|p1a: Kilowattrel|Thunderbolt|p2a: Farigiraf\n|-activate|p2a: Farigiraf|move: Protect\n|\n|-heal|p2a: Farigiraf|260/362|[from] move: Wish|[wisher] Farigiraf\n|-heal|p2a: Farigiraf|282/362|[from] item: Leftovers\n|upkeep\n|turn|12\n|\n|t:|1782796043\n|move|p1a: Kilowattrel|Hurricane|p2a: Farigiraf\n|-crit|p2a: Farigiraf\n|-damage|p2a: Farigiraf|78/362\n|-activate|p2a: Farigiraf|confusion\n|-damage|p2a: Farigiraf|41/362|[from] confusion\n|\n|-heal|p2a: Farigiraf|63/362|[from] item: Leftovers\n|upkeep\n|turn|13\n|\n|t:|1782796050\n|-end|p2a: Farigiraf|confusion\n|move|p2a: Farigiraf|Protect|p2a: Farigiraf\n|-singleturn|p2a: Farigiraf|Protect\n|move|p1a: Kilowattrel|U-turn|p2a: Farigiraf\n|-activate|p2a: Farigiraf|move: Protect\n|\n|-heal|p2a: Farigiraf|85/362|[from] item: Leftovers\n|upkeep\n|turn|14\n|\n|t:|1782796060\n|switch|p2a: Jolteon|Jolteon, L84, F|246/246\n|move|p1a: Kilowattrel|Thunderbolt|p2a: Jolteon\n|-immune|p2a: Jolteon|[from] ability: Volt Absorb\n|\n|upkeep\n|turn|15\n|\n|t:|1782796065\n|move|p2a: Jolteon|Shadow Ball|p1a: Kilowattrel\n|-damage|p1a: Kilowattrel|120/252\n|move|p1a: Kilowattrel|U-turn|p2a: Jolteon\n|-damage|p2a: Jolteon|194/246\n|inactive|mahomesthegoat has 120 seconds left.\n|\n|t:|1782796108\n|switch|p1a: Rillaboom|Rillaboom, L79, F|288/288|[from] U-turn\n|-activate|p1a: Rillaboom|move: Sticky Web\n|-unboost|p1a: Rillaboom|spe|1\n|-fieldstart|move: Grassy Terrain|[from] ability: Grassy Surge|[of] p1a: Rillaboom\n|\n|-heal|p2a: Jolteon|209/246|[from] Grassy Terrain\n|upkeep\n|turn|16\n|inactive|Meowerdoom has 120 seconds left.\n|\n|t:|1782796146\n|switch|p2a: Toxicroak|Toxicroak, L84, F|277/277\n|move|p1a: Rillaboom|High Horsepower|p2a: Toxicroak\n|-supereffective|p2a: Toxicroak\n|-damage|p2a: Toxicroak|0 fnt\n|faint|p2a: Toxicroak\n|\n|upkeep\n|\n|t:|1782796157\n|switch|p2a: Mesprit|Mesprit, L85|275/275\n|turn|17\n|inactive|mahomesthegoat has 120 seconds left.\n|\n|t:|1782796168\n|switch|p1a: Kilowattrel|Kilowattrel, L83, M|120/252\n|move|p2a: Mesprit|Psychic Noise|p1a: Kilowattrel\n|-damage|p1a: Kilowattrel|6/252\n|-start|p1a: Kilowattrel|move: Heal Block\n|\n|upkeep\n|turn|18\n|inactive|mahomesthegoat has 120 seconds left.\n|inactive|Meowerdoom has 120 seconds left.\n|inactive|Meowerdoom has 90 seconds left.\n|\n|t:|1782796218\n|move|p1a: Kilowattrel|Hurricane|p2a: Mesprit\n|-damage|p2a: Mesprit|169/275\n|move|p2a: Mesprit|Psychic Noise|p1a: Kilowattrel\n|-damage|p1a: Kilowattrel|0 fnt\n|faint|p1a: Kilowattrel\n|\n|-heal|p2a: Mesprit|186/275|[from] item: Leftovers\n|upkeep\n|inactive|mahomesthegoat has 90 seconds left.\n|inactive|mahomesthegoat has 60 seconds left.\n|\n|t:|1782796260\n|switch|p1a: Rillaboom|Rillaboom, L79, F|288/288\n|-activate|p1a: Rillaboom|move: Sticky Web\n|-unboost|p1a: Rillaboom|spe|1\n|turn|19\n|\n|t:|1782796265\n|move|p2a: Mesprit|Psychic Noise|p1a: Rillaboom\n|-damage|p1a: Rillaboom|177/288\n|-start|p1a: Rillaboom|move: Heal Block\n|move|p1a: Rillaboom|U-turn|p2a: Mesprit\n|-supereffective|p2a: Mesprit\n|-damage|p2a: Mesprit|42/275\n|\n|t:|1782796277\n|switch|p1a: Politoed|Politoed, L88, F|302/302|[from] U-turn\n|-activate|p1a: Politoed|move: Sticky Web\n|-unboost|p1a: Politoed|spe|1\n|-weather|RainDance|[from] ability: Drizzle|[of] p1a: Politoed\n|\n|-weather|RainDance|[upkeep]\n|-heal|p2a: Mesprit|59/275|[from] item: Leftovers\n|-fieldend|move: Grassy Terrain\n|upkeep\n|turn|20\n|\n|t:|1782796296\n|move|p2a: Mesprit|Knock Off|p1a: Politoed\n|-damage|p1a: Politoed|220/302\n|-enditem|p1a: Politoed|Choice Specs|[from] move: Knock Off|[of] p2a: Mesprit\n|move|p1a: Politoed|Weather Ball|p2a: Mesprit\n|-damage|p2a: Mesprit|0 fnt\n|faint|p2a: Mesprit\n|\n|-weather|RainDance|[upkeep]\n|upkeep\n|\n|t:|1782796302\n|switch|p2a: Jolteon|Jolteon, L84, F|209/246\n|turn|21\n|\n|t:|1782796310\n|switch|p1a: Rillaboom|Rillaboom, L79, F|177/288\n|-activate|p1a: Rillaboom|move: Sticky Web\n|-unboost|p1a: Rillaboom|spe|1\n|-fieldstart|move: Grassy Terrain|[from] ability: Grassy Surge|[of] p1a: Rillaboom\n|move|p2a: Jolteon|Thunderbolt|p1a: Rillaboom\n|-resisted|p1a: Rillaboom\n|-damage|p1a: Rillaboom|87/288\n|\n|-weather|RainDance|[upkeep]\n|-heal|p2a: Jolteon|224/246|[from] Grassy Terrain\n|-heal|p1a: Rillaboom|105/288|[from] Grassy Terrain\n|upkeep\n|turn|22\n|\n|t:|1782796324\n|switch|p2a: Farigiraf|Farigiraf, L90, F|85/362\n|move|p1a: Rillaboom|High Horsepower|p2a: Farigiraf\n|-damage|p2a: Farigiraf|0 fnt\n|faint|p2a: Farigiraf\n|\n|-weather|RainDance|[upkeep]\n|-heal|p1a: Rillaboom|123/288|[from] Grassy Terrain\n|upkeep\n|\n|t:|1782796333\n|switch|p2a: Chandelure|Chandelure, L83, M|235/235\n|turn|23\n|inactive|mahomesthegoat has 90 seconds left.\n|inactive|mahomesthegoat has 60 seconds left.\n|inactive|mahomesthegoat has 30 seconds left.\n|\n|t:|1782796401\n|switch|p1a: Politoed|Politoed, L88, F|220/302\n|-activate|p1a: Politoed|move: Sticky Web\n|-unboost|p1a: Politoed|spe|1\n|move|p2a: Chandelure|Shadow Ball|p1a: Politoed\n|-damage|p1a: Politoed|127/302\n|\n|-weather|none\n|-heal|p1a: Politoed|145/302|[from] Grassy Terrain\n|upkeep\n|turn|24\n|inactive|Meowerdoom has 90 seconds left.\n|\n|t:|1782796426\n|move|p2a: Chandelure|Energy Ball|p1a: Politoed\n|-supereffective|p1a: Politoed\n|-damage|p1a: Politoed|0 fnt\n|faint|p1a: Politoed\n|\n|upkeep\n|inactive|mahomesthegoat has 30 seconds left.\n|\n|t:|1782796441\n|switch|p1a: Zamazenta|Zamazenta-Crowned, L68|238/238\n|-activate|p1a: Zamazenta|move: Sticky Web\n|-unboost|p1a: Zamazenta|spe|1\n|-ability|p1a: Zamazenta|Dauntless Shield|boost\n|-boost|p1a: Zamazenta|def|1\n|turn|25\n|inactive|Meowerdoom has 90 seconds left.\n|inactive|Meowerdoom has 60 seconds left.\n|\n|t:|1782796487\n|move|p2a: Chandelure|Fire Blast|p1a: Zamazenta\n|-supereffective|p1a: Zamazenta\n|-crit|p1a: Zamazenta\n|-damage|p1a: Zamazenta|0 fnt\n|faint|p1a: Zamazenta\n|\n|-fieldend|move: Grassy Terrain\n|upkeep\n|l| Nodragondanceinrb\n|\n|t:|1782796493\n|switch|p1a: Rillaboom|Rillaboom, L79, F|123/288\n|-activate|p1a: Rillaboom|move: Sticky Web\n|-unboost|p1a: Rillaboom|spe|1\n|-fieldstart|move: Grassy Terrain|[from] ability: Grassy Surge|[of] p1a: Rillaboom\n|turn|26\n|inactive|Meowerdoom has 60 seconds left.\n|inactive|mahomesthegoat has 30 seconds left.\n|\n|t:|1782796512\n|-terastallize|p1a: Rillaboom|Grass\n|move|p1a: Rillaboom|Grassy Glide|p2a: Chandelure\n|-resisted|p2a: Chandelure\n|-damage|p2a: Chandelure|151/235\n|move|p2a: Chandelure|Shadow Ball|p1a: Rillaboom\n|-damage|p1a: Rillaboom|0 fnt\n|faint|p1a: Rillaboom\n|\n|win|Meowerdoom\n", "inputlog": ">version f8ac14003a5f27e1bdc8d8c59608a773c1cb96e5\n>start {\"formatid\":\"gen9randombattle\",\"seed\":\"sodium,10ac700ba68b3373933227b2f6e04f08\",\"rated\":\"Rated battle\"}\n>player p1 {\"name\":\"mahomesthegoat\",\"avatar\":\"102\",\"rating\":2150,\"seed\":\"sodium,e35ac92284b1760cf900aa21cd05de9f\"}\n>player p2 {\"name\":\"Meowerdoom\",\"avatar\":\"burgh\",\"rating\":2225,\"seed\":\"sodium,88d16071dab4e31fe5f13a0e891bc15b\"}\n>p1 move uturn\n>p2 move stickyweb\n>p1 switch 3\n>p1 move iciclecrash\n>p2 move energyball\n>chat \u2606Meowerdoom|f\n>p1 move iciclecrash\n>p2 move bugbuzz\n>p1 switch 6\n>p1 move thunderbolt\n>p2 move bugbuzz\n>p2 switch 2\n>p1 move uturn\n>p2 move bodyslam\n>p1 switch 4\n>p1 move darkpulse\n>p2 move bodyslam\n>p1 move darkpulse\n>p2 move protect\n>p1 move darkpulse\n>p2 move bodyslam\n>p1 switch 4\n>p1 move hurricane\n>p2 move protect\n>p1 move hurricane\n>p2 move wish\n>p1 move thunderbolt\n>p2 move protect\n>p1 move hurricane\n>p2 move wish\n>p1 move uturn\n>p2 move protect\n>p1 move thunderbolt\n>p2 switch 5\n>p1 move uturn\n>p2 move shadowball\n>p1 switch 3\n>p1 move highhorsepower\n>p2 switch 4\n>p2 switch 3\n>p1 switch 3\n>p2 move psychicnoise\n>p1 move hurricane\n>p2 move psychicnoise\n>p1 switch 3\n>p1 move uturn\n>p2 move psychicnoise\n>p1 switch 5\n>p1 move weatherball\n>p2 move knockoff\n>p2 switch 4\n>p1 switch 5\n>p2 move thunderbolt\n>p1 move highhorsepower\n>p2 switch 5\n>p2 switch 6\n>p1 switch 5\n>p2 move shadowball\n>p1 move hydropump\n>p2 move energyball\n>p1 switch 2\n>p1 move stoneedge\n>p2 move fireblast\n>p1 switch 5\n>p1 move grassyglide terastallize\n>p2 move shadowball", "uploadtime": 1782795672, "views": 4, "formatid": "gen9randombattle", "rating": null, "private": 0, "password": null, "player_dets": [{"name": "mahomesthegoat", "avatar": "102", "rating": 2150, "seed": "sodium,e35ac92284b1760cf900aa21cd05de9f"}, {"name": "Meowerdoom", "avatar": "burgh", "rating": 2225, "seed": "sodium,88d16071dab4e31fe5f13a0e891bc15b"}], "teams_full": [{"Rillaboom": {"name": "Rillaboom", "species": "Rillaboom", "speciesId": "rillaboom", "gender": "F", "shiny": false, "level": 79, "moves": ["uturn", "highhorsepower", "woodhammer", "grassyglide"], "ability": "Grassy Surge", "evs": {"hp": 85, "atk": 85, "def": 85, "spa": 85, "spd": 85, "spe": 85}, "ivs": {"hp": 31, "atk": 31, "def": 31, "spa": 31, "spd": 31, "spe": 31}, "item": "Choice Band", "teraType": "Grass", "role": "Fast Attacker", "bvs": {"hp": 100, "atk": 125, "def": 90, "spa": 60, "spd": 70, "spe": 85}, "stats": {"hp": 288, "atk": 243, "def": 188, "spa": 140, "spd": 156, "spe": 180}, "types": ["Grass"]}, "Zamazenta": {"name": "Zamazenta", "species": "Zamazenta", "speciesId": "zamazentacrowned", "gender": "N", "shiny": false, "level": 68, "moves": ["irondefense", "stoneedge", "heavyslam", "bodypress"], "ability": "Dauntless Shield", "evs": {"hp": 85, "atk": 85, "def": 85, "spa": 85, "spd": 85, "spe": 85}, "ivs": {"hp": 31, "atk": 31, "def": 31, "spa": 31, "spd": 31, "spe": 31}, "item": "Rusted Shield", "teraType": "Fighting", "role": "Bulky Setup", "bvs": {"hp": 92, "atk": 120, "def": 140, "spa": 80, "spd": 140, "spe": 128}, "stats": {"hp": 238, "atk": 203, "def": 230, "spa": 149, "spd": 230, "spe": 214}, "types": ["Fighting", "Steel"]}, "Mamoswine": {"name": "Mamoswine", "species": "Mamoswine", "speciesId": "mamoswine", "gender": "M", "shiny": false, "level": 81, "moves": ["iciclecrash", "iceshard", "knockoff", "earthquake"], "ability": "Thick Fat", "evs": {"hp": 85, "atk": 85, "def": 85, "spa": 85, "spd": 85, "spe": 85}, "ivs": {"hp": 31, "atk": 31, "def": 31, "spa": 31, "spd": 31, "spe": 31}, "item": "Choice Band", "teraType": "Ice", "role": "Wallbreaker", "bvs": {"hp": 110, "atk": 130, "def": 80, "spa": 70, "spd": 60, "spe": 80}, "stats": {"hp": 311, "atk": 257, "def": 176, "spa": 160, "spd": 144, "spe": 176}, "types": ["Ice", "Ground"]}, "Houndoom": {"name": "Houndoom", "species": "Houndoom", "speciesId": "houndoom", "gender": "M", "shiny": false, "level": 87, "moves": ["darkpulse", "fireblast", "sludgebomb", "nastyplot"], "ability": "Flash Fire", "evs": {"hp": 85, "atk": 0, "def": 85, "spa": 85, "spd": 85, "spe": 85}, "ivs": {"hp": 31, "atk": 0, "def": 31, "spa": 31, "spd": 31, "spe": 31}, "item": "Heavy-Duty Boots", "teraType": "Dark", "role": "Fast Attacker", "bvs": {"hp": 75, "atk": 90, "def": 50, "spa": 110, "spd": 80, "spe": 95}, "stats": {"hp": 272, "atk": 161, "def": 137, "spa": 241, "spd": 189, "spe": 215}, "types": ["Dark", "Fire"]}, "Politoed": {"name": "Politoed", "species": "Politoed", "speciesId": "politoed", "gender": "F", "shiny": false, "level": 88, "moves": ["focusblast", "hydropump", "weatherball", "icebeam"], "ability": "Drizzle", "evs": {"hp": 85, "atk": 0, "def": 85, "spa": 85, "spd": 85, "spe": 85}, "ivs": {"hp": 31, "atk": 0, "def": 31, "spa": 31, "spd": 31, "spe": 31}, "item": "Choice Specs", "teraType": "Water", "role": "Fast Attacker", "bvs": {"hp": 90, "atk": 75, "def": 75, "spa": 90, "spd": 100, "spe": 70}, "stats": {"hp": 302, "atk": 137, "def": 182, "spa": 209, "spd": 226, "spe": 173}, "types": ["Water"]}, "Kilowattrel": {"name": "Kilowattrel", "species": "Kilowattrel", "speciesId": "kilowattrel", "gender": "M", "shiny": false, "level": 83, "moves": ["roost", "uturn", "hurricane", "thunderbolt"], "ability": "Volt Absorb", "evs": {"hp": 85, "atk": 85, "def": 85, "spa": 85, "spd": 85, "spe": 85}, "ivs": {"hp": 31, "atk": 31, "def": 31, "spa": 31, "spd": 31, "spe": 31}, "item": "Heavy-Duty Boots", "teraType": "Steel", "role": "Bulky Attacker", "bvs": {"hp": 70, "atk": 70, "def": 60, "spa": 105, "spd": 60, "spe": 125}, "stats": {"hp": 252, "atk": 164, "def": 147, "spa": 222, "spd": 147, "spe": 255}, "types": ["Electric", "Flying"]}}, {"Vikavolt": {"name": "Vikavolt", "species": "Vikavolt", "speciesId": "vikavolt", "gender": "F", "shiny": false, "level": 83, "moves": ["bugbuzz", "thunderbolt", "energyball", "stickyweb"], "ability": "Levitate", "evs": {"hp": 85, "atk": 0, "def": 85, "spa": 85, "spd": 85, "spe": 85}, "ivs": {"hp": 31, "atk": 0, "def": 31, "spa": 31, "spd": 31, "spe": 31}, "item": "Heavy-Duty Boots", "teraType": "Electric", "role": "Bulky Support", "bvs": {"hp": 77, "atk": 70, "def": 90, "spa": 145, "spd": 75, "spe": 43}, "stats": {"hp": 263, "atk": 121, "def": 197, "spa": 288, "spd": 172, "spe": 119}, "types": ["Bug", "Electric"]}, "Farigiraf": {"name": "Farigiraf", "species": "Farigiraf", "speciesId": "farigiraf", "gender": "F", "shiny": false, "level": 90, "moves": ["protect", "psychicnoise", "wish", "bodyslam"], "ability": "Sap Sipper", "evs": {"hp": 85, "atk": 85, "def": 85, "spa": 85, "spd": 85, "spe": 85}, "ivs": {"hp": 31, "atk": 31, "def": 31, "spa": 31, "spd": 31, "spe": 31}, "item": "Leftovers", "teraType": "Ground", "role": "Bulky Support", "bvs": {"hp": 120, "atk": 90, "def": 70, "spa": 110, "spd": 70, "spe": 60}, "stats": {"hp": 362, "atk": 213, "def": 177, "spa": 249, "spd": 177, "spe": 159}, "types": ["Normal", "Psychic"]}, "Mesprit": {"name": "Mesprit", "species": "Mesprit", "speciesId": "mesprit", "gender": "N", "shiny": false, "level": 85, "moves": ["knockoff", "thunderwave", "encore", "psychicnoise"], "ability": "Levitate", "evs": {"hp": 85, "atk": 85, "def": 85, "spa": 85, "spd": 85, "spe": 85}, "ivs": {"hp": 31, "atk": 31, "def": 31, "spa": 31, "spd": 31, "spe": 31}, "item": "Leftovers", "teraType": "Dark", "role": "Bulky Support", "bvs": {"hp": 80, "atk": 105, "def": 105, "spa": 105, "spd": 105, "spe": 80}, "stats": {"hp": 275, "atk": 227, "def": 227, "spa": 227, "spd": 227, "spe": 185}, "types": ["Psychic"]}, "Toxicroak": {"name": "Toxicroak", "species": "Toxicroak", "speciesId": "toxicroak", "gender": "F", "shiny": false, "level": 84, "moves": ["gunkshot", "earthquake", "swordsdance", "closecombat"], "ability": "Dry Skin", "evs": {"hp": 85, "atk": 85, "def": 85, "spa": 85, "spd": 85, "spe": 85}, "ivs": {"hp": 31, "atk": 31, "def": 31, "spa": 31, "spd": 31, "spe": 31}, "item": "Life Orb", "teraType": "Dark", "role": "Setup Sweeper", "bvs": {"hp": 83, "atk": 106, "def": 65, "spa": 86, "spd": 65, "spe": 85}, "stats": {"hp": 277, "atk": 226, "def": 157, "spa": 193, "spd": 157, "spe": 191}, "types": ["Poison", "Fighting"]}, "Jolteon": {"name": "Jolteon", "species": "Jolteon", "speciesId": "jolteon", "gender": "F", "shiny": false, "level": 84, "moves": ["voltswitch", "thunderbolt", "alluringvoice", "shadowball"], "ability": "Volt Absorb", "evs": {"hp": 85, "atk": 0, "def": 85, "spa": 85, "spd": 85, "spe": 85}, "ivs": {"hp": 31, "atk": 0, "def": 31, "spa": 31, "spd": 31, "spe": 31}, "item": "Choice Specs", "teraType": "Fairy", "role": "Fast Attacker", "bvs": {"hp": 65, "atk": 65, "def": 60, "spa": 110, "spd": 95, "spe": 130}, "stats": {"hp": 246, "atk": 114, "def": 149, "spa": 233, "spd": 208, "spe": 267}, "types": ["Electric"]}, "Chandelure": {"name": "Chandelure", "species": "Chandelure", "speciesId": "chandelure", "gender": "M", "shiny": false, "level": 83, "moves": ["shadowball", "calmmind", "energyball", "fireblast"], "ability": "Flash Fire", "evs": {"hp": 85, "atk": 0, "def": 85, "spa": 85, "spd": 85, "spe": 85}, "ivs": {"hp": 31, "atk": 0, "def": 31, "spa": 31, "spd": 31, "spe": 31}, "item": "Heavy-Duty Boots", "teraType": "Grass", "role": "Fast Bulky Setup", "bvs": {"hp": 60, "atk": 55, "def": 90, "spa": 145, "spd": 90, "spe": 80}, "stats": {"hp": 235, "atk": 96, "def": 197, "spa": 288, "spd": 197, "spe": 180}, "types": ["Ghost", "Fire"]}}]}