{"id": "gen9randombattle-2641263247", "format": "[Gen 9] Random Battle", "players": ["Yerdunc university", "MichaelderBeste2"], "log": "|badge|p2|silver|gen9randombattle|30-9\n|html|<div class=\"broadcast-red\"><strong>This battle is required to be public due to one or more player having a season medal.</strong><br />During the public phase, you can discuss the state of the ladder <a href=\"/seasondiscussion\">in a special chatroom.</a></div>\n|uhtml|medal-msg|<div class=\"broadcast-blue\">Curious what those medals under the avatar are? PS now has Ladder Seasons! For more information, check out the <a href=\"https://www.smogon.com/forums/threads/3740067/\">thread on Smogon.</a></div>\n|j|\u2606Yerdunc university\n|j|\u2606MichaelderBeste2\n|t:|1782760705\n|gametype|singles\n|player|p1|Yerdunc university|#draftliga5|2228\n|player|p2|MichaelderBeste2|#wcop2026germany|2492\n|gen|9\n|tier|[Gen 9] Random Battle\n|rated|\n|rule|Species Clause: Limit one of each Pok\u00e9mon\n|rule|HP Percentage Mod: HP is shown in percentages\n|rule|Sleep Clause Mod: Limit one foe put to sleep\n|rule|Illusion Level Mod: Illusion disguises the Pok\u00e9mon's true level\n|\n|t:|1782760705\n|teamsize|p1|6\n|teamsize|p2|6\n|start\n|switch|p1a: Munkidori|Munkidori, L79, M|269/269\n|switch|p2a: Palafin|Palafin, L77, M|281/281\n|turn|1\n|\n|t:|1782760722\n|detailschange|p2a: Palafin|Palafin-Hero, L77, M\n|switch|p2a: Iron Crown|Iron Crown, L78|268/268\n|move|p1a: Munkidori|Psychic Noise|p2a: Iron Crown\n|-resisted|p2a: Iron Crown\n|-damage|p2a: Iron Crown|249/268\n|-start|p2a: Iron Crown|move: Heal Block\n|\n|upkeep\n|turn|2\n|\n|t:|1782760728\n|move|p1a: Munkidori|U-turn|p2a: Iron Crown\n|-damage|p2a: Iron Crown|211/268\n|\n|t:|1782760735\n|switch|p1a: Cacturne|Cacturne, L92, M|278/278|[from] U-turn\n|move|p2a: Iron Crown|Volt Switch|p1a: Cacturne\n|-resisted|p1a: Cacturne\n|-damage|p1a: Cacturne|230/278\n|\n|t:|1782760743\n|-end|p2a: Iron Crown|Quark Drive|[silent]\n|switch|p2a: Emboar|Emboar, L84, F|322/322|[from] Volt Switch\n|\n|upkeep\n|turn|3\n|\n|t:|1782760752\n|switch|p1a: Lugia|Lugia, L73|275/275\n|move|p2a: Emboar|Flare Blitz|p1a: Lugia\n|-damage|p1a: Lugia|204/275\n|-damage|p2a: Emboar|299/322|[from] Recoil\n|\n|upkeep\n|turn|4\n|\n|t:|1782760766\n|switch|p2a: Palafin|Palafin-Hero, L77, M|281/281\n|-activate|p2a: Palafin|ability: Zero to Hero\n|move|p1a: Lugia|Recover|p1a: Lugia\n|-heal|p1a: Lugia|275/275\n|\n|upkeep\n|turn|5\n|\n|t:|1782760772\n|switch|p1a: Ludicolo|Ludicolo, L90, F|290/290\n|move|p2a: Palafin|Flip Turn|p1a: Ludicolo\n|-resisted|p1a: Ludicolo\n|-damage|p1a: Ludicolo|255/290\n|\n|t:|1782760778\n|switch|p2a: Espeon|Espeon, L84, M|246/246|[from] Flip Turn\n|\n|upkeep\n|turn|6\n|\n|t:|1782760786\n|move|p2a: Espeon|Psychic|p1a: Ludicolo\n|-damage|p1a: Ludicolo|117/290\n|-damage|p2a: Espeon|222/246|[from] item: Life Orb\n|move|p1a: Ludicolo|Giga Drain|p2a: Espeon\n|-damage|p2a: Espeon|104/246\n|-heal|p1a: Ludicolo|176/290|[from] drain|[of] p2a: Espeon\n|\n|upkeep\n|turn|7\n|\n|t:|1782760808\n|switch|p2a: Flapple|Flapple, L88, M|266/266\n|switch|p1a: Ambipom|Ambipom, L84, F|263/263\n|\n|upkeep\n|turn|8\n|\n|t:|1782760824\n|switch|p2a: Iron Crown|Iron Crown, L78|211/268\n|move|p1a: Ambipom|U-turn|p2a: Iron Crown\n|-damage|p2a: Iron Crown|140/268\n|\n|t:|1782760834\n|switch|p1a: Cacturne|Cacturne, L92, M|230/278|[from] U-turn\n|\n|upkeep\n|turn|9\n|\n|t:|1782760873\n|switch|p1a: Munkidori|Munkidori, L79, M|269/269\n|move|p2a: Iron Crown|Focus Blast|p1a: Munkidori|[miss]\n|-miss|p2a: Iron Crown|p1a: Munkidori\n|\n|upkeep\n|turn|10\n|\n|t:|1782760887\n|-end|p2a: Iron Crown|Quark Drive|[silent]\n|switch|p2a: Palafin|Palafin-Hero, L77, M|281/281\n|move|p1a: Munkidori|Sludge Wave|p2a: Palafin\n|-damage|p2a: Palafin|158/281\n|\n|upkeep\n|turn|11\n|\n|t:|1782760902\n|move|p2a: Palafin|Jet Punch|p1a: Munkidori\n|-damage|p1a: Munkidori|103/269\n|move|p1a: Munkidori|Sludge Wave|p2a: Palafin\n|-damage|p2a: Palafin|31/281\n|\n|upkeep\n|turn|12\n|\n|t:|1782760952\n|switch|p1a: Ludicolo|Ludicolo, L90, F|176/290\n|switch|p2a: Emboar|Emboar, L84, F|299/322\n|\n|upkeep\n|turn|13\n|\n|t:|1782760971\n|switch|p1a: Lugia|Lugia, L73|275/275\n|switch|p2a: Flapple|Flapple, L88, M|266/266\n|\n|upkeep\n|turn|14\n|\n|t:|1782760989\n|switch|p2a: Primarina|Primarina, L83, F|268/268\n|move|p1a: Lugia|Calm Mind|p1a: Lugia\n|-boost|p1a: Lugia|spa|1\n|-boost|p1a: Lugia|spd|1\n|\n|upkeep\n|turn|15\n|\n|t:|1782760998\n|move|p1a: Lugia|Aeroblast|p2a: Primarina\n|-damage|p2a: Primarina|168/268\n|move|p2a: Primarina|Calm Mind|p2a: Primarina\n|-boost|p2a: Primarina|spa|1\n|-boost|p2a: Primarina|spd|1\n|\n|-heal|p2a: Primarina|184/268|[from] item: Leftovers\n|upkeep\n|turn|16\n|\n|t:|1782761006\n|move|p1a: Lugia|Psychic Noise|p2a: Primarina\n|-damage|p2a: Primarina|132/268\n|-start|p2a: Primarina|move: Heal Block\n|move|p2a: Primarina|Sparkling Aria|p1a: Lugia\n|-damage|p1a: Lugia|232/275\n|\n|upkeep\n|turn|17\n|\n|t:|1782761015\n|move|p1a: Lugia|Psychic Noise|p2a: Primarina\n|-damage|p2a: Primarina|89/268\n|move|p2a: Primarina|Calm Mind|p2a: Primarina\n|-boost|p2a: Primarina|spa|1\n|-boost|p2a: Primarina|spd|1\n|\n|-end|p2a: Primarina|move: Heal Block\n|upkeep\n|turn|18\n|\n|t:|1782761020\n|move|p1a: Lugia|Psychic Noise|p2a: Primarina\n|-damage|p2a: Primarina|55/268\n|-start|p2a: Primarina|move: Heal Block\n|move|p2a: Primarina|Sparkling Aria|p1a: Lugia\n|-damage|p1a: Lugia|48/275\n|\n|upkeep\n|turn|19\n|\n|t:|1782761039\n|switch|p1a: Cacturne|Cacturne, L92, M|230/278\n|move|p2a: Primarina|Sparkling Aria|p1a: Cacturne\n|-heal|p1a: Cacturne|278/278|[from] ability: Water Absorb|[of] p2a: Primarina\n|\n|-end|p2a: Primarina|move: Heal Block\n|upkeep\n|turn|20\n|\n|t:|1782761058\n|switch|p2a: Palafin|Palafin-Hero, L77, M|31/281\n|move|p1a: Cacturne|Seed Bomb|p2a: Palafin\n|-supereffective|p2a: Palafin\n|-damage|p2a: Palafin|0 fnt\n|faint|p2a: Palafin\n|-damage|p1a: Cacturne|251/278|[from] item: Life Orb\n|\n|upkeep\n|\n|t:|1782761064\n|switch|p2a: Emboar|Emboar, L84, F|299/322\n|turn|21\n|\n|t:|1782761090\n|move|p1a: Cacturne|Sucker Punch|p2a: Emboar\n|-resisted|p2a: Emboar\n|-damage|p2a: Emboar|221/322\n|-damage|p1a: Cacturne|224/278|[from] item: Life Orb\n|move|p2a: Emboar|Flare Blitz|p1a: Cacturne\n|-supereffective|p1a: Cacturne\n|-damage|p1a: Cacturne|0 fnt\n|faint|p1a: Cacturne\n|-damage|p2a: Emboar|147/322|[from] Recoil\n|\n|upkeep\n|\n|t:|1782761103\n|switch|p1a: Ambipom|Ambipom, L84, F|263/263\n|turn|22\n|\n|t:|1782761171\n|move|p2a: Emboar|Sucker Punch|p1a: Ambipom\n|-damage|p1a: Ambipom|191/263\n|move|p1a: Ambipom|Double-Edge|p2a: Emboar\n|-damage|p2a: Emboar|0 fnt\n|faint|p2a: Emboar\n|-damage|p1a: Ambipom|142/263|[from] Recoil\n|\n|upkeep\n|\n|t:|1782761177\n|switch|p2a: Iron Crown|Iron Crown, L78|140/268\n|turn|23\n|\n|t:|1782761189\n|switch|p1a: Lugia|Lugia, L73|48/275\n|move|p2a: Iron Crown|Volt Switch|p1a: Lugia\n|-supereffective|p1a: Lugia\n|-damage|p1a: Lugia|0 fnt\n|faint|p1a: Lugia\n|\n|t:|1782761198\n|-end|p2a: Iron Crown|Quark Drive|[silent]\n|switch|p2a: Primarina|Primarina, L83, F|55/268|[from] Volt Switch\n|\n|-heal|p2a: Primarina|71/268|[from] item: Leftovers\n|upkeep\n|\n|t:|1782761212\n|switch|p1a: Ambipom|Ambipom, L84, F|142/263\n|turn|24\n|\n|t:|1782761314\n|move|p1a: Ambipom|Double-Edge|p2a: Primarina\n|-damage|p2a: Primarina|0 fnt\n|faint|p2a: Primarina\n|-damage|p1a: Ambipom|119/263|[from] Recoil\n|\n|upkeep\n|\n|t:|1782761318\n|switch|p2a: Iron Crown|Iron Crown, L78|140/268\n|turn|25\n|\n|t:|1782761333\n|switch|p1a: Munkidori|Munkidori, L79, M|103/269\n|move|p2a: Iron Crown|Volt Switch|p1a: Munkidori\n|-damage|p1a: Munkidori|49/269\n|\n|t:|1782761357\n|-end|p2a: Iron Crown|Quark Drive|[silent]\n|switch|p2a: Flapple|Flapple, L88, M|266/266|[from] Volt Switch\n|\n|upkeep\n|turn|26\n|\n|t:|1782761362\n|-terastallize|p2a: Flapple|Steel\n|move|p1a: Munkidori|Fake Out|p2a: Flapple\n|-resisted|p2a: Flapple\n|-damage|p2a: Flapple|256/266\n|cant|p2a: Flapple|flinch\n|\n|upkeep\n|turn|27\n|\n|t:|1782761391\n|move|p1a: Munkidori|U-turn|p2a: Flapple\n|-resisted|p2a: Flapple\n|-damage|p2a: Flapple|238/266\n|\n|t:|1782761393\n|switch|p1a: Ludicolo|Ludicolo, L90, F|176/290|[from] U-turn\n|move|p2a: Flapple|Dragon Dance|p2a: Flapple\n|-boost|p2a: Flapple|atk|1\n|-boost|p2a: Flapple|spe|1\n|\n|upkeep\n|turn|28\n|\n|t:|1782761418\n|switch|p1a: Munkidori|Munkidori, L79, M|49/269\n|move|p2a: Flapple|Outrage|p1a: Munkidori\n|-damage|p1a: Munkidori|0 fnt\n|faint|p1a: Munkidori\n|\n|upkeep\n|\n|t:|1782761423\n|switch|p1a: Cloyster|Cloyster, L80, F|211/211\n|turn|29\n|\n|t:|1782761434\n|-terastallize|p1a: Cloyster|Ground\n|move|p2a: Flapple|Outrage|p1a: Cloyster|[from] lockedmove\n|-damage|p1a: Cloyster|16/211\n|move|p1a: Cloyster|Shell Smash|p1a: Cloyster\n|-unboost|p1a: Cloyster|def|1\n|-unboost|p1a: Cloyster|spd|1\n|-boost|p1a: Cloyster|atk|2\n|-boost|p1a: Cloyster|spa|2\n|-boost|p1a: Cloyster|spe|2\n|-enditem|p1a: Cloyster|White Herb\n|-clearnegativeboost|p1a: Cloyster|[silent]\n|\n|upkeep\n|turn|30\n|\n|t:|1782761441\n|move|p1a: Cloyster|Drill Run|p2a: Flapple\n|-supereffective|p2a: Flapple\n|-damage|p2a: Flapple|0 fnt\n|faint|p2a: Flapple\n|\n|upkeep\n|\n|t:|1782761456\n|switch|p2a: Iron Crown|Iron Crown, L78|140/268\n|turn|31\n|\n|t:|1782761459\n|move|p1a: Cloyster|Drill Run|p2a: Iron Crown\n|-supereffective|p2a: Iron Crown\n|-damage|p2a: Iron Crown|0 fnt\n|faint|p2a: Iron Crown\n|-end|p2a: Iron Crown|Quark Drive|[silent]\n|\n|upkeep\n|-message|MichaelderBeste2 forfeited.\n|\n|win|Yerdunc university\n|raw|Yerdunc university's rating: 2228 &rarr; <strong>2261</strong><br />(+33 for winning)\n|raw|MichaelderBeste2's rating: 2512 &rarr; <strong>2479</strong><br />(-33 for losing)\n|l|\u2606MichaelderBeste2\n|player|p2|\n", "inputlog": ">version f8ac14003a5f27e1bdc8d8c59608a773c1cb96e5\n>start {\"formatid\":\"gen9randombattle\",\"seed\":\"sodium,accc857e549d5c726a27b958135ddb28\",\"rated\":\"Rated battle\"}\n>player p1 {\"name\":\"Yerdunc university\",\"avatar\":\"#draftliga5\",\"rating\":2228,\"seed\":\"sodium,b4811ac53a6671d3c413caab77b18f62\"}\n>player p2 {\"name\":\"MichaelderBeste2\",\"avatar\":\"#wcop2026germany\",\"rating\":2492,\"seed\":\"sodium,216f77a89ac70fc8dc1c286f8cfbdf45\"}\n>p1 move psychicnoise\n>p2 switch 3\n>p1 move uturn\n>p2 move voltswitch\n>p1 switch 4\n>p2 switch 6\n>p1 switch 6\n>p2 move flareblitz\n>p1 move recover\n>p2 switch 3\n>p1 switch 5\n>p2 move flipturn\n>p2 switch 4\n>p1 move gigadrain\n>p2 move psychic\n>p1 switch 2\n>p2 switch 5\n>p1 move uturn\n>p2 switch 6\n>p1 switch 6\n>p1 switch 4\n>p2 move focusblast\n>p1 move sludgewave\n>p2 switch 4\n>p1 move sludgewave\n>p2 move jetpunch\n>p1 switch 2\n>p2 switch 3\n>p1 switch 5\n>p2 switch 6\n>p1 move calmmind\n>p2 switch 2\n>p1 move aeroblast\n>p2 move calmmind\n>p1 move psychicnoise\n>p2 move sparklingaria\n>p1 move psychicnoise\n>p2 move calmmind\n>p1 move psychicnoise\n>p2 move sparklingaria\n>p1 switch 4\n>p2 move sparklingaria\n>p1 move seedbomb\n>p2 switch 3\n>p2 switch 6\n>p1 move suckerpunch\n>p2 move flareblitz\n>p1 switch 6\n>p1 move doubleedge\n>p2 move suckerpunch\n>p2 switch 4\n>p1 switch 4\n>p2 move voltswitch\n>p2 switch 3\n>p1 switch 4\n>p1 move doubleedge\n>p2 move drainingkiss\n>p2 switch 3\n>p1 switch 2\n>p2 move voltswitch\n>p2 switch 2\n>p1 move fakeout\n>p2 move dragondance terastallize\n>p1 move uturn\n>p2 move dragondance\n>p1 switch 5\n>p1 switch 5\n>p2 move outrage\n>p1 switch 3\n>p1 move shellsmash terastallize\n>p2 move outrage\n>p1 move drillrun\n>p2 move outrage\n>p2 switch 2\n>p1 move drillrun\n>p2 move psyshock\n>forcelose p2", "uploadtime": 1782761464, "views": 55, "formatid": "gen9randombattle", "rating": 2261, "private": 0, "password": null, "player_dets": [{"name": "Yerdunc university", "avatar": "#draftliga5", "rating": 2228, "seed": "sodium,b4811ac53a6671d3c413caab77b18f62"}, {"name": "MichaelderBeste2", "avatar": "#wcop2026germany", "rating": 2492, "seed": "sodium,216f77a89ac70fc8dc1c286f8cfbdf45"}], "teams_full": [{"Munkidori": {"name": "Munkidori", "species": "Munkidori", "speciesId": "munkidori", "gender": "M", "shiny": false, "level": 79, "moves": ["uturn", "psychicnoise", "fakeout", "sludgewave"], "ability": "Toxic Chain", "evs": {"hp": 85, "atk": 85, "def": 85, "spa": 85, "spd": 85, "spe": 85}, "ivs": {"hp": 31, "atk": 31, "def": 31, "spa": 31, "spd": 31, "spe": 31}, "item": "Assault Vest", "teraType": "Dark", "role": "AV Pivot", "bvs": {"hp": 88, "atk": 75, "def": 66, "spa": 130, "spd": 90, "spe": 106}, "stats": {"hp": 269, "atk": 164, "def": 150, "spa": 251, "spd": 188, "spe": 213}, "types": ["Poison", "Psychic"]}, "Ambipom": {"name": "Ambipom", "species": "Ambipom", "speciesId": "ambipom", "gender": "F", "shiny": false, "level": 84, "moves": ["doubleedge", "tripleaxel", "uturn", "knockoff"], "ability": "Technician", "evs": {"hp": 85, "atk": 85, "def": 85, "spa": 85, "spd": 85, "spe": 85}, "ivs": {"hp": 31, "atk": 31, "def": 31, "spa": 31, "spd": 31, "spe": 31}, "item": "Choice Band", "teraType": "Ice", "role": "Fast Attacker", "bvs": {"hp": 75, "atk": 100, "def": 66, "spa": 60, "spd": 66, "spe": 115}, "stats": {"hp": 263, "atk": 216, "def": 159, "spa": 149, "spd": 159, "spe": 241}, "types": ["Normal"]}, "Cloyster": {"name": "Cloyster", "species": "Cloyster", "speciesId": "cloyster", "gender": "F", "shiny": false, "level": 80, "moves": ["rockblast", "drillrun", "shellsmash", "iciclespear"], "ability": "Skill Link", "evs": {"hp": 85, "atk": 85, "def": 85, "spa": 85, "spd": 85, "spe": 85}, "ivs": {"hp": 31, "atk": 31, "def": 31, "spa": 31, "spd": 31, "spe": 31}, "item": "White Herb", "teraType": "Ground", "role": "Fast Attacker", "bvs": {"hp": 50, "atk": 95, "def": 180, "spa": 85, "spd": 45, "spe": 70}, "stats": {"hp": 211, "atk": 198, "def": 334, "spa": 182, "spd": 118, "spe": 158}, "types": ["Water", "Ice"]}, "Cacturne": {"name": "Cacturne", "species": "Cacturne", "speciesId": "cacturne", "gender": "M", "shiny": false, "level": 92, "moves": ["suckerpunch", "knockoff", "seedbomb", "swordsdance"], "ability": "Water Absorb", "evs": {"hp": 85, "atk": 85, "def": 85, "spa": 85, "spd": 85, "spe": 85}, "ivs": {"hp": 31, "atk": 31, "def": 31, "spa": 31, "spd": 31, "spe": 31}, "item": "Life Orb", "teraType": "Poison", "role": "Setup Sweeper", "bvs": {"hp": 70, "atk": 115, "def": 60, "spa": 115, "spd": 60, "spe": 55}, "stats": {"hp": 278, "atk": 264, "def": 163, "spa": 264, "spd": 163, "spe": 154}, "types": ["Grass", "Dark"]}, "Ludicolo": {"name": "Ludicolo", "species": "Ludicolo", "speciesId": "ludicolo", "gender": "F", "shiny": false, "level": 90, "moves": ["leafstorm", "hydropump", "gigadrain", "icebeam"], "ability": "Swift Swim", "evs": {"hp": 85, "atk": 0, "def": 85, "spa": 85, "spd": 85, "spe": 85}, "ivs": {"hp": 31, "atk": 0, "def": 31, "spa": 31, "spd": 31, "spe": 31}, "item": "Choice Specs", "teraType": "Grass", "role": "Fast Attacker", "bvs": {"hp": 80, "atk": 70, "def": 70, "spa": 90, "spd": 100, "spe": 70}, "stats": {"hp": 290, "atk": 131, "def": 177, "spa": 213, "spd": 231, "spe": 177}, "types": ["Water", "Grass"]}, "Lugia": {"name": "Lugia", "species": "Lugia", "speciesId": "lugia", "gender": "N", "shiny": false, "level": 73, "moves": ["recover", "psychicnoise", "aeroblast", "calmmind"], "ability": "Multiscale", "evs": {"hp": 85, "atk": 0, "def": 85, "spa": 85, "spd": 85, "spe": 85}, "ivs": {"hp": 31, "atk": 0, "def": 31, "spa": 31, "spd": 31, "spe": 31}, "item": "Heavy-Duty Boots", "teraType": "Steel", "role": "Setup Sweeper", "bvs": {"hp": 106, "atk": 90, "def": 130, "spa": 90, "spd": 154, "spe": 110}, "stats": {"hp": 275, "atk": 136, "def": 232, "spa": 174, "spd": 267, "spe": 203}, "types": ["Psychic", "Flying"]}}, {"Palafin": {"name": "Palafin", "species": "Palafin", "speciesId": "palafin", "gender": "M", "shiny": false, "level": 77, "moves": ["closecombat", "jetpunch", "wavecrash", "flipturn"], "ability": "Zero to Hero", "evs": {"hp": 85, "atk": 85, "def": 85, "spa": 85, "spd": 85, "spe": 85}, "ivs": {"hp": 31, "atk": 31, "def": 31, "spa": 31, "spd": 31, "spe": 31}, "item": "Choice Band", "teraType": "Fighting", "role": "Wallbreaker", "bvs": {"hp": 100, "atk": 70, "def": 72, "spa": 53, "spd": 62, "spe": 100}, "stats": {"hp": 281, "atk": 152, "def": 155, "spa": 126, "spd": 140, "spe": 199}, "types": ["Water"]}, "Primarina": {"name": "Primarina", "species": "Primarina", "speciesId": "primarina", "gender": "F", "shiny": false, "level": 83, "moves": ["drainingkiss", "psychic", "sparklingaria", "calmmind"], "ability": "Torrent", "evs": {"hp": 85, "atk": 0, "def": 85, "spa": 85, "spd": 85, "spe": 85}, "ivs": {"hp": 31, "atk": 0, "def": 31, "spa": 31, "spd": 31, "spe": 31}, "item": "Leftovers", "teraType": "Steel", "role": "Bulky Attacker", "bvs": {"hp": 80, "atk": 74, "def": 74, "spa": 126, "spd": 116, "spe": 60}, "stats": {"hp": 268, "atk": 127, "def": 171, "spa": 257, "spd": 240, "spe": 147}, "types": ["Water", "Fairy"]}, "Iron Crown": {"name": "Iron Crown", "species": "Iron Crown", "speciesId": "ironcrown", "gender": "N", "shiny": false, "level": 78, "moves": ["psyshock", "tachyoncutter", "voltswitch", "focusblast"], "ability": "Quark Drive", "evs": {"hp": 85, "atk": 0, "def": 85, "spa": 85, "spd": 85, "spe": 85}, "ivs": {"hp": 31, "atk": 0, "def": 31, "spa": 31, "spd": 31, "spe": 31}, "item": "Choice Specs", "teraType": "Steel", "role": "Wallbreaker", "bvs": {"hp": 90, "atk": 72, "def": 100, "spa": 122, "spd": 108, "spe": 98}, "stats": {"hp": 268, "atk": 117, "def": 201, "spa": 235, "spd": 214, "spe": 198}, "types": ["Steel", "Psychic"]}, "Espeon": {"name": "Espeon", "species": "Espeon", "speciesId": "espeon", "gender": "M", "shiny": false, "level": 84, "moves": ["morningsun", "shadowball", "psychic", "alluringvoice"], "ability": "Magic Bounce", "evs": {"hp": 85, "atk": 0, "def": 85, "spa": 85, "spd": 85, "spe": 85}, "ivs": {"hp": 31, "atk": 0, "def": 31, "spa": 31, "spd": 31, "spe": 31}, "item": "Life Orb", "teraType": "Fairy", "role": "Fast Attacker", "bvs": {"hp": 65, "atk": 65, "def": 60, "spa": 130, "spd": 95, "spe": 110}, "stats": {"hp": 246, "atk": 114, "def": 149, "spa": 267, "spd": 208, "spe": 233}, "types": ["Psychic"]}, "Flapple": {"name": "Flapple", "species": "Flapple", "speciesId": "flapple", "gender": "M", "shiny": false, "level": 88, "moves": ["gravapple", "outrage", "dragondance", "suckerpunch"], "ability": "Hustle", "evs": {"hp": 85, "atk": 85, "def": 85, "spa": 85, "spd": 85, "spe": 85}, "ivs": {"hp": 31, "atk": 31, "def": 31, "spa": 31, "spd": 31, "spe": 31}, "item": "Lum Berry", "teraType": "Steel", "role": "Fast Attacker", "bvs": {"hp": 70, "atk": 110, "def": 80, "spa": 95, "spd": 60, "spe": 70}, "stats": {"hp": 266, "atk": 244, "def": 191, "spa": 217, "spd": 156, "spe": 173}, "types": ["Grass", "Dragon"]}, "Emboar": {"name": "Emboar", "species": "Emboar", "speciesId": "emboar", "gender": "F", "shiny": false, "level": 84, "moves": ["flareblitz", "suckerpunch", "scald", "closecombat"], "ability": "Reckless", "evs": {"hp": 85, "atk": 85, "def": 85, "spa": 85, "spd": 85, "spe": 85}, "ivs": {"hp": 31, "atk": 31, "def": 31, "spa": 31, "spd": 31, "spe": 31}, "item": "Assault Vest", "teraType": "Fire", "role": "AV Pivot", "bvs": {"hp": 110, "atk": 123, "def": 65, "spa": 100, "spd": 65, "spe": 65}, "stats": {"hp": 322, "atk": 255, "def": 157, "spa": 216, "spd": 157, "spe": 157}, "types": ["Fire", "Fighting"]}}]}