{"id": "gen9randombattle-2641509398", "format": "[Gen 9] Random Battle", "players": ["pratham990", "testbotcif"], "log": "|j|\u2606pratham990\n|j|\u2606testbotcif\n|t:|1782797262\n|gametype|singles\n|player|p1|pratham990|flannery|1262\n|player|p2|testbotcif|266|1283\n|gen|9\n|tier|[Gen 9] Random Battle\n|rated|\n|rule|Species Clause: Limit one of each Pok\u00e9mon\n|rule|HP Percentage Mod: HP is shown in percentages\n|rule|Sleep Clause Mod: Limit one foe put to sleep\n|rule|Illusion Level Mod: Illusion disguises the Pok\u00e9mon's true level\n|\n|t:|1782797262\n|teamsize|p1|6\n|teamsize|p2|6\n|start\n|switch|p1a: Fezandipiti|Fezandipiti, L82, M|278/278\n|switch|p2a: Rayquaza|Rayquaza, L72|270/270\n|-ability|p2a: Rayquaza|Air Lock\n|turn|1\n|c|\u2606testbotcif|rlhf\n|inactive|Battle timer is ON: inactive players will automatically lose when time's up. (requested by testbotcif)\n|\n|t:|1782797270\n|move|p1a: Fezandipiti|Swords Dance|p1a: Fezandipiti\n|-boost|p1a: Fezandipiti|atk|2\n|move|p2a: Rayquaza|Earthquake|p1a: Fezandipiti\n|-supereffective|p1a: Fezandipiti\n|-damage|p1a: Fezandipiti|36/278\n|\n|-heal|p1a: Fezandipiti|53/278|[from] item: Leftovers\n|upkeep\n|turn|2\n|\n|t:|1782797275\n|move|p1a: Fezandipiti|Play Rough|p2a: Rayquaza\n|-supereffective|p2a: Rayquaza\n|-damage|p2a: Rayquaza|0 fnt\n|faint|p2a: Rayquaza\n|\n|-heal|p1a: Fezandipiti|70/278|[from] item: Leftovers\n|upkeep\n|\n|t:|1782797275\n|switch|p2a: Camerupt|Camerupt, L91, F|275/275\n|turn|3\n|\n|t:|1782797304\n|move|p1a: Fezandipiti|Play Rough|p2a: Camerupt\n|-resisted|p2a: Camerupt\n|-damage|p2a: Camerupt|179/275\n|move|p2a: Camerupt|Earthquake|p1a: Fezandipiti\n|-supereffective|p1a: Fezandipiti\n|-damage|p1a: Fezandipiti|0 fnt\n|faint|p1a: Fezandipiti\n|\n|-heal|p2a: Camerupt|196/275|[from] item: Leftovers\n|upkeep\n|inactive|pratham990 has 120 seconds left.\n|\n|t:|1782797314\n|switch|p1a: Blastoise|Blastoise, L80, M|258/258\n|turn|4\n|\n|t:|1782797317\n|-terastallize|p2a: Camerupt|Grass\n|move|p1a: Blastoise|Shell Smash|p1a: Blastoise\n|-unboost|p1a: Blastoise|def|1\n|-unboost|p1a: Blastoise|spd|1\n|-boost|p1a: Blastoise|atk|2\n|-boost|p1a: Blastoise|spa|2\n|-boost|p1a: Blastoise|spe|2\n|-enditem|p1a: Blastoise|White Herb\n|-clearnegativeboost|p1a: Blastoise|[silent]\n|move|p2a: Camerupt|Earthquake|p1a: Blastoise\n|-damage|p1a: Blastoise|135/258\n|\n|-heal|p2a: Camerupt|213/275|[from] item: Leftovers\n|upkeep\n|turn|5\n|\n|t:|1782797330\n|move|p1a: Blastoise|Ice Beam|p2a: Camerupt\n|-supereffective|p2a: Camerupt\n|-damage|p2a: Camerupt|33/275\n|move|p2a: Camerupt|Earthquake|p1a: Blastoise\n|-damage|p1a: Blastoise|17/258\n|\n|-heal|p2a: Camerupt|50/275|[from] item: Leftovers\n|upkeep\n|turn|6\n|\n|t:|1782797335\n|move|p1a: Blastoise|Ice Beam|p2a: Camerupt\n|-supereffective|p2a: Camerupt\n|-damage|p2a: Camerupt|0 fnt\n|faint|p2a: Camerupt\n|\n|upkeep\n|\n|t:|1782797335\n|switch|p2a: Toxtricity|Toxtricity, L82, M|257/257\n|turn|7\n|\n|t:|1782797344\n|move|p1a: Blastoise|Earthquake|p2a: Toxtricity\n|-supereffective|p2a: Toxtricity\n|-damage|p2a: Toxtricity|0 fnt\n|faint|p2a: Toxtricity\n|\n|upkeep\n|\n|t:|1782797344\n|switch|p2a: Meowstic|Meowstic-F, L89, F|277/277\n|turn|8\n|\n|t:|1782797353\n|move|p1a: Blastoise|Hydro Pump|p2a: Meowstic\n|-damage|p2a: Meowstic|0 fnt\n|faint|p2a: Meowstic\n|\n|upkeep\n|\n|t:|1782797353\n|switch|p2a: Lumineon|Lumineon, L93, M|279/279\n|turn|9\n|\n|t:|1782797364\n|move|p1a: Blastoise|Earthquake|p2a: Lumineon\n|-damage|p2a: Lumineon|160/279\n|move|p2a: Lumineon|U-turn|p1a: Blastoise\n|-damage|p1a: Blastoise|0 fnt\n|faint|p1a: Blastoise\n|\n|t:|1782797365\n|switch|p2a: Carbink|Carbink, L90|236/236|[from] U-turn\n|\n|upkeep\n|\n|t:|1782797374\n|switch|p1a: Slowbro|Slowbro, L85, M|300/300\n|turn|10\n|\n|t:|1782797377\n|move|p2a: Carbink|Iron Defense|p2a: Carbink\n|-boost|p2a: Carbink|def|2\n|move|p1a: Slowbro|Scald|p2a: Carbink\n|-supereffective|p2a: Carbink\n|-damage|p2a: Carbink|122/236\n|-status|p2a: Carbink|brn\n|\n|-damage|p2a: Carbink|108/236 brn|[from] brn\n|upkeep\n|turn|11\n|\n|t:|1782797384\n|move|p2a: Carbink|Rest|p2a: Carbink\n|-status|p2a: Carbink|slp|[from] move: Rest\n|-heal|p2a: Carbink|236/236 slp|[silent]\n|-enditem|p2a: Carbink|Chesto Berry|[eat]\n|-curestatus|p2a: Carbink|slp|[msg]\n|move|p1a: Slowbro|Scald|p2a: Carbink\n|-supereffective|p2a: Carbink\n|-damage|p2a: Carbink|126/236\n|\n|upkeep\n|turn|12\n|\n|t:|1782797394\n|move|p2a: Carbink|Moonblast|p1a: Slowbro\n|-damage|p1a: Slowbro|219/300\n|move|p1a: Slowbro|Scald|p2a: Carbink\n|-supereffective|p2a: Carbink\n|-damage|p2a: Carbink|16/236\n|\n|-heal|p1a: Slowbro|237/300|[from] item: Leftovers\n|upkeep\n|turn|13\n|\n|t:|1782797403\n|move|p2a: Carbink|Rest|p2a: Carbink\n|-status|p2a: Carbink|slp|[from] move: Rest\n|-heal|p2a: Carbink|236/236 slp|[silent]\n|move|p1a: Slowbro|Iron Defense|p1a: Slowbro\n|-boost|p1a: Slowbro|def|2\n|\n|-heal|p1a: Slowbro|255/300|[from] item: Leftovers\n|upkeep\n|turn|14\n|\n|t:|1782797406\n|cant|p2a: Carbink|slp\n|move|p1a: Slowbro|Iron Defense|p1a: Slowbro\n|-boost|p1a: Slowbro|def|2\n|\n|-heal|p1a: Slowbro|273/300|[from] item: Leftovers\n|upkeep\n|turn|15\n|\n|t:|1782797408\n|cant|p2a: Carbink|slp\n|move|p1a: Slowbro|Iron Defense|p1a: Slowbro\n|-boost|p1a: Slowbro|def|2\n|\n|-heal|p1a: Slowbro|291/300|[from] item: Leftovers\n|upkeep\n|turn|16\n|\n|t:|1782797412\n|-curestatus|p2a: Carbink|slp|[msg]\n|move|p2a: Carbink|Moonblast|p1a: Slowbro\n|-damage|p1a: Slowbro|209/300\n|move|p1a: Slowbro|Body Press|p2a: Carbink\n|-damage|p2a: Carbink|152/236\n|\n|-heal|p1a: Slowbro|227/300|[from] item: Leftovers\n|upkeep\n|turn|17\n|\n|t:|1782797420\n|move|p2a: Carbink|Rest|p2a: Carbink\n|-status|p2a: Carbink|slp|[from] move: Rest\n|-heal|p2a: Carbink|236/236 slp|[silent]\n|move|p1a: Slowbro|Scald|p2a: Carbink\n|-supereffective|p2a: Carbink\n|-damage|p2a: Carbink|122/236 slp\n|\n|-heal|p1a: Slowbro|245/300|[from] item: Leftovers\n|upkeep\n|turn|18\n|\n|t:|1782797423\n|cant|p2a: Carbink|slp\n|move|p1a: Slowbro|Scald|p2a: Carbink\n|-supereffective|p2a: Carbink\n|-damage|p2a: Carbink|8/236 slp\n|\n|-heal|p1a: Slowbro|263/300|[from] item: Leftovers\n|upkeep\n|turn|19\n|\n|t:|1782797429\n|cant|p2a: Carbink|slp\n|move|p1a: Slowbro|Slack Off|p1a: Slowbro\n|-heal|p1a: Slowbro|300/300\n|\n|upkeep\n|turn|20\n|\n|t:|1782797433\n|-curestatus|p2a: Carbink|slp|[msg]\n|move|p2a: Carbink|Rest|p2a: Carbink\n|-status|p2a: Carbink|slp|[from] move: Rest\n|-heal|p2a: Carbink|236/236 slp|[silent]\n|move|p1a: Slowbro|Scald|p2a: Carbink\n|-supereffective|p2a: Carbink\n|-damage|p2a: Carbink|122/236 slp\n|\n|upkeep\n|turn|21\n|\n|t:|1782797438\n|cant|p2a: Carbink|slp\n|move|p1a: Slowbro|Scald|p2a: Carbink\n|-supereffective|p2a: Carbink\n|-damage|p2a: Carbink|2/236 slp\n|\n|upkeep\n|turn|22\n|\n|t:|1782797440\n|cant|p2a: Carbink|slp\n|move|p1a: Slowbro|Scald|p2a: Carbink\n|-supereffective|p2a: Carbink\n|-damage|p2a: Carbink|0 fnt\n|faint|p2a: Carbink\n|\n|upkeep\n|\n|t:|1782797440\n|switch|p2a: Lumineon|Lumineon, L93, M|160/279\n|turn|23\n|\n|t:|1782797444\n|move|p2a: Lumineon|U-turn|p1a: Slowbro\n|-supereffective|p1a: Slowbro\n|-damage|p1a: Slowbro|276/300\n|move|p1a: Slowbro|Body Press|p2a: Lumineon\n|-damage|p2a: Lumineon|0 fnt\n|faint|p2a: Lumineon\n|\n|win|pratham990\n|raw|pratham990's rating: 1262 &rarr; <strong>1289</strong><br />(+27 for winning)\n|raw|testbotcif's rating: 1283 &rarr; <strong>1256</strong><br />(-27 for losing)\n", "inputlog": ">version f8ac14003a5f27e1bdc8d8c59608a773c1cb96e5\n>start {\"formatid\":\"gen9randombattle\",\"seed\":\"sodium,16cfd71e2206823d65bc0c804a5a514b\",\"rated\":\"Rated battle\"}\n>player p1 {\"name\":\"pratham990\",\"avatar\":\"flannery\",\"rating\":1262,\"seed\":\"sodium,07aabe9e78ec35b74c083c0a8c4fe7fe\"}\n>player p2 {\"name\":\"testbotcif\",\"avatar\":\"266\",\"rating\":1283,\"seed\":\"sodium,6d8540a6f193e79e917efb97c5415b1f\"}\n>chat \u2606testbotcif|rlhf\n>p1 move swordsdance\n>p2 move earthquake\n>p1 move playrough\n>p2 move earthquake\n>p2 switch 3\n>p1 move playrough\n>p2 move earthquake\n>p1 switch 2\n>p1 move shellsmash\n>p2 move earthquake terastallize\n>p1 move icebeam\n>p2 move earthquake\n>p1 move icebeam\n>p2 move earthquake\n>p2 switch 4\n>p1 move earthquake\n>p2 move overdrive\n>p2 switch 6\n>p1 move hydropump\n>p2 move nastyplot\n>p2 switch 5\n>p1 move earthquake\n>p2 move uturn\n>p2 switch 2\n>p1 switch 5\n>p1 move scald\n>p2 move irondefense\n>p1 move scald\n>p2 move rest\n>p1 move scald\n>p2 move moonblast\n>p1 move irondefense\n>p2 move rest\n>p1 move irondefense\n>p2 move moonblast\n>p1 move irondefense\n>p2 move moonblast\n>p1 move bodypress\n>p2 move moonblast\n>p1 move scald\n>p2 move rest\n>p1 move scald\n>p2 move rest\n>p1 move slackoff\n>p2 move rest\n>p1 move scald\n>p2 move rest\n>p1 move scald\n>p2 move rest\n>p1 move scald\n>p2 move rest\n>p2 switch 2\n>p1 move bodypress\n>p2 move uturn", "uploadtime": 1782797444, "views": 8, "formatid": "gen9randombattle", "rating": 1256, "private": 0, "password": null, "player_dets": [{"name": "pratham990", "avatar": "flannery", "rating": 1262, "seed": "sodium,07aabe9e78ec35b74c083c0a8c4fe7fe"}, {"name": "testbotcif", "avatar": "266", "rating": 1283, "seed": "sodium,6d8540a6f193e79e917efb97c5415b1f"}], "teams_full": [{"Fezandipiti": {"name": "Fezandipiti", "species": "Fezandipiti", "speciesId": "fezandipiti", "gender": "M", "shiny": false, "level": 82, "moves": ["swordsdance", "terablast", "gunkshot", "playrough"], "ability": "Toxic Chain", "evs": {"hp": 85, "atk": 85, "def": 85, "spa": 85, "spd": 85, "spe": 85}, "ivs": {"hp": 31, "atk": 31, "def": 31, "spa": 31, "spd": 31, "spe": 31}, "item": "Leftovers", "teraType": "Ground", "role": "Tera Blast user", "bvs": {"hp": 88, "atk": 91, "def": 82, "spa": 70, "spd": 125, "spe": 99}, "stats": {"hp": 278, "atk": 196, "def": 182, "spa": 162, "spd": 252, "spe": 210}, "types": ["Poison", "Fairy"]}, "Blastoise": {"name": "Blastoise", "species": "Blastoise", "speciesId": "blastoise", "gender": "M", "shiny": false, "level": 80, "moves": ["icebeam", "hydropump", "shellsmash", "earthquake"], "ability": "Torrent", "evs": {"hp": 85, "atk": 85, "def": 85, "spa": 85, "spd": 85, "spe": 85}, "ivs": {"hp": 31, "atk": 31, "def": 31, "spa": 31, "spd": 31, "spe": 31}, "item": "White Herb", "teraType": "Ground", "role": "Setup Sweeper", "bvs": {"hp": 79, "atk": 83, "def": 100, "spa": 85, "spd": 105, "spe": 78}, "stats": {"hp": 258, "atk": 179, "def": 206, "spa": 182, "spd": 214, "spe": 171}, "types": ["Water"]}, "Roaring Moon": {"name": "Roaring Moon", "species": "Roaring Moon", "speciesId": "roaringmoon", "gender": "N", "shiny": false, "level": 72, "moves": ["uturn", "knockoff", "outrage", "ironhead"], "ability": "Protosynthesis", "evs": {"hp": 85, "atk": 85, "def": 85, "spa": 85, "spd": 85, "spe": 85}, "ivs": {"hp": 31, "atk": 31, "def": 31, "spa": 31, "spd": 31, "spe": 31}, "item": "Choice Band", "teraType": "Steel", "role": "Bulky Attacker", "bvs": {"hp": 105, "atk": 139, "def": 71, "spa": 55, "spd": 101, "spe": 119}, "stats": {"hp": 270, "atk": 242, "def": 144, "spa": 121, "spd": 187, "spe": 213}, "types": ["Dragon", "Dark"]}, "Golem": {"name": "Golem", "species": "Golem", "speciesId": "golem", "gender": "M", "shiny": false, "level": 87, "moves": ["stoneedge", "explosion", "stealthrock", "earthquake"], "ability": "Sturdy", "evs": {"hp": 85, "atk": 85, "def": 85, "spa": 85, "spd": 85, "spe": 85}, "ivs": {"hp": 31, "atk": 31, "def": 31, "spa": 31, "spd": 31, "spe": 31}, "item": "Custap Berry", "teraType": "Grass", "role": "Bulky Attacker", "bvs": {"hp": 80, "atk": 120, "def": 130, "spa": 55, "spd": 65, "spe": 45}, "stats": {"hp": 281, "atk": 259, "def": 276, "spa": 145, "spd": 163, "spe": 128}, "types": ["Rock", "Ground"]}, "Slowbro": {"name": "Slowbro", "species": "Slowbro", "speciesId": "slowbro", "gender": "M", "shiny": false, "level": 85, "moves": ["slackoff", "scald", "bodypress", "irondefense"], "ability": "Regenerator", "evs": {"hp": 85, "atk": 0, "def": 85, "spa": 85, "spd": 85, "spe": 85}, "ivs": {"hp": 31, "atk": 0, "def": 31, "spa": 31, "spd": 31, "spe": 31}, "item": "Leftovers", "teraType": "Fighting", "role": "Bulky Setup", "bvs": {"hp": 95, "atk": 75, "def": 110, "spa": 100, "spd": 80, "spe": 30}, "stats": {"hp": 300, "atk": 132, "def": 236, "spa": 219, "spd": 185, "spe": 100}, "types": ["Water", "Psychic"]}, "Avalugg": {"name": "Avalugg", "species": "Avalugg", "speciesId": "avalugg", "gender": "M", "shiny": false, "level": 88, "moves": ["bodypress", "rapidspin", "avalanche", "recover"], "ability": "Sturdy", "evs": {"hp": 85, "atk": 85, "def": 85, "spa": 85, "spd": 85, "spe": 85}, "ivs": {"hp": 31, "atk": 31, "def": 31, "spa": 31, "spd": 31, "spe": 31}, "item": "Heavy-Duty Boots", "teraType": "Fighting", "role": "Bulky Support", "bvs": {"hp": 95, "atk": 117, "def": 184, "spa": 44, "spd": 46, "spe": 28}, "stats": {"hp": 310, "atk": 256, "def": 374, "spa": 128, "spd": 131, "spe": 100}, "types": ["Ice"]}}, {"Rayquaza": {"name": "Rayquaza", "species": "Rayquaza", "speciesId": "rayquaza", "gender": "N", "shiny": false, "level": 72, "moves": ["dragonascent", "extremespeed", "uturn", "earthquake"], "ability": "Air Lock", "evs": {"hp": 85, "atk": 85, "def": 85, "spa": 85, "spd": 85, "spe": 85}, "ivs": {"hp": 31, "atk": 31, "def": 31, "spa": 31, "spd": 31, "spe": 31}, "item": "Choice Band", "teraType": "Normal", "role": "Fast Attacker", "bvs": {"hp": 105, "atk": 150, "def": 90, "spa": 150, "spd": 90, "spe": 95}, "stats": {"hp": 270, "atk": 258, "def": 172, "spa": 258, "spd": 172, "spe": 179}, "types": ["Dragon", "Flying"]}, "Carbink": {"name": "Carbink", "species": "Carbink", "speciesId": "carbink", "gender": "N", "shiny": false, "level": 90, "moves": ["irondefense", "rest", "bodypress", "moonblast"], "ability": "Sturdy", "evs": {"hp": 85, "atk": 0, "def": 85, "spa": 85, "spd": 85, "spe": 85}, "ivs": {"hp": 31, "atk": 0, "def": 31, "spa": 31, "spd": 31, "spe": 31}, "item": "Chesto Berry", "teraType": "Fighting", "role": "Fast Bulky Setup", "bvs": {"hp": 50, "atk": 50, "def": 150, "spa": 50, "spd": 150, "spe": 50}, "stats": {"hp": 236, "atk": 95, "def": 321, "spa": 141, "spd": 321, "spe": 141}, "types": ["Rock", "Fairy"]}, "Camerupt": {"name": "Camerupt", "species": "Camerupt", "speciesId": "camerupt", "gender": "F", "shiny": false, "level": 91, "moves": ["overheat", "earthquake", "stealthrock", "roar"], "ability": "Solid Rock", "evs": {"hp": 85, "atk": 85, "def": 85, "spa": 85, "spd": 85, "spe": 85}, "ivs": {"hp": 31, "atk": 31, "def": 31, "spa": 31, "spd": 31, "spe": 31}, "item": "Leftovers", "teraType": "Grass", "role": "Bulky Support", "bvs": {"hp": 70, "atk": 100, "def": 70, "spa": 105, "spd": 75, "spe": 40}, "stats": {"hp": 275, "atk": 234, "def": 179, "spa": 243, "spd": 188, "spe": 125}, "types": ["Fire", "Ground"]}, "Toxtricity": {"name": "Toxtricity", "species": "Toxtricity", "speciesId": "toxtricity", "gender": "M", "shiny": false, "level": 82, "moves": ["overdrive", "sludgewave", "boomburst", "voltswitch"], "ability": "Punk Rock", "evs": {"hp": 85, "atk": 0, "def": 85, "spa": 85, "spd": 85, "spe": 85}, "ivs": {"hp": 31, "atk": 0, "def": 31, "spa": 31, "spd": 31, "spe": 31}, "item": "Choice Scarf", "teraType": "Normal", "role": "Fast Attacker", "bvs": {"hp": 75, "atk": 98, "def": 70, "spa": 114, "spd": 70, "spe": 75}, "stats": {"hp": 257, "atk": 165, "def": 162, "spa": 234, "spd": 162, "spe": 170}, "types": ["Electric", "Poison"]}, "Lumineon": {"name": "Lumineon", "species": "Lumineon", "speciesId": "lumineon", "gender": "M", "shiny": false, "level": 93, "moves": ["encore", "uturn", "hydropump", "icebeam"], "ability": "Storm Drain", "evs": {"hp": 85, "atk": 85, "def": 85, "spa": 85, "spd": 85, "spe": 85}, "ivs": {"hp": 31, "atk": 31, "def": 31, "spa": 31, "spd": 31, "spe": 31}, "item": "Heavy-Duty Boots", "teraType": "Dragon", "role": "Fast Support", "bvs": {"hp": 69, "atk": 69, "def": 76, "spa": 69, "spd": 86, "spe": 91}, "stats": {"hp": 279, "atk": 181, "def": 194, "spa": 181, "spd": 213, "spe": 222}, "types": ["Water"]}, "Meowstic": {"name": "Meowstic", "species": "Meowstic-F", "speciesId": "meowsticf", "gender": "F", "shiny": false, "level": 89, "moves": ["nastyplot", "alluringvoice", "psychic", "thunderbolt"], "ability": "Competitive", "evs": {"hp": 85, "atk": 0, "def": 85, "spa": 85, "spd": 85, "spe": 85}, "ivs": {"hp": 31, "atk": 0, "def": 31, "spa": 31, "spd": 31, "spe": 31}, "item": "Life Orb", "teraType": "Fairy", "role": "Setup Sweeper", "bvs": {"hp": 74, "atk": 48, "def": 76, "spa": 83, "spd": 81, "spe": 104}, "stats": {"hp": 277, "atk": 90, "def": 186, "spa": 199, "spd": 195, "spe": 236}, "types": ["Psychic"]}}]}