{"id": "gen9randombattle-2641578877", "format": "[Gen 9] Random Battle", "players": ["lottoboy4", "umbreon33"], "log": "|j|\u2606lottoboy4\n|j|\u2606umbreon33\n|t:|1782812039\n|gametype|singles\n|player|p1|lottoboy4|1|1834\n|player|p2|umbreon33|caitlin|1906\n|gen|9\n|tier|[Gen 9] Random Battle\n|rated|\n|rule|Species Clause: Limit one of each Pok\u00e9mon\n|rule|HP Percentage Mod: HP is shown in percentages\n|rule|Sleep Clause Mod: Limit one foe put to sleep\n|rule|Illusion Level Mod: Illusion disguises the Pok\u00e9mon's true level\n|\n|t:|1782812039\n|teamsize|p1|6\n|teamsize|p2|6\n|start\n|switch|p1a: Gastrodon|Gastrodon, L86, M|331/331\n|switch|p2a: Iron Valiant|Iron Valiant, L78|244/244\n|turn|1\n|inactive|Battle timer is ON: inactive players will automatically lose when time's up. (requested by umbreon33)\n|inactive|umbreon33 has 120 seconds left.\n|\n|t:|1782812075\n|move|p2a: Iron Valiant|Knock Off|p1a: Gastrodon\n|-damage|p1a: Gastrodon|218/331\n|-enditem|p1a: Gastrodon|Leftovers|[from] move: Knock Off|[of] p2a: Iron Valiant\n|-damage|p2a: Iron Valiant|220/244|[from] item: Life Orb\n|move|p1a: Gastrodon|Sludge Bomb|p2a: Iron Valiant\n|-supereffective|p2a: Iron Valiant\n|-damage|p2a: Iron Valiant|42/244\n|-status|p2a: Iron Valiant|psn\n|\n|-damage|p2a: Iron Valiant|12/244 psn|[from] psn\n|upkeep\n|turn|2\n|\n|t:|1782812084\n|move|p2a: Iron Valiant|Close Combat|p1a: Gastrodon\n|-damage|p1a: Gastrodon|0 fnt\n|-unboost|p2a: Iron Valiant|def|1\n|-unboost|p2a: Iron Valiant|spd|1\n|faint|p1a: Gastrodon\n|-damage|p2a: Iron Valiant|0 fnt|[from] item: Life Orb\n|faint|p2a: Iron Valiant\n|-end|p2a: Iron Valiant|Quark Drive|[silent]\n|\n|upkeep\n|\n|t:|1782812106\n|switch|p2a: Mamoswine|Mamoswine, L81, F|311/311\n|switch|p1a: Weavile|Weavile, L79, F|240/240\n|turn|3\n|\n|t:|1782812117\n|switch|p1a: Keldeo|Keldeo-Resolute, L79|273/273\n|move|p2a: Mamoswine|Stealth Rock|p1a: Keldeo\n|-sidestart|p1: lottoboy4|move: Stealth Rock\n|\n|upkeep\n|turn|4\n|\n|t:|1782812125\n|switch|p2a: Cramorant|Cramorant, L86, M|261/261\n|move|p1a: Keldeo|Calm Mind|p1a: Keldeo\n|-boost|p1a: Keldeo|spa|1\n|-boost|p1a: Keldeo|spd|1\n|\n|upkeep\n|turn|5\n|\n|t:|1782812140\n|switch|p1a: Dudunsparce|Dudunsparce-Three-Segment, L83, M|343/343\n|-damage|p1a: Dudunsparce|301/343|[from] Stealth Rock\n|move|p2a: Cramorant|Brave Bird|p1a: Dudunsparce\n|-damage|p1a: Dudunsparce|165/343\n|-damage|p2a: Cramorant|216/261|[from] Recoil\n|\n|-heal|p1a: Dudunsparce|186/343|[from] item: Leftovers\n|upkeep\n|turn|6\n|inactive|umbreon33 has 120 seconds left.\n|\n|t:|1782812185\n|switch|p2a: Mamoswine|Mamoswine, L81, F|311/311\n|move|p1a: Dudunsparce|Roost|p1a: Dudunsparce\n|-heal|p1a: Dudunsparce|343/343\n|-singleturn|p1a: Dudunsparce|move: Roost\n|\n|upkeep\n|turn|7\n|\n|t:|1782812193\n|move|p2a: Mamoswine|Earthquake|p1a: Dudunsparce\n|-damage|p1a: Dudunsparce|166/343\n|-damage|p2a: Mamoswine|280/311|[from] item: Life Orb\n|move|p1a: Dudunsparce|Boomburst|p2a: Mamoswine\n|-crit|p2a: Mamoswine\n|-damage|p2a: Mamoswine|27/311\n|\n|-heal|p1a: Dudunsparce|187/343|[from] item: Leftovers\n|upkeep\n|turn|8\n|\n|t:|1782812199\n|move|p2a: Mamoswine|Earthquake|p1a: Dudunsparce\n|-damage|p1a: Dudunsparce|0 fnt\n|faint|p1a: Dudunsparce\n|-damage|p2a: Mamoswine|0 fnt|[from] item: Life Orb\n|faint|p2a: Mamoswine\n|\n|upkeep\n|\n|t:|1782812208\n|switch|p2a: Persian|Persian, L92, M|269/269\n|switch|p1a: Weavile|Weavile, L79, F|240/240\n|turn|9\n|\n|t:|1782812216\n|switch|p1a: Okidogi|Okidogi, L77, M|262/262\n|-damage|p1a: Okidogi|246/262|[from] Stealth Rock\n|move|p2a: Persian|Fake Out|p1a: Okidogi\n|-damage|p1a: Okidogi|186/262\n|\n|upkeep\n|turn|10\n|inactive|umbreon33 has 120 seconds left.\n|\n|t:|1782812251\n|move|p2a: Persian|U-turn|p1a: Okidogi\n|-resisted|p1a: Okidogi\n|-damage|p1a: Okidogi|177/262\n|\n|t:|1782812255\n|switch|p2a: Cramorant|Cramorant, L86, M|216/261|[from] U-turn\n|move|p1a: Okidogi|Gunk Shot|p2a: Cramorant\n|-damage|p2a: Cramorant|32/261\n|\n|upkeep\n|turn|11\n|\n|t:|1782812268\n|switch|p1a: Weavile|Weavile, L79, F|240/240\n|move|p2a: Cramorant|Surf|p1a: Weavile\n|-formechange|p2a: Cramorant|Cramorant-Gorging|\n|-damage|p1a: Weavile|138/240\n|\n|upkeep\n|turn|12\n|\n|t:|1782812275\n|move|p1a: Weavile|Ice Shard|p2a: Cramorant\n|-damage|p2a: Cramorant|0 fnt\n|-damage|p1a: Weavile|78/240|[from] ability: Gulp Missile|[of] p2a: Cramorant\n|-status|p1a: Weavile|par\n|-formechange|p2a: Cramorant|Cramorant|\n|faint|p2a: Cramorant\n|\n|upkeep\n|inactive|umbreon33 has 120 seconds left.\n|\n|t:|1782812292\n|switch|p2a: Persian|Persian, L92, M|269/269\n|turn|13\n|\n|t:|1782812303\n|move|p2a: Persian|Fake Out|p1a: Weavile\n|-damage|p1a: Weavile|0 fnt\n|faint|p1a: Weavile\n|\n|upkeep\n|\n|t:|1782812315\n|switch|p1a: Okidogi|Okidogi, L77, M|177/262\n|-damage|p1a: Okidogi|161/262|[from] Stealth Rock\n|turn|14\n|inactive|umbreon33 has 120 seconds left.\n|\n|t:|1782812338\n|-terastallize|p2a: Persian|Normal\n|move|p2a: Persian|Double-Edge|p1a: Okidogi\n|-damage|p1a: Okidogi|0 fnt\n|faint|p1a: Okidogi\n|-damage|p2a: Persian|216/269|[from] Recoil\n|\n|upkeep\n|\n|t:|1782812350\n|switch|p1a: Keldeo|Keldeo-Resolute, L79|273/273\n|-damage|p1a: Keldeo|256/273|[from] Stealth Rock\n|turn|15\n|\n|t:|1782812354\n|switch|p2a: Kilowattrel|Kilowattrel, L83, M|252/252\n|move|p1a: Keldeo|Secret Sword|p2a: Kilowattrel\n|-resisted|p2a: Kilowattrel\n|-damage|p2a: Kilowattrel|164/252\n|-damage|p1a: Keldeo|229/273|[from] item: Life Orb\n|\n|upkeep\n|turn|16\n|inactive|lottoboy4 has 120 seconds left.\n|\n|t:|1782812402\n|-terastallize|p1a: Keldeo|Fighting\n|move|p2a: Kilowattrel|Discharge|p1a: Keldeo\n|-damage|p1a: Keldeo|135/273\n|move|p1a: Keldeo|Hydro Pump|p2a: Kilowattrel\n|-damage|p2a: Kilowattrel|0 fnt\n|faint|p2a: Kilowattrel\n|-damage|p1a: Keldeo|108/273|[from] item: Life Orb\n|\n|upkeep\n|inactive|umbreon33 has 120 seconds left.\n|\n|t:|1782812434\n|switch|p2a: Persian|Persian, L92, M, tera:Normal|216/269\n|turn|17\n|\n|t:|1782812438\n|move|p2a: Persian|Fake Out|p1a: Keldeo\n|-damage|p1a: Keldeo|12/273\n|cant|p1a: Keldeo|flinch\n|\n|upkeep\n|turn|18\n|\n|t:|1782812445\n|move|p1a: Keldeo|Vacuum Wave|p2a: Persian\n|-supereffective|p2a: Persian\n|-damage|p2a: Persian|13/269\n|-damage|p1a: Keldeo|0 fnt|[from] item: Life Orb\n|faint|p1a: Keldeo\n|move|p2a: Persian|Double-Edge|p1: Keldeo|[notarget]\n|-fail|p2a: Persian\n|\n|upkeep\n|\n|t:|1782812453\n|switch|p1a: Seviper|Seviper, L93, M|287/287\n|-damage|p1a: Seviper|252/287|[from] Stealth Rock\n|turn|19\n|\n|t:|1782812459\n|move|p2a: Persian|Double-Edge|p1a: Seviper\n|-damage|p1a: Seviper|38/287\n|-damage|p2a: Persian|0 fnt|[from] Recoil\n|faint|p2a: Persian\n|move|p1a: Seviper|Swords Dance|p1a: Seviper\n|-boost|p1a: Seviper|atk|2\n|\n|-heal|p1a: Seviper|55/287|[from] item: Leftovers\n|upkeep\n|\n|t:|1782812462\n|switch|p2a: Kingambit|Kingambit, L74, F|270/270\n|-activate|p2a: Kingambit|ability: Supreme Overlord\n|-start|p2a: Kingambit|fallen5|[silent]\n|turn|20\n|\n|t:|1782812471\n|move|p2a: Kingambit|Sucker Punch||[still]\n|-fail|p2a: Kingambit\n|move|p1a: Seviper|Swords Dance|p1a: Seviper\n|-boost|p1a: Seviper|atk|2\n|\n|-heal|p1a: Seviper|72/287|[from] item: Leftovers\n|upkeep\n|turn|21\n|inactive|umbreon33 has 120 seconds left.\n|c|\u2606lottoboy4|GG\n|c|\u2606umbreon33|GG are u gonna attack or swords dance\n|inactive|umbreon33 has 90 seconds left.\n|c|\u2606lottoboy4|I don't know\n|c|\u2606umbreon33|Ummm\n|c|\u2606lottoboy4|Are you gonna sucker or attack\n|c|\u2606lottoboy4|This is so fun\n|c|\u2606umbreon33|I think I\u2019m gonna sucker\n|inactive|umbreon33 has 60 seconds left.\n|\n|t:|1782812566\n|move|p2a: Kingambit|Sucker Punch||[still]\n|-fail|p2a: Kingambit\n|move|p1a: Seviper|Swords Dance|p1a: Seviper\n|-boost|p1a: Seviper|atk|2\n|\n|-heal|p1a: Seviper|89/287|[from] item: Leftovers\n|upkeep\n|turn|22\n|c|\u2606lottoboy4|Okay\n|inactive|umbreon33 has 60 seconds left.\n|c|\u2606lottoboy4|How about now\n|c|\u2606umbreon33|This time I\u2019m def gonna sucker\n|c|\u2606umbreon33|Third times charm\n|c|\u2606umbreon33|;)\n|\n|t:|1782812602\n|move|p2a: Kingambit|Sucker Punch||[still]\n|-fail|p2a: Kingambit\n|move|p1a: Seviper|Swords Dance|p1a: Seviper\n|-boost|p1a: Seviper|atk|0\n|\n|-heal|p1a: Seviper|106/287|[from] item: Leftovers\n|upkeep\n|turn|23\n|c|\u2606umbreon33|Gosh\n|c|\u2606lottoboy4|Oh damn\n|inactive|lottoboy4 has 120 seconds left.\n|\n|t:|1782812630\n|move|p2a: Kingambit|Sucker Punch||[still]\n|-fail|p2a: Kingambit\n|move|p1a: Seviper|Swords Dance|p1a: Seviper\n|-boost|p1a: Seviper|atk|0\n|\n|-heal|p1a: Seviper|123/287|[from] item: Leftovers\n|upkeep\n|turn|24\n|c|\u2606lottoboy4|Ayoooo\n|c|\u2606lottoboy4|This crazy\n|c|\u2606umbreon33|Alright I\u2019ve had it. This time I\u2019m attacking\n|inactive|umbreon33 has 30 seconds left.\n|\n|t:|1782812650\n|move|p2a: Kingambit|Sucker Punch||[still]\n|-fail|p2a: Kingambit\n|move|p1a: Seviper|Swords Dance|p1a: Seviper\n|-boost|p1a: Seviper|atk|0\n|\n|-heal|p1a: Seviper|140/287|[from] item: Leftovers\n|upkeep\n|turn|25\n|inactive|umbreon33 has 30 seconds left.\n|c|\u2606lottoboy4|\ud83e\udd23\ud83e\udd23\ud83e\udd23\n|c|\u2606umbreon33|FUCKKK I ATTACKED AND CANCELLED\n|c|\u2606lottoboy4|Nah you aint\n|inactive|umbreon33 has 20 seconds left.\n|c|\u2606umbreon33|Alright\n|inactive|umbreon33 has 15 seconds left.\n|c|\u2606umbreon33|Enough games\n|\n|t:|1782812674\n|move|p1a: Seviper|Earthquake|p2a: Kingambit\n|-supereffective|p2a: Kingambit\n|-damage|p2a: Kingambit|0 fnt\n|faint|p2a: Kingambit\n|-end|p2a: Kingambit|fallen5|[silent]\n|\n|win|lottoboy4\n", "inputlog": ">version f8ac14003a5f27e1bdc8d8c59608a773c1cb96e5\n>start {\"formatid\":\"gen9randombattle\",\"seed\":\"sodium,1c80a15995219fc7690e652db01bc718\",\"rated\":\"Rated battle\"}\n>player p1 {\"name\":\"lottoboy4\",\"avatar\":\"1\",\"rating\":1834,\"seed\":\"sodium,97b9305dee9276fa3861674acca3f9d9\"}\n>player p2 {\"name\":\"umbreon33\",\"avatar\":\"caitlin\",\"rating\":1906,\"seed\":\"sodium,814281401ab2e8cdacc16aec3270cf57\"}\n>p1 move sludgebomb\n>p2 move knockoff\n>p1 move stealthrock\n>p2 move closecombat\n>p1 switch 6\n>p2 switch 2\n>p1 switch 5\n>p2 move stealthrock\n>p1 move calmmind\n>p2 switch 6\n>p1 switch 2\n>p2 move bravebird\n>p1 move roost\n>p2 switch 6\n>p1 move boomburst\n>p2 move earthquake\n>p1 move roost\n>p2 move earthquake\n>p1 switch 5\n>p2 switch 3\n>p1 switch 3\n>p2 move fakeout\n>p1 move gunkshot\n>p2 move uturn\n>p2 switch 6\n>p1 switch 3\n>p2 move surf\n>p1 move iceshard\n>p2 move roost\n>p2 switch 6\n>p1 move iceshard\n>p2 move fakeout\n>p1 switch 3\n>p1 move drainpunch\n>p2 move doubleedge terastallize\n>p1 switch 2\n>p1 move secretsword\n>p2 switch 4\n>p1 move hydropump terastallize\n>p2 move discharge\n>p2 switch 4\n>p1 move vacuumwave\n>p2 move fakeout\n>p1 move vacuumwave\n>p2 move doubleedge\n>p1 switch 4\n>p1 move swordsdance\n>p2 move doubleedge\n>p2 switch 5\n>p1 move swordsdance\n>p2 move suckerpunch\n>chat \u2606lottoboy4|GG\n>chat \u2606umbreon33|GG are u gonna attack or swords dance \n>chat \u2606lottoboy4|I don't know\n>chat \u2606umbreon33|Ummm \n>chat \u2606lottoboy4|Are you gonna sucker or attack\n>chat \u2606lottoboy4|This is so fun\n>chat \u2606umbreon33|I think I\u2019m gonna sucker \n>p1 move swordsdance\n>p2 move suckerpunch\n>chat \u2606lottoboy4|Okay\n>chat \u2606lottoboy4|How about now\n>chat \u2606umbreon33|This time I\u2019m def gonna sucker \n>chat \u2606umbreon33|Third times charm\n>chat \u2606umbreon33|;)\n>p1 move swordsdance\n>p2 move suckerpunch\n>chat \u2606umbreon33|Gosh \n>chat \u2606lottoboy4|Oh damn\n>p1 move swordsdance\n>p2 move suckerpunch\n>chat \u2606lottoboy4|Ayoooo\n>chat \u2606lottoboy4|This crazy\n>chat \u2606umbreon33|Alright I\u2019ve had it. This time I\u2019m attacking\n>p1 move swordsdance\n>p2 move suckerpunch\n>chat \u2606lottoboy4|\ud83e\udd23\ud83e\udd23\ud83e\udd23\n>chat \u2606umbreon33|FUCKKK I ATTACKED AND CANCELLED\n>chat \u2606lottoboy4|Nah you aint\n>chat \u2606umbreon33|Alright \n>chat \u2606umbreon33|Enough games\n>p1 move earthquake\n>p2 move kowtowcleave", "uploadtime": 1782812658, "views": 6, "formatid": "gen9randombattle", "rating": null, "private": 0, "password": null, "player_dets": [{"name": "lottoboy4", "avatar": "1", "rating": 1834, "seed": "sodium,97b9305dee9276fa3861674acca3f9d9"}, {"name": "umbreon33", "avatar": "caitlin", "rating": 1906, "seed": "sodium,814281401ab2e8cdacc16aec3270cf57"}], "teams_full": [{"Gastrodon": {"name": "Gastrodon", "species": "Gastrodon", "speciesId": "gastrodon", "gender": "M", "shiny": false, "level": 86, "moves": ["earthquake", "stealthrock", "sludgebomb", "recover"], "ability": "Storm Drain", "evs": {"hp": 85, "atk": 85, "def": 85, "spa": 85, "spd": 85, "spe": 85}, "ivs": {"hp": 31, "atk": 31, "def": 31, "spa": 31, "spd": 31, "spe": 31}, "item": "Leftovers", "teraType": "Poison", "role": "Bulky Support", "bvs": {"hp": 111, "atk": 83, "def": 68, "spa": 92, "spd": 82, "spe": 39}, "stats": {"hp": 331, "atk": 192, "def": 166, "spa": 207, "spd": 190, "spe": 116}, "types": ["Water", "Ground"]}, "Dudunsparce": {"name": "Dudunsparce", "species": "Dudunsparce-Three-Segment", "speciesId": "dudunsparce", "gender": "M", "shiny": false, "level": 83, "moves": ["roost", "boomburst", "calmmind", "earthpower"], "ability": "Rattled", "evs": {"hp": 85, "atk": 0, "def": 85, "spa": 85, "spd": 85, "spe": 85}, "ivs": {"hp": 31, "atk": 0, "def": 31, "spa": 31, "spd": 31, "spe": 31}, "item": "Leftovers", "teraType": "Poison", "role": "Bulky Setup", "bvs": {"hp": 125, "atk": 100, "def": 80, "spa": 85, "spd": 75, "spe": 55}, "stats": {"hp": 343, "atk": 171, "def": 180, "spa": 189, "spd": 172, "spe": 139}, "types": ["Normal"]}, "Okidogi": {"name": "Okidogi", "species": "Okidogi", "speciesId": "okidogi", "gender": "M", "shiny": false, "level": 77, "moves": ["knockoff", "gunkshot", "psychicfangs", "drainpunch"], "ability": "Toxic Chain", "evs": {"hp": 85, "atk": 85, "def": 85, "spa": 85, "spd": 85, "spe": 85}, "ivs": {"hp": 31, "atk": 31, "def": 31, "spa": 31, "spd": 31, "spe": 31}, "item": "Assault Vest", "teraType": "Dark", "role": "AV Pivot", "bvs": {"hp": 88, "atk": 128, "def": 115, "spa": 58, "spd": 86, "spe": 80}, "stats": {"hp": 262, "atk": 242, "def": 222, "spa": 134, "spd": 177, "spe": 168}, "types": ["Poison", "Fighting"]}, "Seviper": {"name": "Seviper", "species": "Seviper", "speciesId": "seviper", "gender": "M", "shiny": false, "level": 93, "moves": ["trailblaze", "swordsdance", "earthquake", "gunkshot"], "ability": "Shed Skin", "evs": {"hp": 85, "atk": 85, "def": 85, "spa": 85, "spd": 85, "spe": 85}, "ivs": {"hp": 31, "atk": 31, "def": 31, "spa": 31, "spd": 31, "spe": 31}, "item": "Leftovers", "teraType": "Grass", "role": "Bulky Setup", "bvs": {"hp": 73, "atk": 100, "def": 60, "spa": 100, "spd": 60, "spe": 65}, "stats": {"hp": 287, "atk": 239, "def": 164, "spa": 239, "spd": 164, "spe": 174}, "types": ["Poison"]}, "Keldeo": {"name": "Keldeo", "species": "Keldeo-Resolute", "speciesId": "keldeoresolute", "gender": "N", "shiny": false, "level": 79, "moves": ["hydropump", "calmmind", "vacuumwave", "secretsword"], "ability": "Justified", "evs": {"hp": 85, "atk": 0, "def": 85, "spa": 85, "spd": 85, "spe": 85}, "ivs": {"hp": 31, "atk": 0, "def": 31, "spa": 31, "spd": 31, "spe": 31}, "item": "Life Orb", "teraType": "Fighting", "role": "Fast Attacker", "bvs": {"hp": 91, "atk": 72, "def": 90, "spa": 129, "spd": 90, "spe": 108}, "stats": {"hp": 273, "atk": 118, "def": 188, "spa": 249, "spd": 188, "spe": 216}, "types": ["Water", "Fighting"]}, "Weavile": {"name": "Weavile", "species": "Weavile", "speciesId": "weavile", "gender": "F", "shiny": false, "level": 79, "moves": ["iceshard", "tripleaxel", "swordsdance", "knockoff"], "ability": "Pickpocket", "evs": {"hp": 85, "atk": 85, "def": 85, "spa": 85, "spd": 85, "spe": 85}, "ivs": {"hp": 31, "atk": 31, "def": 31, "spa": 31, "spd": 31, "spe": 31}, "item": "Heavy-Duty Boots", "teraType": "Ice", "role": "Fast Attacker", "bvs": {"hp": 70, "atk": 120, "def": 65, "spa": 45, "spd": 85, "spe": 125}, "stats": {"hp": 240, "atk": 235, "def": 148, "spa": 117, "spd": 180, "spe": 243}, "types": ["Dark", "Ice"]}}, {"Iron Valiant": {"name": "Iron Valiant", "species": "Iron Valiant", "speciesId": "ironvaliant", "gender": "N", "shiny": false, "level": 78, "moves": ["closecombat", "spiritbreak", "knockoff", "swordsdance"], "ability": "Quark Drive", "evs": {"hp": 85, "atk": 85, "def": 85, "spa": 85, "spd": 85, "spe": 85}, "ivs": {"hp": 31, "atk": 31, "def": 31, "spa": 31, "spd": 31, "spe": 31}, "item": "Life Orb", "teraType": "Dark", "role": "Setup Sweeper", "bvs": {"hp": 74, "atk": 130, "def": 90, "spa": 120, "spd": 60, "spe": 116}, "stats": {"hp": 244, "atk": 248, "def": 185, "spa": 232, "spd": 139, "spe": 226}, "types": ["Fairy", "Fighting"]}, "Mamoswine": {"name": "Mamoswine", "species": "Mamoswine", "speciesId": "mamoswine", "gender": "F", "shiny": false, "level": 81, "moves": ["iciclecrash", "stealthrock", "earthquake", "iceshard"], "ability": "Thick Fat", "evs": {"hp": 85, "atk": 85, "def": 85, "spa": 85, "spd": 85, "spe": 85}, "ivs": {"hp": 31, "atk": 31, "def": 31, "spa": 31, "spd": 31, "spe": 31}, "item": "Life Orb", "teraType": "Ice", "role": "Wallbreaker", "bvs": {"hp": 110, "atk": 130, "def": 80, "spa": 70, "spd": 60, "spe": 80}, "stats": {"hp": 311, "atk": 257, "def": 176, "spa": 160, "spd": 144, "spe": 176}, "types": ["Ice", "Ground"]}, "Persian": {"name": "Persian", "species": "Persian", "speciesId": "persian", "gender": "M", "shiny": false, "level": 92, "moves": ["fakeout", "knockoff", "uturn", "doubleedge"], "ability": "Technician", "evs": {"hp": 85, "atk": 85, "def": 85, "spa": 85, "spd": 85, "spe": 85}, "ivs": {"hp": 31, "atk": 31, "def": 31, "spa": 31, "spd": 31, "spe": 31}, "item": "Silk Scarf", "teraType": "Normal", "role": "Fast Attacker", "bvs": {"hp": 65, "atk": 70, "def": 60, "spa": 65, "spd": 65, "spe": 115}, "stats": {"hp": 269, "atk": 181, "def": 163, "spa": 172, "spd": 172, "spe": 264}, "types": ["Normal"]}, "Kilowattrel": {"name": "Kilowattrel", "species": "Kilowattrel", "speciesId": "kilowattrel", "gender": "M", "shiny": false, "level": 83, "moves": ["hurricane", "discharge", "roost", "uturn"], "ability": "Volt Absorb", "evs": {"hp": 85, "atk": 85, "def": 85, "spa": 85, "spd": 85, "spe": 85}, "ivs": {"hp": 31, "atk": 31, "def": 31, "spa": 31, "spd": 31, "spe": 31}, "item": "Heavy-Duty Boots", "teraType": "Steel", "role": "Bulky Attacker", "bvs": {"hp": 70, "atk": 70, "def": 60, "spa": 105, "spd": 60, "spe": 125}, "stats": {"hp": 252, "atk": 164, "def": 147, "spa": 222, "spd": 147, "spe": 255}, "types": ["Electric", "Flying"]}, "Kingambit": {"name": "Kingambit", "species": "Kingambit", "speciesId": "kingambit", "gender": "F", "shiny": false, "level": 74, "moves": ["suckerpunch", "swordsdance", "kowtowcleave", "ironhead"], "ability": "Supreme Overlord", "evs": {"hp": 85, "atk": 85, "def": 85, "spa": 85, "spd": 85, "spe": 85}, "ivs": {"hp": 31, "atk": 31, "def": 31, "spa": 31, "spd": 31, "spe": 31}, "item": "Leftovers", "teraType": "Dark", "role": "Bulky Attacker", "bvs": {"hp": 100, "atk": 135, "def": 120, "spa": 60, "spd": 85, "spe": 50}, "stats": {"hp": 270, "atk": 243, "def": 221, "spa": 132, "spd": 169, "spe": 117}, "types": ["Dark", "Steel"]}, "Cramorant": {"name": "Cramorant", "species": "Cramorant", "speciesId": "cramorant", "gender": "M", "shiny": false, "level": 86, "moves": ["bravebird", "defog", "roost", "surf"], "ability": "Gulp Missile", "evs": {"hp": 85, "atk": 85, "def": 85, "spa": 85, "spd": 85, "spe": 85}, "ivs": {"hp": 31, "atk": 31, "def": 31, "spa": 31, "spd": 31, "spe": 31}, "item": "Heavy-Duty Boots", "teraType": "Ground", "role": "Bulky Support", "bvs": {"hp": 70, "atk": 85, "def": 55, "spa": 85, "spd": 95, "spe": 85}, "stats": {"hp": 261, "atk": 195, "def": 144, "spa": 195, "spd": 213, "spe": 195}, "types": ["Flying", "Water"]}}]}