{"id": "gen9randombattle-2641512502", "format": "[Gen 9] Random Battle", "players": ["killerindisguise", "PhantomSnorlax"], "log": "|j|\u2606killerindisguise\n|j|\u2606PhantomSnorlax\n|t:|1782797907\n|gametype|singles\n|player|p1|killerindisguise|101|1548\n|player|p2|PhantomSnorlax|pokemonbreeder-gen4|1570\n|gen|9\n|tier|[Gen 9] Random Battle\n|rated|\n|rule|Species Clause: Limit one of each Pok\u00e9mon\n|rule|HP Percentage Mod: HP is shown in percentages\n|rule|Sleep Clause Mod: Limit one foe put to sleep\n|rule|Illusion Level Mod: Illusion disguises the Pok\u00e9mon's true level\n|\n|t:|1782797907\n|teamsize|p1|6\n|teamsize|p2|6\n|start\n|switch|p1a: Inteleon|Inteleon, L81, F|246/246\n|switch|p2a: Kilowattrel|Kilowattrel, L83, F|252/252\n|turn|1\n|inactive|Battle timer is ON: inactive players will automatically lose when time's up. (requested by PhantomSnorlax)\n|\n|t:|1782797927\n|switch|p1a: Snorlax|Snorlax, L82, F|397/397\n|move|p2a: Kilowattrel|U-turn|p1a: Snorlax\n|-damage|p1a: Snorlax|346/397\n|\n|t:|1782797941\n|switch|p2a: Armarouge|Armarouge, L80, M|267/267|[from] U-turn\n|\n|-heal|p1a: Snorlax|370/397|[from] item: Leftovers\n|upkeep\n|turn|2\n|\n|t:|1782797956\n|move|p2a: Armarouge|Meteor Beam||[still]\n|-prepare|p2a: Armarouge|Meteor Beam\n|-boost|p2a: Armarouge|spa|1\n|-enditem|p2a: Armarouge|Power Herb\n|-anim|p2a: Armarouge|Meteor Beam|p1a: Snorlax\n|-damage|p1a: Snorlax|249/397\n|move|p1a: Snorlax|Earthquake|p2a: Armarouge\n|-supereffective|p2a: Armarouge\n|-damage|p2a: Armarouge|127/267\n|-ability|p2a: Armarouge|Weak Armor|boost\n|-unboost|p2a: Armarouge|def|1\n|-boost|p2a: Armarouge|spe|2\n|\n|-heal|p1a: Snorlax|273/397|[from] item: Leftovers\n|upkeep\n|turn|3\n|\n|t:|1782797965\n|move|p2a: Armarouge|Psyshock|p1a: Snorlax\n|-damage|p1a: Snorlax|99/397\n|move|p1a: Snorlax|Earthquake|p2a: Armarouge\n|-supereffective|p2a: Armarouge\n|-damage|p2a: Armarouge|0 fnt\n|faint|p2a: Armarouge\n|\n|-heal|p1a: Snorlax|123/397|[from] item: Leftovers\n|upkeep\n|\n|t:|1782797971\n|switch|p2a: Clawitzer|Clawitzer, L87, F|265/265\n|turn|4\n|inactive|killerindisguise has 120 seconds left.\n|\n|t:|1782798005\n|switch|p1a: Volcanion|Volcanion, L79|256/256\n|move|p2a: Clawitzer|Aura Sphere|p1a: Volcanion\n|-damage|p1a: Volcanion|154/256\n|\n|upkeep\n|turn|5\n|\n|t:|1782798022\n|switch|p2a: Tatsugiri|Tatsugiri, L87, F|260/260\n|move|p1a: Volcanion|Earth Power|p2a: Tatsugiri\n|-damage|p2a: Tatsugiri|197/260\n|\n|upkeep\n|turn|6\n|inactive|killerindisguise has 120 seconds left.\n|\n|t:|1782798038\n|move|p2a: Tatsugiri|Rapid Spin|p1a: Volcanion\n|-damage|p1a: Volcanion|133/256\n|-boost|p2a: Tatsugiri|spe|1\n|move|p1a: Volcanion|Earth Power|p2a: Tatsugiri\n|-damage|p2a: Tatsugiri|136/260\n|\n|upkeep\n|turn|7\n|\n|t:|1782798041\n|move|p2a: Tatsugiri|Nasty Plot|p2a: Tatsugiri\n|-boost|p2a: Tatsugiri|spa|2\n|move|p1a: Volcanion|Earth Power|p2a: Tatsugiri\n|-damage|p2a: Tatsugiri|75/260\n|\n|upkeep\n|turn|8\n|\n|t:|1782798044\n|move|p2a: Tatsugiri|Draco Meteor|p1a: Volcanion\n|-damage|p1a: Volcanion|0 fnt\n|-unboost|p2a: Tatsugiri|spa|2\n|faint|p1a: Volcanion\n|\n|upkeep\n|\n|t:|1782798057\n|switch|p1a: Espeon|Espeon, L84, M|246/246\n|turn|9\n|\n|t:|1782798069\n|move|p2a: Tatsugiri|Draco Meteor|p1a: Espeon\n|-damage|p1a: Espeon|72/246\n|-unboost|p2a: Tatsugiri|spa|2\n|move|p1a: Espeon|Alluring Voice|p2a: Tatsugiri\n|-supereffective|p2a: Tatsugiri\n|-damage|p2a: Tatsugiri|0 fnt\n|faint|p2a: Tatsugiri\n|\n|upkeep\n|\n|t:|1782798079\n|switch|p2a: Kilowattrel|Kilowattrel, L83, F|252/252\n|turn|10\n|\n|t:|1782798093\n|-terastallize|p1a: Espeon|Fairy\n|move|p2a: Kilowattrel|Discharge|p1a: Espeon\n|-damage|p1a: Espeon|0 fnt\n|faint|p1a: Espeon\n|\n|upkeep\n|\n|t:|1782798103\n|switch|p1a: Snorlax|Snorlax, L82, F|123/397\n|turn|11\n|\n|t:|1782798109\n|move|p2a: Kilowattrel|Hurricane|p1a: Snorlax|[miss]\n|-miss|p2a: Kilowattrel|p1a: Snorlax\n|move|p1a: Snorlax|Body Slam|p2a: Kilowattrel\n|-damage|p2a: Kilowattrel|134/252\n|\n|-heal|p1a: Snorlax|147/397|[from] item: Leftovers\n|upkeep\n|turn|12\n|\n|t:|1782798114\n|move|p2a: Kilowattrel|Hurricane|p1a: Snorlax|[miss]\n|-miss|p2a: Kilowattrel|p1a: Snorlax\n|move|p1a: Snorlax|Body Slam|p2a: Kilowattrel\n|-damage|p2a: Kilowattrel|13/252\n|\n|-heal|p1a: Snorlax|171/397|[from] item: Leftovers\n|upkeep\n|turn|13\n|\n|t:|1782798117\n|move|p2a: Kilowattrel|Hurricane|p1a: Snorlax|[miss]\n|-miss|p2a: Kilowattrel|p1a: Snorlax\n|move|p1a: Snorlax|Crunch|p2a: Kilowattrel\n|-damage|p2a: Kilowattrel|0 fnt\n|faint|p2a: Kilowattrel\n|\n|-heal|p1a: Snorlax|195/397|[from] item: Leftovers\n|upkeep\n|c|\u2606killerindisguise|I am sorry for u\n|\n|t:|1782798125\n|switch|p2a: Umbreon|Umbreon, L84, F|297/297\n|turn|14\n|\n|t:|1782798132\n|move|p2a: Umbreon|Toxic|p1a: Snorlax|[miss]\n|-miss|p2a: Umbreon|p1a: Snorlax\n|move|p1a: Snorlax|Body Slam|p2a: Umbreon\n|-damage|p2a: Umbreon|218/297\n|\n|-heal|p2a: Umbreon|236/297|[from] item: Leftovers\n|-heal|p1a: Snorlax|219/397|[from] item: Leftovers\n|upkeep\n|turn|15\n|c|\u2606PhantomSnorlax|Happens\n|\n|t:|1782798140\n|move|p2a: Umbreon|Toxic|p1a: Snorlax\n|-status|p1a: Snorlax|tox\n|move|p1a: Snorlax|Body Slam|p2a: Umbreon\n|-damage|p2a: Umbreon|152/297\n|\n|-heal|p2a: Umbreon|170/297|[from] item: Leftovers\n|-heal|p1a: Snorlax|243/397 tox|[from] item: Leftovers\n|-damage|p1a: Snorlax|219/397 tox|[from] psn\n|upkeep\n|turn|16\n|c|\u2606killerindisguise|ik how it feels\n|\n|t:|1782798148\n|move|p2a: Umbreon|Wish|p2a: Umbreon\n|move|p1a: Snorlax|Body Slam|p2a: Umbreon\n|-damage|p2a: Umbreon|83/297\n|\n|-heal|p2a: Umbreon|101/297|[from] item: Leftovers\n|-heal|p1a: Snorlax|243/397 tox|[from] item: Leftovers\n|-damage|p1a: Snorlax|195/397 tox|[from] psn\n|upkeep\n|turn|17\n|\n|t:|1782798151\n|move|p2a: Umbreon|Protect|p2a: Umbreon\n|-singleturn|p2a: Umbreon|Protect\n|move|p1a: Snorlax|Curse|p1a: Snorlax\n|-unboost|p1a: Snorlax|spe|1\n|-boost|p1a: Snorlax|atk|1\n|-boost|p1a: Snorlax|def|1\n|\n|-heal|p2a: Umbreon|249/297|[from] move: Wish|[wisher] Umbreon\n|-heal|p2a: Umbreon|267/297|[from] item: Leftovers\n|-heal|p1a: Snorlax|219/397 tox|[from] item: Leftovers\n|-damage|p1a: Snorlax|147/397 tox|[from] psn\n|upkeep\n|turn|18\n|\n|t:|1782798158\n|switch|p2a: Drifblim|Drifblim, L86, M|396/396\n|move|p1a: Snorlax|Body Slam|p2a: Drifblim\n|-immune|p2a: Drifblim\n|\n|-heal|p1a: Snorlax|171/397 tox|[from] item: Leftovers\n|-damage|p1a: Snorlax|75/397 tox|[from] psn\n|upkeep\n|turn|19\n|\n|t:|1782798162\n|switch|p2a: Umbreon|Umbreon, L84, F|267/297\n|move|p1a: Snorlax|Crunch|p2a: Umbreon\n|-resisted|p2a: Umbreon\n|-damage|p2a: Umbreon|228/297\n|-unboost|p2a: Umbreon|def|1\n|\n|-heal|p2a: Umbreon|246/297|[from] item: Leftovers\n|-heal|p1a: Snorlax|99/397 tox|[from] item: Leftovers\n|-damage|p1a: Snorlax|0 fnt|[from] psn\n|faint|p1a: Snorlax\n|upkeep\n|\n|t:|1782798184\n|switch|p1a: Inteleon|Inteleon, L81, F|246/246\n|turn|20\n|\n|t:|1782798188\n|move|p1a: Inteleon|U-turn|p2a: Umbreon\n|-supereffective|p2a: Umbreon\n|-damage|p2a: Umbreon|136/297\n|\n|t:|1782798198\n|switch|p1a: Weezing|Weezing, L88, M|258/258|[from] U-turn\n|move|p2a: Umbreon|Toxic|p1a: Weezing\n|-immune|p1a: Weezing\n|\n|-heal|p2a: Umbreon|154/297|[from] item: Leftovers\n|upkeep\n|turn|21\n|\n|t:|1782798208\n|move|p2a: Umbreon|Protect|p2a: Umbreon\n|-singleturn|p2a: Umbreon|Protect\n|move|p1a: Weezing|Sludge Bomb|p2a: Umbreon\n|-activate|p2a: Umbreon|move: Protect\n|\n|-heal|p2a: Umbreon|172/297|[from] item: Leftovers\n|upkeep\n|turn|22\n|\n|t:|1782798215\n|switch|p2a: Clawitzer|Clawitzer, L87, F|265/265\n|move|p1a: Weezing|Will-O-Wisp|p2a: Clawitzer\n|-status|p2a: Clawitzer|brn\n|\n|-damage|p2a: Clawitzer|249/265 brn|[from] brn\n|upkeep\n|turn|23\n|\n|t:|1782798229\n|move|p1a: Weezing|Pain Split|p2a: Clawitzer\n|-sethp|p2a: Clawitzer|253/265 brn|[from] move: Pain Split|[silent]\n|-sethp|p1a: Weezing|253/258|[from] move: Pain Split\n|move|p2a: Clawitzer|Water Pulse|p1a: Weezing\n|-damage|p1a: Weezing|112/258\n|\n|-heal|p1a: Weezing|128/258|[from] item: Leftovers\n|-damage|p2a: Clawitzer|237/265 brn|[from] brn\n|upkeep\n|turn|24\n|\n|t:|1782798244\n|move|p1a: Weezing|Pain Split|p2a: Clawitzer\n|-sethp|p2a: Clawitzer|182/265 brn|[from] move: Pain Split|[silent]\n|-sethp|p1a: Weezing|182/258|[from] move: Pain Split\n|move|p2a: Clawitzer|Water Pulse|p1a: Weezing\n|-damage|p1a: Weezing|49/258\n|\n|-heal|p1a: Weezing|65/258|[from] item: Leftovers\n|-damage|p2a: Clawitzer|166/265 brn|[from] brn\n|upkeep\n|turn|25\n|\n|t:|1782798251\n|move|p1a: Weezing|Pain Split|p2a: Clawitzer\n|-sethp|p2a: Clawitzer|115/265 brn|[from] move: Pain Split|[silent]\n|-sethp|p1a: Weezing|115/258|[from] move: Pain Split\n|move|p2a: Clawitzer|Water Pulse|p1a: Weezing\n|-damage|p1a: Weezing|0 fnt\n|faint|p1a: Weezing\n|\n|-damage|p2a: Clawitzer|99/265 brn|[from] brn\n|upkeep\n|\n|t:|1782798255\n|switch|p1a: Noctowl|Noctowl, L95, F|344/344\n|turn|26\n|\n|t:|1782798259\n|move|p1a: Noctowl|Calm Mind|p1a: Noctowl\n|-boost|p1a: Noctowl|spa|1\n|-boost|p1a: Noctowl|spd|1\n|move|p2a: Clawitzer|Water Pulse|p1a: Noctowl\n|-damage|p1a: Noctowl|271/344\n|\n|-damage|p2a: Clawitzer|83/265 brn|[from] brn\n|upkeep\n|turn|27\n|\n|t:|1782798264\n|move|p1a: Noctowl|Calm Mind|p1a: Noctowl\n|-boost|p1a: Noctowl|spa|1\n|-boost|p1a: Noctowl|spd|1\n|move|p2a: Clawitzer|U-turn|p1a: Noctowl\n|-resisted|p1a: Noctowl\n|-damage|p1a: Noctowl|257/344\n|\n|t:|1782798267\n|switch|p2a: Umbreon|Umbreon, L84, F|172/297|[from] U-turn\n|\n|-heal|p2a: Umbreon|190/297|[from] item: Leftovers\n|upkeep\n|turn|28\n|\n|t:|1782798271\n|move|p1a: Noctowl|Hurricane|p2a: Umbreon|[miss]\n|-miss|p1a: Noctowl|p2a: Umbreon\n|move|p2a: Umbreon|Toxic|p1a: Noctowl\n|-status|p1a: Noctowl|tox\n|\n|-heal|p2a: Umbreon|208/297|[from] item: Leftovers\n|-damage|p1a: Noctowl|236/344 tox|[from] psn\n|upkeep\n|turn|29\n|\n|t:|1782798274\n|move|p2a: Umbreon|Protect|p2a: Umbreon\n|-singleturn|p2a: Umbreon|Protect\n|move|p1a: Noctowl|Hurricane|p2a: Umbreon\n|-activate|p2a: Umbreon|move: Protect\n|\n|-heal|p2a: Umbreon|226/297|[from] item: Leftovers\n|-damage|p1a: Noctowl|194/344 tox|[from] psn\n|upkeep\n|turn|30\n|\n|t:|1782798276\n|move|p1a: Noctowl|Hurricane|p2a: Umbreon\n|-crit|p2a: Umbreon\n|-damage|p2a: Umbreon|0 fnt\n|faint|p2a: Umbreon\n|\n|-damage|p1a: Noctowl|131/344 tox|[from] psn\n|upkeep\n|\n|t:|1782798283\n|switch|p2a: Clawitzer|Clawitzer, L87, F|83/265 brn\n|turn|31\n|\n|t:|1782798311\n|move|p1a: Noctowl|Hyper Voice|p2a: Clawitzer\n|-damage|p2a: Clawitzer|0 fnt\n|faint|p2a: Clawitzer\n|\n|-damage|p1a: Noctowl|47/344 tox|[from] psn\n|upkeep\n|\n|t:|1782798315\n|switch|p2a: Drifblim|Drifblim, L86, M|396/396\n|turn|32\n|\n|t:|1782798320\n|move|p2a: Drifblim|Calm Mind|p2a: Drifblim\n|-boost|p2a: Drifblim|spa|1\n|-boost|p2a: Drifblim|spd|1\n|move|p1a: Noctowl|Hurricane|p2a: Drifblim\n|-damage|p2a: Drifblim|140/396\n|-enditem|p2a: Drifblim|Sitrus Berry|[eat]\n|-heal|p2a: Drifblim|239/396|[from] item: Sitrus Berry\n|\n|-damage|p1a: Noctowl|0 fnt|[from] psn\n|faint|p1a: Noctowl\n|upkeep\n|\n|t:|1782798327\n|switch|p1a: Inteleon|Inteleon, L81, F|246/246\n|turn|33\n|\n|t:|1782798348\n|-terastallize|p2a: Drifblim|Fairy\n|move|p2a: Drifblim|Shadow Ball|p1a: Inteleon\n|-damage|p1a: Inteleon|93/246\n|move|p1a: Inteleon|Ice Beam|p2a: Drifblim\n|-damage|p2a: Drifblim|147/396\n|\n|upkeep\n|turn|34\n|\n|t:|1782798356\n|move|p2a: Drifblim|Shadow Ball|p1a: Inteleon\n|-damage|p1a: Inteleon|0 fnt\n|faint|p1a: Inteleon\n|\n|win|PhantomSnorlax\n|raw|killerindisguise's rating: 1548 &rarr; <strong>1529</strong><br />(-19 for losing)\n|raw|PhantomSnorlax's rating: 1570 &rarr; <strong>1589</strong><br />(+19 for winning)\n|l|\u2606killerindisguise\n|player|p1|\n", "inputlog": ">version f8ac14003a5f27e1bdc8d8c59608a773c1cb96e5\n>start {\"formatid\":\"gen9randombattle\",\"seed\":\"sodium,4e9b4463142f40037a8e3af9e4857b72\",\"rated\":\"Rated battle\"}\n>player p1 {\"name\":\"killerindisguise\",\"avatar\":\"101\",\"rating\":1548,\"seed\":\"sodium,f9ac6c53b19868641b7b779230460010\"}\n>player p2 {\"name\":\"PhantomSnorlax\",\"avatar\":\"pokemonbreeder-gen4\",\"rating\":1570,\"seed\":\"sodium,cf8cf0ecadc74f9ce7d853ada21921ee\"}\n>p1 switch 4\n>p2 move uturn\n>p2 switch 4\n>p1 move earthquake\n>p2 move meteorbeam\n>p1 move earthquake\n>p2 move psyshock\n>p2 switch 6\n>p1 switch 5\n>p2 move aurasphere\n>p1 move earthpower\n>p2 switch 5\n>p1 move earthpower\n>p2 move rapidspin\n>p1 move earthpower\n>p2 move nastyplot\n>p1 move haze\n>p2 move dracometeor\n>p1 switch 6\n>p1 move alluringvoice\n>p2 move dracometeor\n>p2 switch 4\n>p1 move alluringvoice terastallize\n>p2 move discharge\n>p1 switch 5\n>p1 move bodyslam\n>p2 move hurricane\n>p1 move bodyslam\n>p2 move hurricane\n>p1 move crunch\n>p2 move hurricane\n>chat \u2606killerindisguise|I am sorry for u\n>p2 switch 2\n>p1 move bodyslam\n>p2 move toxic\n>chat \u2606PhantomSnorlax|Happens\n>p1 move bodyslam\n>p2 move toxic\n>chat \u2606killerindisguise|ik how it feels\n>p1 move bodyslam\n>p2 move wish\n>p1 move curse\n>p2 move protect\n>p1 move bodyslam\n>p2 switch 3\n>p1 move crunch\n>p2 switch 3\n>p1 switch 4\n>p1 move uturn\n>p2 move toxic\n>p1 switch 2\n>p1 move sludgebomb\n>p2 move protect\n>p1 move willowisp\n>p2 switch 5\n>p1 move painsplit\n>p2 move waterpulse\n>p1 move painsplit\n>p2 move waterpulse\n>p1 move painsplit\n>p2 move waterpulse\n>p1 switch 3\n>p1 move calmmind\n>p2 move waterpulse\n>p1 move calmmind\n>p2 move uturn\n>p2 switch 5\n>p1 move hurricane\n>p2 move toxic\n>p1 move hurricane\n>p2 move protect\n>p1 move hurricane\n>p2 move wish\n>p2 switch 5\n>p1 move hypervoice\n>p2 move waterpulse\n>p2 switch 3\n>p1 move hurricane\n>p2 move calmmind\n>p1 switch 2\n>p1 move icebeam\n>p2 move shadowball terastallize\n>p1 move icebeam\n>p2 move shadowball", "uploadtime": 1782798365, "views": 2, "formatid": "gen9randombattle", "rating": 1529, "private": 0, "password": null, "player_dets": [{"name": "killerindisguise", "avatar": "101", "rating": 1548, "seed": "sodium,f9ac6c53b19868641b7b779230460010"}, {"name": "PhantomSnorlax", "avatar": "pokemonbreeder-gen4", "rating": 1570, "seed": "sodium,cf8cf0ecadc74f9ce7d853ada21921ee"}], "teams_full": [{"Inteleon": {"name": "Inteleon", "species": "Inteleon", "speciesId": "inteleon", "gender": "F", "shiny": false, "level": 81, "moves": ["hydropump", "scald", "uturn", "icebeam"], "ability": "Torrent", "evs": {"hp": 85, "atk": 85, "def": 85, "spa": 85, "spd": 85, "spe": 85}, "ivs": {"hp": 31, "atk": 31, "def": 31, "spa": 31, "spd": 31, "spe": 31}, "item": "Choice Specs", "teraType": "Water", "role": "Wallbreaker", "bvs": {"hp": 70, "atk": 85, "def": 65, "spa": 125, "spd": 65, "spe": 120}, "stats": {"hp": 246, "atk": 184, "def": 152, "spa": 249, "spd": 152, "spe": 241}, "types": ["Water"]}, "Weezing": {"name": "Weezing", "species": "Weezing", "speciesId": "weezing", "gender": "M", "shiny": false, "level": 88, "moves": ["sludgebomb", "painsplit", "willowisp", "fireblast"], "ability": "Levitate", "evs": {"hp": 85, "atk": 0, "def": 85, "spa": 85, "spd": 85, "spe": 85}, "ivs": {"hp": 31, "atk": 0, "def": 31, "spa": 31, "spd": 31, "spe": 31}, "item": "Leftovers", "teraType": "Steel", "role": "Bulky Attacker", "bvs": {"hp": 65, "atk": 90, "def": 120, "spa": 85, "spd": 70, "spe": 60}, "stats": {"hp": 258, "atk": 163, "def": 261, "spa": 200, "spd": 173, "spe": 156}, "types": ["Poison"]}, "Noctowl": {"name": "Noctowl", "species": "Noctowl", "speciesId": "noctowl", "gender": "F", "shiny": false, "level": 95, "moves": ["roost", "hurricane", "hypervoice", "calmmind"], "ability": "Tinted Lens", "evs": {"hp": 85, "atk": 0, "def": 85, "spa": 85, "spd": 85, "spe": 85}, "ivs": {"hp": 31, "atk": 0, "def": 31, "spa": 31, "spd": 31, "spe": 31}, "item": "Heavy-Duty Boots", "teraType": "Ground", "role": "Bulky Attacker", "bvs": {"hp": 100, "atk": 50, "def": 50, "spa": 86, "spd": 96, "spe": 70}, "stats": {"hp": 344, "atk": 100, "def": 149, "spa": 217, "spd": 236, "spe": 187}, "types": ["Normal", "Flying"]}, "Snorlax": {"name": "Snorlax", "species": "Snorlax", "speciesId": "snorlax", "gender": "F", "shiny": false, "level": 82, "moves": ["curse", "bodyslam", "crunch", "earthquake"], "ability": "Thick Fat", "evs": {"hp": 85, "atk": 85, "def": 85, "spa": 85, "spd": 85, "spe": 85}, "ivs": {"hp": 31, "atk": 31, "def": 31, "spa": 31, "spd": 31, "spe": 31}, "item": "Leftovers", "teraType": "Poison", "role": "Bulky Setup", "bvs": {"hp": 160, "atk": 110, "def": 65, "spa": 65, "spd": 110, "spe": 30}, "stats": {"hp": 397, "atk": 228, "def": 154, "spa": 154, "spd": 228, "spe": 96}, "types": ["Normal"]}, "Volcanion": {"name": "Volcanion", "species": "Volcanion", "speciesId": "volcanion", "gender": "N", "shiny": false, "level": 79, "moves": ["haze", "earthpower", "flamethrower", "steameruption"], "ability": "Water Absorb", "evs": {"hp": 85, "atk": 0, "def": 85, "spa": 85, "spd": 85, "spe": 85}, "ivs": {"hp": 31, "atk": 0, "def": 31, "spa": 31, "spd": 31, "spe": 31}, "item": "Heavy-Duty Boots", "teraType": "Fire", "role": "Bulky Attacker", "bvs": {"hp": 80, "atk": 110, "def": 120, "spa": 130, "spd": 90, "spe": 70}, "stats": {"hp": 256, "atk": 178, "def": 235, "spa": 251, "spd": 188, "spe": 156}, "types": ["Fire", "Water"]}, "Espeon": {"name": "Espeon", "species": "Espeon", "speciesId": "espeon", "gender": "M", "shiny": false, "level": 84, "moves": ["psychic", "shadowball", "alluringvoice", "trick"], "ability": "Magic Bounce", "evs": {"hp": 85, "atk": 0, "def": 85, "spa": 85, "spd": 85, "spe": 85}, "ivs": {"hp": 31, "atk": 0, "def": 31, "spa": 31, "spd": 31, "spe": 31}, "item": "Choice Specs", "teraType": "Fairy", "role": "Fast Attacker", "bvs": {"hp": 65, "atk": 65, "def": 60, "spa": 130, "spd": 95, "spe": 110}, "stats": {"hp": 246, "atk": 114, "def": 149, "spa": 267, "spd": 208, "spe": 233}, "types": ["Psychic"]}}, {"Kilowattrel": {"name": "Kilowattrel", "species": "Kilowattrel", "speciesId": "kilowattrel", "gender": "F", "shiny": false, "level": 83, "moves": ["uturn", "roost", "hurricane", "discharge"], "ability": "Volt Absorb", "evs": {"hp": 85, "atk": 85, "def": 85, "spa": 85, "spd": 85, "spe": 85}, "ivs": {"hp": 31, "atk": 31, "def": 31, "spa": 31, "spd": 31, "spe": 31}, "item": "Heavy-Duty Boots", "teraType": "Water", "role": "Bulky Attacker", "bvs": {"hp": 70, "atk": 70, "def": 60, "spa": 105, "spd": 60, "spe": 125}, "stats": {"hp": 252, "atk": 164, "def": 147, "spa": 222, "spd": 147, "spe": 255}, "types": ["Electric", "Flying"]}, "Umbreon": {"name": "Umbreon", "species": "Umbreon", "speciesId": "umbreon", "gender": "F", "shiny": false, "level": 84, "moves": ["foulplay", "protect", "wish", "toxic"], "ability": "Synchronize", "evs": {"hp": 85, "atk": 0, "def": 85, "spa": 85, "spd": 85, "spe": 85}, "ivs": {"hp": 31, "atk": 0, "def": 31, "spa": 31, "spd": 31, "spe": 31}, "item": "Leftovers", "teraType": "Poison", "role": "Bulky Support", "bvs": {"hp": 95, "atk": 65, "def": 110, "spa": 60, "spd": 130, "spe": 65}, "stats": {"hp": 297, "atk": 114, "def": 233, "spa": 149, "spd": 267, "spe": 157}, "types": ["Dark"]}, "Drifblim": {"name": "Drifblim", "species": "Drifblim", "speciesId": "drifblim", "gender": "M", "shiny": false, "level": 86, "moves": ["strengthsap", "airslash", "calmmind", "shadowball"], "ability": "Unburden", "evs": {"hp": 73, "atk": 0, "def": 85, "spa": 85, "spd": 85, "spe": 85}, "ivs": {"hp": 31, "atk": 0, "def": 31, "spa": 31, "spd": 31, "spe": 31}, "item": "Sitrus Berry", "teraType": "Fairy", "role": "Bulky Attacker", "bvs": {"hp": 150, "atk": 80, "def": 44, "spa": 90, "spd": 54, "spe": 80}, "stats": {"hp": 396, "atk": 142, "def": 125, "spa": 204, "spd": 142, "spe": 187}, "types": ["Ghost", "Flying"]}, "Armarouge": {"name": "Armarouge", "species": "Armarouge", "speciesId": "armarouge", "gender": "M", "shiny": false, "level": 80, "moves": ["psyshock", "meteorbeam", "energyball", "armorcannon"], "ability": "Weak Armor", "evs": {"hp": 85, "atk": 0, "def": 85, "spa": 85, "spd": 85, "spe": 85}, "ivs": {"hp": 31, "atk": 0, "def": 31, "spa": 31, "spd": 31, "spe": 31}, "item": "Power Herb", "teraType": "Grass", "role": "Setup Sweeper", "bvs": {"hp": 85, "atk": 60, "def": 100, "spa": 125, "spd": 80, "spe": 75}, "stats": {"hp": 267, "atk": 101, "def": 206, "spa": 246, "spd": 174, "spe": 166}, "types": ["Fire", "Psychic"]}, "Tatsugiri": {"name": "Tatsugiri", "species": "Tatsugiri", "speciesId": "tatsugiri", "gender": "F", "shiny": false, "level": 87, "moves": ["nastyplot", "rapidspin", "dracometeor", "surf"], "ability": "Storm Drain", "evs": {"hp": 85, "atk": 85, "def": 85, "spa": 85, "spd": 85, "spe": 85}, "ivs": {"hp": 31, "atk": 31, "def": 31, "spa": 31, "spd": 31, "spe": 31}, "item": "Heavy-Duty Boots", "teraType": "Steel", "role": "Fast Support", "bvs": {"hp": 68, "atk": 50, "def": 60, "spa": 120, "spd": 95, "spe": 82}, "stats": {"hp": 260, "atk": 137, "def": 154, "spa": 259, "spd": 215, "spe": 192}, "types": ["Dragon", "Water"]}, "Clawitzer": {"name": "Clawitzer", "species": "Clawitzer", "speciesId": "clawitzer", "gender": "F", "shiny": false, "level": 87, "moves": ["uturn", "waterpulse", "aurasphere", "dragonpulse"], "ability": "Mega Launcher", "evs": {"hp": 85, "atk": 85, "def": 85, "spa": 85, "spd": 85, "spe": 85}, "ivs": {"hp": 31, "atk": 31, "def": 31, "spa": 31, "spd": 31, "spe": 31}, "item": "Assault Vest", "teraType": "Dragon", "role": "AV Pivot", "bvs": {"hp": 71, "atk": 73, "def": 88, "spa": 120, "spd": 89, "spe": 59}, "stats": {"hp": 265, "atk": 177, "def": 203, "spa": 259, "spd": 205, "spe": 152}, "types": ["Water"]}}]}