{"id": "gen9randombattle-2641571964", "format": "[Gen 9] Random Battle", "players": ["Ctannn", "sonoffin"], "log": "|badge|p1|bronze|gen9ou|100-9\n|uhtml|medal-msg|<div class=\"broadcast-blue\">Curious what those medals under the avatar are? PS now has Ladder Seasons! For more information, check out the <a href=\"https://www.smogon.com/forums/threads/3740067/\">thread on Smogon.</a></div>\n|j|\u2606Ctannn\n|j|\u2606sonoffin\n|t:|1782810592\n|gametype|singles\n|player|p1|Ctannn|170|2050\n|player|p2|sonoffin|hilbert-wonderlauncher|2076\n|gen|9\n|tier|[Gen 9] Random Battle\n|rated|\n|rule|Species Clause: Limit one of each Pok\u00e9mon\n|rule|HP Percentage Mod: HP is shown in percentages\n|rule|Sleep Clause Mod: Limit one foe put to sleep\n|rule|Illusion Level Mod: Illusion disguises the Pok\u00e9mon's true level\n|\n|t:|1782810592\n|teamsize|p1|6\n|teamsize|p2|6\n|start\n|switch|p1a: Salazzle|Salazzle, L83, F|249/249\n|switch|p2a: Grumpig|Grumpig, L92, M|297/297\n|turn|1\n|inactive|Battle timer is ON: inactive players will automatically lose when time's up. (requested by sonoffin)\n|l|\u2606Ctannn\n|inactive|Ctannn disconnected and has a minute to reconnect!\n|player|p1|\n|inactive|Ctannn has 30 seconds to reconnect!\n|j|\u2606Ctannn\n|inactive|Ctannn reconnected and has 120 seconds left.\n|player|p1|Ctannn|170|\n|inactive|Ctannn has 90 seconds left.\n|\n|t:|1782810660\n|switch|p1a: Gallade|Gallade, L80, M|240/240\n|move|p2a: Grumpig|Psychic|p1a: Gallade\n|-damage|p1a: Gallade|98/240\n|\n|upkeep\n|turn|2\n|\n|t:|1782810672\n|move|p2a: Grumpig|Psychic|p1a: Gallade\n|-damage|p1a: Gallade|0 fnt\n|faint|p1a: Gallade\n|\n|upkeep\n|\n|t:|1782810680\n|switch|p1a: Cinccino|Cinccino, L83, F|260/260\n|turn|3\n|\n|t:|1782810686\n|move|p1a: Cinccino|Tail Slap|p2a: Grumpig\n|-damage|p2a: Grumpig|252/297\n|-damage|p2a: Grumpig|210/297\n|-damage|p2a: Grumpig|170/297\n|-damage|p2a: Grumpig|130/297\n|-damage|p2a: Grumpig|85/297\n|-hitcount|p2a: Grumpig|5\n|move|p2a: Grumpig|Psychic|p1a: Cinccino\n|-damage|p1a: Cinccino|44/260\n|\n|upkeep\n|turn|4\n|\n|t:|1782810700\n|move|p1a: Cinccino|Tidy Up|p1a: Cinccino\n|-boost|p1a: Cinccino|atk|1\n|-boost|p1a: Cinccino|spe|1\n|move|p2a: Grumpig|Psychic|p1a: Cinccino\n|-damage|p1a: Cinccino|0 fnt\n|faint|p1a: Cinccino\n|\n|upkeep\n|\n|t:|1782810706\n|switch|p1a: Salazzle|Salazzle, L83, F|249/249\n|turn|5\n|\n|t:|1782810710\n|move|p1a: Salazzle|Sludge Wave|p2a: Grumpig\n|-crit|p2a: Grumpig\n|-damage|p2a: Grumpig|0 fnt\n|faint|p2a: Grumpig\n|\n|upkeep\n|\n|t:|1782810714\n|switch|p2a: Klawf|Klawf, L90, F|272/272\n|turn|6\n|\n|t:|1782810720\n|switch|p1a: Sandaconda|Sandaconda, L84, F|258/258\n|move|p2a: Klawf|High Horsepower|p1a: Sandaconda\n|-damage|p1a: Sandaconda|196/258\n|\n|-heal|p1a: Sandaconda|212/258|[from] item: Leftovers\n|upkeep\n|turn|7\n|\n|t:|1782810728\n|switch|p2a: Glalie|Glalie, L96, M|309/309\n|move|p1a: Sandaconda|Stealth Rock|p2a: Glalie\n|-sidestart|p2: sonoffin|move: Stealth Rock\n|\n|-heal|p1a: Sandaconda|228/258|[from] item: Leftovers\n|upkeep\n|turn|8\n|\n|t:|1782810736\n|move|p2a: Glalie|Freeze-Dry|p1a: Sandaconda\n|-supereffective|p1a: Sandaconda\n|-damage|p1a: Sandaconda|24/258\n|-status|p1a: Sandaconda|frz\n|cant|p1a: Sandaconda|frz\n|\n|-heal|p1a: Sandaconda|40/258 frz|[from] item: Leftovers\n|upkeep\n|turn|9\n|\n|t:|1782810749\n|switch|p1a: Dragalge|Dragalge, L88, M|258/258\n|move|p2a: Glalie|Spikes|p1a: Dragalge\n|-sidestart|p1: Ctannn|Spikes\n|\n|upkeep\n|turn|10\n|\n|t:|1782810757\n|move|p2a: Glalie|Earthquake|p1a: Dragalge\n|-supereffective|p1a: Dragalge\n|-damage|p1a: Dragalge|106/258\n|move|p1a: Dragalge|Sludge Wave|p2a: Glalie\n|-damage|p2a: Glalie|167/309\n|\n|upkeep\n|turn|11\n|\n|t:|1782810764\n|move|p2a: Glalie|Earthquake|p1a: Dragalge\n|-supereffective|p1a: Dragalge\n|-damage|p1a: Dragalge|0 fnt\n|faint|p1a: Dragalge\n|\n|upkeep\n|\n|t:|1782810766\n|switch|p1a: Salazzle|Salazzle, L83, F|249/249\n|turn|12\n|\n|t:|1782810771\n|move|p1a: Salazzle|Fire Blast|p2a: Glalie\n|-supereffective|p2a: Glalie\n|-damage|p2a: Glalie|0 fnt\n|faint|p2a: Glalie\n|\n|upkeep\n|\n|t:|1782810776\n|switch|p2a: Klawf|Klawf, L90, F|272/272\n|-damage|p2a: Klawf|238/272|[from] Stealth Rock\n|turn|13\n|\n|t:|1782810781\n|switch|p1a: Sandaconda|Sandaconda, L84, F|40/258 frz\n|-damage|p1a: Sandaconda|8/258 frz|[from] Spikes\n|move|p2a: Klawf|High Horsepower|p1a: Sandaconda\n|-damage|p1a: Sandaconda|0 fnt\n|faint|p1a: Sandaconda\n|\n|upkeep\n|\n|t:|1782810800\n|switch|p1a: Salazzle|Salazzle, L83, F|249/249\n|turn|14\n|\n|t:|1782810802\n|-terastallize|p1a: Salazzle|Grass\n|move|p2a: Klawf|High Horsepower|p1a: Salazzle\n|-resisted|p1a: Salazzle\n|-damage|p1a: Salazzle|197/249\n|move|p1a: Salazzle|Nasty Plot|p1a: Salazzle\n|-boost|p1a: Salazzle|spa|2\n|\n|upkeep\n|turn|15\n|\n|t:|1782810821\n|switch|p2a: Farigiraf|Farigiraf, L90, M|362/362\n|-damage|p2a: Farigiraf|317/362|[from] Stealth Rock\n|move|p1a: Salazzle|Nasty Plot|p1a: Salazzle\n|-boost|p1a: Salazzle|spa|2\n|\n|-heal|p2a: Farigiraf|339/362|[from] item: Leftovers\n|upkeep\n|turn|16\n|\n|t:|1782810831\n|move|p1a: Salazzle|Sludge Wave|p2a: Farigiraf\n|-damage|p2a: Farigiraf|0 fnt\n|faint|p2a: Farigiraf\n|\n|upkeep\n|\n|t:|1782810841\n|switch|p2a: Raichu|Raichu, L88, F|249/249\n|-damage|p2a: Raichu|218/249|[from] Stealth Rock\n|turn|17\n|\n|t:|1782810847\n|-terastallize|p2a: Raichu|Ice\n|move|p2a: Raichu|Tera Blast|p1a: Salazzle|[anim] Tera Blast Ice\n|-supereffective|p1a: Salazzle\n|-damage|p1a: Salazzle|0 fnt\n|faint|p1a: Salazzle\n|-damage|p2a: Raichu|194/249|[from] item: Life Orb\n|\n|upkeep\n|\n|t:|1782810851\n|switch|p1a: Gouging Fire|Gouging Fire, L74|277/277\n|turn|18\n|\n|t:|1782810859\n|move|p2a: Raichu|Tera Blast|p1a: Gouging Fire|[anim] Tera Blast Ice\n|-damage|p1a: Gouging Fire|148/277\n|-damage|p2a: Raichu|170/249|[from] item: Life Orb\n|move|p1a: Gouging Fire|Dragon Dance|p1a: Gouging Fire\n|-boost|p1a: Gouging Fire|atk|1\n|-boost|p1a: Gouging Fire|spe|1\n|\n|upkeep\n|turn|19\n|\n|t:|1782810866\n|move|p1a: Gouging Fire|Dragon Dance|p1a: Gouging Fire\n|-boost|p1a: Gouging Fire|atk|1\n|-boost|p1a: Gouging Fire|spe|1\n|move|p2a: Raichu|Encore|p1a: Gouging Fire\n|-start|p1a: Gouging Fire|Encore\n|\n|upkeep\n|turn|20\n|\n|t:|1782810871\n|move|p1a: Gouging Fire|Dragon Dance|p1a: Gouging Fire\n|-boost|p1a: Gouging Fire|atk|1\n|-boost|p1a: Gouging Fire|spe|1\n|move|p2a: Raichu|Tera Blast|p1a: Gouging Fire|[anim] Tera Blast Ice\n|-crit|p1a: Gouging Fire\n|-damage|p1a: Gouging Fire|0 fnt\n|faint|p1a: Gouging Fire\n|-end|p1a: Gouging Fire|Protosynthesis|[silent]\n|-damage|p2a: Raichu|146/249|[from] item: Life Orb\n|\n|win|sonoffin\n", "inputlog": ">version f8ac14003a5f27e1bdc8d8c59608a773c1cb96e5\n>start {\"formatid\":\"gen9randombattle\",\"seed\":\"sodium,9e0e485031fc655aa6a1930f598125c8\",\"rated\":\"Rated battle\"}\n>player p1 {\"name\":\"Ctannn\",\"avatar\":\"170\",\"rating\":2050,\"seed\":\"sodium,3025a485cd51556efb2b435cb8369949\"}\n>player p2 {\"name\":\"sonoffin\",\"avatar\":\"hilbert-wonderlauncher\",\"rating\":2076,\"seed\":\"sodium,e0cfc13177595a5ddb84efd0a35711ad\"}\n>p1 switch 6\n>p2 move psychic\n>p1 move nightslash\n>p2 move psychic\n>p1 switch 5\n>p1 move tailslap\n>p2 move psychic\n>p1 move tidyup\n>p2 move psychic\n>p1 switch 6\n>p1 move sludgewave\n>p2 move psychic\n>p2 switch 5\n>p1 switch 2\n>p2 move highhorsepower\n>p1 move stealthrock\n>p2 switch 3\n>p1 move stoneedge\n>p2 move freezedry\n>p1 switch 3\n>p2 move spikes\n>p1 move sludgewave\n>p2 move earthquake\n>p1 move sludgewave\n>p2 move earthquake\n>p1 switch 2\n>p1 move fireblast\n>p2 move earthquake\n>p2 switch 3\n>p1 switch 3\n>p2 move highhorsepower\n>p1 switch 3\n>p1 move nastyplot terastallize\n>p2 move highhorsepower\n>p1 move nastyplot\n>p2 switch 4\n>p1 move sludgewave\n>p2 move bodyslam\n>p2 switch 6\n>p1 move sludgewave\n>p2 move terablast terastallize\n>p1 switch 4\n>p1 move dragondance\n>p2 move terablast\n>p1 move dragondance\n>p2 move encore\n>p1 move dragondance\n>p2 move terablast", "uploadtime": 1782810593, "views": 7, "formatid": "gen9randombattle", "rating": null, "private": 0, "password": null, "player_dets": [{"name": "Ctannn", "avatar": "170", "rating": 2050, "seed": "sodium,3025a485cd51556efb2b435cb8369949"}, {"name": "sonoffin", "avatar": "hilbert-wonderlauncher", "rating": 2076, "seed": "sodium,e0cfc13177595a5ddb84efd0a35711ad"}], "teams_full": [{"Salazzle": {"name": "Salazzle", "species": "Salazzle", "speciesId": "salazzle", "gender": "F", "shiny": false, "level": 83, "moves": ["fireblast", "nastyplot", "sludgewave", "terablast"], "ability": "Corrosion", "evs": {"hp": 85, "atk": 0, "def": 85, "spa": 85, "spd": 85, "spe": 85}, "ivs": {"hp": 31, "atk": 0, "def": 31, "spa": 31, "spd": 31, "spe": 31}, "item": "Heavy-Duty Boots", "teraType": "Grass", "role": "Tera Blast user", "bvs": {"hp": 68, "atk": 64, "def": 60, "spa": 111, "spd": 60, "spe": 117}, "stats": {"hp": 249, "atk": 111, "def": 147, "spa": 232, "spd": 147, "spe": 242}, "types": ["Poison", "Fire"]}, "Sandaconda": {"name": "Sandaconda", "species": "Sandaconda", "speciesId": "sandaconda", "gender": "F", "shiny": false, "level": 84, "moves": ["stealthrock", "rest", "earthquake", "stoneedge"], "ability": "Shed Skin", "evs": {"hp": 85, "atk": 85, "def": 85, "spa": 85, "spd": 85, "spe": 85}, "ivs": {"hp": 31, "atk": 31, "def": 31, "spa": 31, "spd": 31, "spe": 31}, "item": "Leftovers", "teraType": "Dragon", "role": "Bulky Attacker", "bvs": {"hp": 72, "atk": 107, "def": 125, "spa": 65, "spd": 70, "spe": 71}, "stats": {"hp": 258, "atk": 228, "def": 258, "spa": 157, "spd": 166, "spe": 167}, "types": ["Ground"]}, "Dragalge": {"name": "Dragalge", "species": "Dragalge", "speciesId": "dragalge", "gender": "M", "shiny": false, "level": 88, "moves": ["dragontail", "sludgewave", "focusblast", "dracometeor"], "ability": "Adaptability", "evs": {"hp": 85, "atk": 85, "def": 85, "spa": 85, "spd": 85, "spe": 85}, "ivs": {"hp": 31, "atk": 31, "def": 31, "spa": 31, "spd": 31, "spe": 31}, "item": "Assault Vest", "teraType": "Fighting", "role": "Bulky Attacker", "bvs": {"hp": 65, "atk": 75, "def": 90, "spa": 97, "spd": 123, "spe": 44}, "stats": {"hp": 258, "atk": 182, "def": 209, "spa": 221, "spd": 267, "spe": 128}, "types": ["Poison", "Dragon"]}, "Gouging Fire": {"name": "Gouging Fire", "species": "Gouging Fire", "speciesId": "gougingfire", "gender": "N", "shiny": false, "level": 74, "moves": ["heatcrash", "outrage", "dragondance", "morningsun"], "ability": "Protosynthesis", "evs": {"hp": 85, "atk": 85, "def": 85, "spa": 85, "spd": 85, "spe": 85}, "ivs": {"hp": 31, "atk": 31, "def": 31, "spa": 31, "spd": 31, "spe": 31}, "item": "Heavy-Duty Boots", "teraType": "Fairy", "role": "Bulky Setup", "bvs": {"hp": 105, "atk": 115, "def": 121, "spa": 65, "spd": 93, "spe": 91}, "stats": {"hp": 277, "atk": 213, "def": 222, "spa": 139, "spd": 181, "spe": 178}, "types": ["Fire", "Dragon"]}, "Cinccino": {"name": "Cinccino", "species": "Cinccino", "speciesId": "cinccino", "gender": "F", "shiny": false, "level": 83, "moves": ["bulletseed", "tailslap", "tidyup", "tripleaxel"], "ability": "Technician", "evs": {"hp": 85, "atk": 85, "def": 85, "spa": 85, "spd": 85, "spe": 85}, "ivs": {"hp": 31, "atk": 31, "def": 31, "spa": 31, "spd": 31, "spe": 31}, "item": "Loaded Dice", "teraType": "Ice", "role": "Fast Attacker", "bvs": {"hp": 75, "atk": 95, "def": 60, "spa": 65, "spd": 60, "spe": 115}, "stats": {"hp": 260, "atk": 205, "def": 147, "spa": 156, "spd": 147, "spe": 239}, "types": ["Normal"]}, "Gallade": {"name": "Gallade", "species": "Gallade", "speciesId": "gallade", "gender": "M", "shiny": false, "level": 80, "moves": ["psychocut", "sacredsword", "leafblade", "nightslash"], "ability": "Sharpness", "evs": {"hp": 85, "atk": 85, "def": 85, "spa": 85, "spd": 85, "spe": 85}, "ivs": {"hp": 31, "atk": 31, "def": 31, "spa": 31, "spd": 31, "spe": 31}, "item": "Choice Band", "teraType": "Grass", "role": "Fast Attacker", "bvs": {"hp": 68, "atk": 125, "def": 65, "spa": 65, "spd": 115, "spe": 80}, "stats": {"hp": 240, "atk": 246, "def": 150, "spa": 150, "spd": 230, "spe": 174}, "types": ["Psychic", "Fighting"]}}, {"Grumpig": {"name": "Grumpig", "species": "Grumpig", "speciesId": "grumpig", "gender": "M", "shiny": false, "level": 92, "moves": ["shadowball", "earthpower", "psychic", "focusblast"], "ability": "Thick Fat", "evs": {"hp": 85, "atk": 0, "def": 85, "spa": 85, "spd": 85, "spe": 85}, "ivs": {"hp": 31, "atk": 0, "def": 31, "spa": 31, "spd": 31, "spe": 31}, "item": "Choice Specs", "teraType": "Ghost", "role": "Bulky Attacker", "bvs": {"hp": 80, "atk": 45, "def": 65, "spa": 90, "spd": 110, "spe": 80}, "stats": {"hp": 297, "atk": 87, "def": 172, "spa": 218, "spd": 255, "spe": 200}, "types": ["Psychic"]}, "Moltres": {"name": "Moltres", "species": "Moltres-Galar", "speciesId": "moltresgalar", "gender": "N", "shiny": false, "level": 79, "moves": ["fierywrath", "agility", "nastyplot", "hurricane"], "ability": "Berserk", "evs": {"hp": 81, "atk": 0, "def": 85, "spa": 85, "spd": 85, "spe": 85}, "ivs": {"hp": 31, "atk": 0, "def": 31, "spa": 31, "spd": 31, "spe": 31}, "item": "Weakness Policy", "teraType": "Steel", "role": "Bulky Setup", "bvs": {"hp": 90, "atk": 85, "def": 90, "spa": 100, "spd": 125, "spe": 90}, "stats": {"hp": 271, "atk": 139, "def": 188, "spa": 204, "spd": 243, "spe": 188}, "types": ["Dark", "Flying"]}, "Glalie": {"name": "Glalie", "species": "Glalie", "speciesId": "glalie", "gender": "M", "shiny": false, "level": 96, "moves": ["taunt", "freezedry", "spikes", "earthquake"], "ability": "Inner Focus", "evs": {"hp": 85, "atk": 85, "def": 85, "spa": 85, "spd": 85, "spe": 85}, "ivs": {"hp": 31, "atk": 31, "def": 31, "spa": 31, "spd": 31, "spe": 31}, "item": "Heavy-Duty Boots", "teraType": "Ghost", "role": "Fast Support", "bvs": {"hp": 80, "atk": 80, "def": 80, "spa": 80, "spd": 80, "spe": 80}, "stats": {"hp": 309, "atk": 208, "def": 208, "spa": 208, "spd": 208, "spe": 208}, "types": ["Ice"]}, "Farigiraf": {"name": "Farigiraf", "species": "Farigiraf", "speciesId": "farigiraf", "gender": "M", "shiny": false, "level": 90, "moves": ["wish", "bodyslam", "protect", "psychicnoise"], "ability": "Sap Sipper", "evs": {"hp": 85, "atk": 85, "def": 85, "spa": 85, "spd": 85, "spe": 85}, "ivs": {"hp": 31, "atk": 31, "def": 31, "spa": 31, "spd": 31, "spe": 31}, "item": "Leftovers", "teraType": "Water", "role": "Bulky Support", "bvs": {"hp": 120, "atk": 90, "def": 70, "spa": 110, "spd": 70, "spe": 60}, "stats": {"hp": 362, "atk": 213, "def": 177, "spa": 249, "spd": 177, "spe": 159}, "types": ["Normal", "Psychic"]}, "Klawf": {"name": "Klawf", "species": "Klawf", "speciesId": "klawf", "gender": "F", "shiny": false, "level": 90, "moves": ["knockoff", "highhorsepower", "stoneedge", "crabhammer"], "ability": "Regenerator", "evs": {"hp": 85, "atk": 85, "def": 85, "spa": 85, "spd": 85, "spe": 85}, "ivs": {"hp": 31, "atk": 31, "def": 31, "spa": 31, "spd": 31, "spe": 31}, "item": "Choice Scarf", "teraType": "Dark", "role": "Fast Attacker", "bvs": {"hp": 70, "atk": 100, "def": 115, "spa": 35, "spd": 55, "spe": 75}, "stats": {"hp": 272, "atk": 231, "def": 258, "spa": 114, "spd": 150, "spe": 186}, "types": ["Rock"]}, "Raichu": {"name": "Raichu", "species": "Raichu", "speciesId": "raichu", "gender": "F", "shiny": false, "level": 88, "moves": ["terablast", "encore", "nastyplot", "thunderbolt"], "ability": "Lightning Rod", "evs": {"hp": 85, "atk": 0, "def": 85, "spa": 85, "spd": 85, "spe": 85}, "ivs": {"hp": 31, "atk": 0, "def": 31, "spa": 31, "spd": 31, "spe": 31}, "item": "Life Orb", "teraType": "Ice", "role": "Tera Blast user", "bvs": {"hp": 60, "atk": 90, "def": 55, "spa": 90, "spd": 80, "spe": 110}, "stats": {"hp": 249, "atk": 163, "def": 147, "spa": 209, "spd": 191, "spe": 244}, "types": ["Electric"]}}]}