{"id": "gen9randombattle-2641504879", "format": "[Gen 9] Random Battle", "players": ["moussepudding", "bub5g"], "log": "|j|\u2606moussepudding\n|j|\u2606bub5g\n|t:|1782796284\n|gametype|singles\n|player|p1|moussepudding|169|\n|player|p2|bub5g|266|\n|gen|9\n|tier|[Gen 9] Random Battle\n|rule|Species Clause: Limit one of each Pok\u00e9mon\n|rule|HP Percentage Mod: HP is shown in percentages\n|rule|Sleep Clause Mod: Limit one foe put to sleep\n|rule|Illusion Level Mod: Illusion disguises the Pok\u00e9mon's true level\n|\n|t:|1782796284\n|teamsize|p1|6\n|teamsize|p2|6\n|start\n|switch|p1a: Typhlosion|Typhlosion, L84, M|267/267\n|switch|p2a: Magcargo|Magcargo, L95, M|268/268\n|turn|1\n|\n|t:|1782796319\n|move|p1a: Typhlosion|Scorching Sands|p2a: Magcargo\n|-supereffective|p2a: Magcargo\n|-damage|p2a: Magcargo|76/268\n|move|p2a: Magcargo|Yawn|p1a: Typhlosion\n|-start|p1a: Typhlosion|move: Yawn|[of] p2a: Magcargo\n|\n|upkeep\n|turn|2\n|\n|t:|1782796371\n|move|p1a: Typhlosion|Scorching Sands|p2a: Magcargo\n|-supereffective|p2a: Magcargo\n|-damage|p2a: Magcargo|0 fnt\n|faint|p2a: Magcargo\n|\n|-end|p1a: Typhlosion|move: Yawn|[silent]\n|-status|p1a: Typhlosion|slp\n|upkeep\n|\n|t:|1782796381\n|switch|p2a: Tyranitar|Tyranitar, L78, F|284/284\n|-weather|Sandstorm|[from] ability: Sand Stream|[of] p2a: Tyranitar\n|turn|3\n|\n|t:|1782796430\n|switch|p1a: Ampharos|Ampharos, L88, M|302/302\n|move|p2a: Tyranitar|Stealth Rock|p1a: Ampharos\n|-sidestart|p1: moussepudding|move: Stealth Rock\n|\n|-weather|Sandstorm|[upkeep]\n|-damage|p1a: Ampharos|284/302|[from] Sandstorm\n|upkeep\n|turn|4\n|\n|t:|1782796449\n|move|p1a: Ampharos|Focus Blast|p2a: Tyranitar\n|-supereffective|p2a: Tyranitar\n|-damage|p2a: Tyranitar|0 fnt\n|faint|p2a: Tyranitar\n|-damage|p1a: Ampharos|254/302|[from] item: Life Orb\n|\n|-weather|Sandstorm|[upkeep]\n|-damage|p1a: Ampharos|236/302|[from] Sandstorm\n|upkeep\n|\n|t:|1782796463\n|switch|p2a: Sceptile|Sceptile, L87, M|264/264\n|turn|5\n|\n|t:|1782796494\n|move|p2a: Sceptile|Shed Tail|p2a: Sceptile\n|-start|p2a: Sceptile|Substitute|[from] move: Shed Tail\n|-damage|p2a: Sceptile|132/264\n|\n|t:|1782796509\n|switch|p2a: Chesnaught|Chesnaught, L84, M|285/285|[from] Shed Tail\n|move|p1a: Ampharos|Agility|p1a: Ampharos\n|-boost|p1a: Ampharos|spe|2\n|\n|-weather|Sandstorm|[upkeep]\n|-damage|p1a: Ampharos|218/302|[from] Sandstorm\n|-damage|p2a: Chesnaught|268/285|[from] Sandstorm\n|-heal|p2a: Chesnaught|285/285|[from] item: Leftovers\n|upkeep\n|turn|6\n|\n|t:|1782796525\n|move|p1a: Ampharos|Dazzling Gleam|p2a: Chesnaught\n|-supereffective|p2a: Chesnaught\n|-end|p2a: Chesnaught|Substitute\n|-damage|p1a: Ampharos|188/302|[from] item: Life Orb\n|move|p2a: Chesnaught|Iron Defense|p2a: Chesnaught\n|-boost|p2a: Chesnaught|def|2\n|\n|-weather|Sandstorm|[upkeep]\n|-damage|p1a: Ampharos|170/302|[from] Sandstorm\n|-damage|p2a: Chesnaught|268/285|[from] Sandstorm\n|-heal|p2a: Chesnaught|285/285|[from] item: Leftovers\n|upkeep\n|turn|7\n|\n|t:|1782796537\n|-terastallize|p2a: Chesnaught|Steel\n|move|p1a: Ampharos|Dazzling Gleam|p2a: Chesnaught\n|-resisted|p2a: Chesnaught\n|-damage|p2a: Chesnaught|234/285\n|-damage|p1a: Ampharos|140/302|[from] item: Life Orb\n|move|p2a: Chesnaught|Body Press|p1a: Ampharos\n|-damage|p1a: Ampharos|0 fnt\n|-status|p2a: Chesnaught|par|[from] ability: Static|[of] p1a: Ampharos\n|faint|p1a: Ampharos\n|\n|-weather|none\n|-heal|p2a: Chesnaught|251/285 par|[from] item: Leftovers\n|upkeep\n|\n|t:|1782796576\n|switch|p1a: Basculegion|Basculegion-F, L83, F|335/335\n|-damage|p1a: Basculegion|294/335|[from] Stealth Rock\n|turn|8\n|\n|t:|1782796587\n|move|p1a: Basculegion|Hydro Pump|p2a: Chesnaught\n|-damage|p2a: Chesnaught|0 fnt\n|faint|p2a: Chesnaught\n|\n|upkeep\n|\n|t:|1782796594\n|switch|p2a: Sceptile|Sceptile, L87, M|132/264\n|turn|9\n|\n|t:|1782796606\n|switch|p1a: Typhlosion|Typhlosion, L84, M|267/267 slp\n|-damage|p1a: Typhlosion|201/267 slp|[from] Stealth Rock\n|move|p2a: Sceptile|Giga Drain|p1a: Typhlosion\n|-resisted|p1a: Typhlosion\n|-damage|p1a: Typhlosion|146/267 slp\n|-heal|p2a: Sceptile|160/264|[from] drain|[of] p1a: Typhlosion\n|-damage|p2a: Sceptile|134/264|[from] item: Life Orb\n|\n|upkeep\n|turn|10\n|\n|t:|1782796616\n|cant|p1a: Typhlosion|slp\n|move|p2a: Sceptile|Rock Slide|p1a: Typhlosion\n|-supereffective|p1a: Typhlosion\n|-damage|p1a: Typhlosion|11/267 slp\n|-damage|p2a: Sceptile|108/264|[from] item: Life Orb\n|\n|upkeep\n|turn|11\n|\n|t:|1782796627\n|-curestatus|p1a: Typhlosion|slp|[msg]\n|move|p1a: Typhlosion|Fire Blast|p2a: Sceptile\n|-supereffective|p2a: Sceptile\n|-damage|p2a: Sceptile|0 fnt\n|faint|p2a: Sceptile\n|\n|upkeep\n|\n|t:|1782796633\n|switch|p2a: Hydreigon|Hydreigon, L79, F|275/275\n|turn|12\n|\n|t:|1782796658\n|switch|p1a: Jolteon|Jolteon, L84, M|246/246\n|-damage|p1a: Jolteon|216/246|[from] Stealth Rock\n|move|p2a: Hydreigon|Nasty Plot|p2a: Hydreigon\n|-boost|p2a: Hydreigon|spa|2\n|\n|upkeep\n|turn|13\n|\n|t:|1782796669\n|move|p1a: Jolteon|Alluring Voice|p2a: Hydreigon\n|-supereffective|p2a: Hydreigon\n|-damage|p2a: Hydreigon|0 fnt\n|faint|p2a: Hydreigon\n|-damage|p1a: Jolteon|192/246|[from] item: Life Orb\n|\n|upkeep\n|\n|t:|1782796672\n|switch|p2a: Electivire|Electivire, L84, F|263/263\n|turn|14\n|\n|t:|1782796686\n|move|p1a: Jolteon|Shadow Ball|p2a: Electivire\n|-damage|p2a: Electivire|176/263\n|-damage|p1a: Jolteon|168/246|[from] item: Life Orb\n|move|p2a: Electivire|Flamethrower|p1a: Jolteon\n|-damage|p1a: Jolteon|89/246\n|-damage|p2a: Electivire|150/263|[from] item: Life Orb\n|\n|upkeep\n|turn|15\n|\n|t:|1782796704\n|move|p1a: Jolteon|Shadow Ball|p2a: Electivire\n|-damage|p2a: Electivire|66/263\n|-damage|p1a: Jolteon|65/246|[from] item: Life Orb\n|move|p2a: Electivire|Knock Off|p1a: Jolteon\n|-damage|p1a: Jolteon|0 fnt\n|-enditem|p1a: Jolteon|Life Orb|[from] move: Knock Off|[of] p2a: Electivire\n|faint|p1a: Jolteon\n|-damage|p2a: Electivire|40/263|[from] item: Life Orb\n|\n|upkeep\n|\n|t:|1782796722\n|switch|p1a: Basculegion|Basculegion-F, L83, F|294/335\n|-damage|p1a: Basculegion|253/335|[from] Stealth Rock\n|turn|16\n|\n|t:|1782796728\n|move|p2a: Electivire|Supercell Slam|p1a: Basculegion\n|-supereffective|p1a: Basculegion\n|-damage|p1a: Basculegion|0 fnt\n|faint|p1a: Basculegion\n|-damage|p2a: Electivire|14/263|[from] item: Life Orb\n|\n|upkeep\n|\n|t:|1782796731\n|switch|p1a: Iron Bundle|Iron Bundle, L78|215/215\n|-damage|p1a: Iron Bundle|162/215|[from] Stealth Rock\n|turn|17\n|\n|t:|1782796739\n|move|p1a: Iron Bundle|Ice Beam|p2a: Electivire\n|-damage|p2a: Electivire|0 fnt\n|faint|p2a: Electivire\n|\n|win|moussepudding\n|c|\u2606bub5g|gg\n", "inputlog": ">version f8ac14003a5f27e1bdc8d8c59608a773c1cb96e5\n>start {\"formatid\":\"gen9randombattle\",\"seed\":\"sodium,4e41aa6112f7e92d84ff99f7b5f0a9f1\"}\n>player p1 {\"name\":\"moussepudding\",\"avatar\":\"169\",\"rating\":0,\"seed\":\"sodium,75feb20195a207deb69011a502c18e09\"}\n>player p2 {\"name\":\"bub5g\",\"avatar\":\"266\",\"rating\":0,\"seed\":\"sodium,a6a6098c49a113925fff86b92641ebe0\"}\n>p1 move scorchingsands\n>p2 move yawn\n>p1 move scorchingsands\n>p2 move recover\n>p2 switch 2\n>p1 switch 3\n>p2 move stealthrock\n>p1 move focusblast\n>p2 move knockoff\n>p2 switch 3\n>p1 move agility\n>p2 move shedtail\n>p2 switch 5\n>p1 move dazzlinggleam\n>p2 move irondefense\n>p1 move dazzlinggleam\n>p2 move bodypress terastallize\n>p1 switch 4\n>p1 move hydropump\n>p2 move trailblaze\n>p2 switch 5\n>p1 switch 3\n>p2 move gigadrain\n>p1 move fireblast\n>p2 move rockslide\n>p1 move fireblast\n>p2 move earthquake\n>p2 switch 4\n>p1 switch 2\n>p2 move nastyplot\n>p1 move alluringvoice\n>p2 move darkpulse\n>p2 switch 6\n>p1 move shadowball\n>p2 move flamethrower\n>p1 move shadowball\n>p2 move knockoff\n>p1 switch 3\n>p1 move shadowball\n>p2 move supercellslam\n>p1 switch 5\n>p1 move icebeam\n>p2 move supercellslam", "uploadtime": 1782796745, "views": 5, "formatid": "gen9randombattle", "rating": null, "private": 0, "password": null, "player_dets": [{"name": "moussepudding", "avatar": "169", "rating": 0, "seed": "sodium,75feb20195a207deb69011a502c18e09"}, {"name": "bub5g", "avatar": "266", "rating": 0, "seed": "sodium,a6a6098c49a113925fff86b92641ebe0"}], "teams_full": [{"Typhlosion": {"name": "Typhlosion", "species": "Typhlosion", "speciesId": "typhlosion", "gender": "M", "shiny": false, "level": 84, "moves": ["scorchingsands", "fireblast", "eruption", "focusblast"], "ability": "Flash Fire", "evs": {"hp": 81, "atk": 0, "def": 85, "spa": 85, "spd": 85, "spe": 85}, "ivs": {"hp": 31, "atk": 0, "def": 31, "spa": 31, "spd": 31, "spe": 31}, "item": "Choice Scarf", "teraType": "Fire", "role": "Fast Attacker", "bvs": {"hp": 78, "atk": 84, "def": 78, "spa": 109, "spd": 85, "spe": 100}, "stats": {"hp": 267, "atk": 146, "def": 179, "spa": 231, "spd": 191, "spe": 216}, "types": ["Fire"]}, "Jolteon": {"name": "Jolteon", "species": "Jolteon", "speciesId": "jolteon", "gender": "M", "shiny": false, "level": 84, "moves": ["calmmind", "shadowball", "thunderbolt", "alluringvoice"], "ability": "Volt Absorb", "evs": {"hp": 85, "atk": 0, "def": 85, "spa": 85, "spd": 85, "spe": 85}, "ivs": {"hp": 31, "atk": 0, "def": 31, "spa": 31, "spd": 31, "spe": 31}, "item": "Life Orb", "teraType": "Electric", "role": "Fast Attacker", "bvs": {"hp": 65, "atk": 65, "def": 60, "spa": 110, "spd": 95, "spe": 130}, "stats": {"hp": 246, "atk": 114, "def": 149, "spa": 233, "spd": 208, "spe": 267}, "types": ["Electric"]}, "Ampharos": {"name": "Ampharos", "species": "Ampharos", "speciesId": "ampharos", "gender": "M", "shiny": false, "level": 88, "moves": ["agility", "thunderbolt", "dazzlinggleam", "focusblast"], "ability": "Static", "evs": {"hp": 85, "atk": 0, "def": 85, "spa": 85, "spd": 85, "spe": 85}, "ivs": {"hp": 31, "atk": 0, "def": 31, "spa": 31, "spd": 31, "spe": 31}, "item": "Life Orb", "teraType": "Fairy", "role": "Wallbreaker", "bvs": {"hp": 90, "atk": 75, "def": 85, "spa": 115, "spd": 90, "spe": 55}, "stats": {"hp": 302, "atk": 137, "def": 200, "spa": 253, "spd": 209, "spe": 147}, "types": ["Electric"]}, "Basculegion": {"name": "Basculegion", "species": "Basculegion-F", "speciesId": "basculegionf", "gender": "F", "shiny": false, "level": 83, "moves": ["flipturn", "shadowball", "icebeam", "hydropump"], "ability": "Adaptability", "evs": {"hp": 85, "atk": 85, "def": 85, "spa": 85, "spd": 85, "spe": 85}, "ivs": {"hp": 31, "atk": 31, "def": 31, "spa": 31, "spd": 31, "spe": 31}, "item": "Choice Specs", "teraType": "Water", "role": "Wallbreaker", "bvs": {"hp": 120, "atk": 92, "def": 65, "spa": 100, "spd": 75, "spe": 78}, "stats": {"hp": 335, "atk": 200, "def": 156, "spa": 214, "spd": 172, "spe": 177}, "types": ["Water", "Ghost"]}, "Iron Bundle": {"name": "Iron Bundle", "species": "Iron Bundle", "speciesId": "ironbundle", "gender": "N", "shiny": false, "level": 78, "moves": ["freezedry", "icebeam", "flipturn", "hydropump"], "ability": "Quark Drive", "evs": {"hp": 85, "atk": 85, "def": 85, "spa": 85, "spd": 85, "spe": 85}, "ivs": {"hp": 31, "atk": 31, "def": 31, "spa": 31, "spd": 31, "spe": 31}, "item": "Choice Specs", "teraType": "Ice", "role": "Fast Attacker", "bvs": {"hp": 56, "atk": 80, "def": 114, "spa": 124, "spd": 60, "spe": 136}, "stats": {"hp": 215, "atk": 170, "def": 223, "spa": 239, "spd": 139, "spe": 257}, "types": ["Ice", "Water"]}, "Kyurem": {"name": "Kyurem", "species": "Kyurem-Black", "speciesId": "kyuremblack", "gender": "N", "shiny": false, "level": 71, "moves": ["dragondance", "fusionbolt", "iciclespear", "scaleshot"], "ability": "Teravolt", "evs": {"hp": 85, "atk": 85, "def": 85, "spa": 85, "spd": 85, "spe": 85}, "ivs": {"hp": 31, "atk": 31, "def": 31, "spa": 31, "spd": 31, "spe": 31}, "item": "Loaded Dice", "teraType": "Electric", "role": "Setup Sweeper", "bvs": {"hp": 125, "atk": 170, "def": 100, "spa": 120, "spd": 90, "spe": 95}, "stats": {"hp": 295, "atk": 283, "def": 183, "spa": 212, "spd": 169, "spe": 176}, "types": ["Dragon", "Ice"]}}, {"Magcargo": {"name": "Magcargo", "species": "Magcargo", "speciesId": "magcargo", "gender": "M", "shiny": false, "level": 95, "moves": ["yawn", "recover", "powergem", "lavaplume"], "ability": "Flame Body", "evs": {"hp": 85, "atk": 0, "def": 85, "spa": 85, "spd": 85, "spe": 85}, "ivs": {"hp": 31, "atk": 0, "def": 31, "spa": 31, "spd": 31, "spe": 31}, "item": "Heavy-Duty Boots", "teraType": "Dragon", "role": "Bulky Support", "bvs": {"hp": 60, "atk": 50, "def": 120, "spa": 90, "spd": 80, "spe": 30}, "stats": {"hp": 268, "atk": 100, "def": 282, "spa": 225, "spd": 206, "spe": 111}, "types": ["Fire", "Rock"]}, "Tyranitar": {"name": "Tyranitar", "species": "Tyranitar", "speciesId": "tyranitar", "gender": "F", "shiny": false, "level": 78, "moves": ["stealthrock", "knockoff", "thunderwave", "stoneedge"], "ability": "Sand Stream", "evs": {"hp": 85, "atk": 85, "def": 85, "spa": 85, "spd": 85, "spe": 85}, "ivs": {"hp": 31, "atk": 31, "def": 31, "spa": 31, "spd": 31, "spe": 31}, "item": "Leftovers", "teraType": "Rock", "role": "Bulky Support", "bvs": {"hp": 100, "atk": 134, "def": 110, "spa": 95, "spd": 100, "spe": 61}, "stats": {"hp": 284, "atk": 254, "def": 217, "spa": 193, "spd": 201, "spe": 140}, "types": ["Rock", "Dark"]}, "Sceptile": {"name": "Sceptile", "species": "Sceptile", "speciesId": "sceptile", "gender": "M", "shiny": false, "level": 87, "moves": ["gigadrain", "earthquake", "rockslide", "shedtail"], "ability": "Overgrow", "evs": {"hp": 85, "atk": 85, "def": 85, "spa": 85, "spd": 85, "spe": 85}, "ivs": {"hp": 31, "atk": 31, "def": 31, "spa": 31, "spd": 31, "spe": 31}, "item": "Life Orb", "teraType": "Ground", "role": "Fast Attacker", "bvs": {"hp": 70, "atk": 85, "def": 65, "spa": 105, "spd": 85, "spe": 120}, "stats": {"hp": 264, "atk": 198, "def": 163, "spa": 232, "spd": 198, "spe": 259}, "types": ["Grass"]}, "Hydreigon": {"name": "Hydreigon", "species": "Hydreigon", "speciesId": "hydreigon", "gender": "F", "shiny": false, "level": 79, "moves": ["nastyplot", "dracometeor", "darkpulse", "flashcannon"], "ability": "Levitate", "evs": {"hp": 85, "atk": 0, "def": 85, "spa": 85, "spd": 85, "spe": 85}, "ivs": {"hp": 31, "atk": 0, "def": 31, "spa": 31, "spd": 31, "spe": 31}, "item": "Life Orb", "teraType": "Dark", "role": "Fast Attacker", "bvs": {"hp": 92, "atk": 105, "def": 90, "spa": 125, "spd": 90, "spe": 98}, "stats": {"hp": 275, "atk": 170, "def": 188, "spa": 243, "spd": 188, "spe": 200}, "types": ["Dark", "Dragon"]}, "Chesnaught": {"name": "Chesnaught", "species": "Chesnaught", "speciesId": "chesnaught", "gender": "M", "shiny": false, "level": 84, "moves": ["irondefense", "synthesis", "bodypress", "trailblaze"], "ability": "Bulletproof", "evs": {"hp": 85, "atk": 85, "def": 85, "spa": 85, "spd": 85, "spe": 85}, "ivs": {"hp": 31, "atk": 31, "def": 31, "spa": 31, "spd": 31, "spe": 31}, "item": "Leftovers", "teraType": "Steel", "role": "Fast Bulky Setup", "bvs": {"hp": 88, "atk": 107, "def": 122, "spa": 74, "spd": 75, "spe": 64}, "stats": {"hp": 285, "atk": 228, "def": 253, "spa": 173, "spd": 174, "spe": 156}, "types": ["Grass", "Fighting"]}, "Electivire": {"name": "Electivire", "species": "Electivire", "speciesId": "electivire", "gender": "F", "shiny": false, "level": 84, "moves": ["knockoff", "icepunch", "flamethrower", "supercellslam"], "ability": "Motor Drive", "evs": {"hp": 85, "atk": 85, "def": 85, "spa": 85, "spd": 85, "spe": 85}, "ivs": {"hp": 31, "atk": 31, "def": 31, "spa": 31, "spd": 31, "spe": 31}, "item": "Life Orb", "teraType": "Ice", "role": "Fast Attacker", "bvs": {"hp": 75, "atk": 123, "def": 67, "spa": 95, "spd": 85, "spe": 95}, "stats": {"hp": 263, "atk": 255, "def": 161, "spa": 208, "spd": 191, "spe": 208}, "types": ["Electric"]}}]}