{"id": "gen9randombattle-2641489711", "format": "[Gen 9] Random Battle", "players": ["pnm123", "portobellomushroom"], "log": "|badge|p2|bronze|gen9randombattle|100-9\n|html|<div class=\"broadcast-red\"><strong>This battle is required to be public due to one or more player having a season medal.</strong><br />During the public phase, you can discuss the state of the ladder <a href=\"/seasondiscussion\">in a special chatroom.</a></div>\n|uhtml|medal-msg|<div class=\"broadcast-blue\">Curious what those medals under the avatar are? PS now has Ladder Seasons! For more information, check out the <a href=\"https://www.smogon.com/forums/threads/3740067/\">thread on Smogon.</a></div>\n|raw|<div class=\"broadcast-blue\"><strong>This battle is required to be public due to a player having a name starting with 'medal'.</div>\n|j|\u203dpnm123\n|j|\u2606portobellomushroom\n|t:|1782793291\n|gametype|singles\n|player|p1|pnm123|fisherman-gen4|2290\n|player|p2|portobellomushroom|turo-ai|2288\n|gen|9\n|tier|[Gen 9] Random Battle\n|rated|\n|rule|Species Clause: Limit one of each Pok\u00e9mon\n|rule|HP Percentage Mod: HP is shown in percentages\n|rule|Sleep Clause Mod: Limit one foe put to sleep\n|rule|Illusion Level Mod: Illusion disguises the Pok\u00e9mon's true level\n|\n|t:|1782793291\n|teamsize|p1|6\n|teamsize|p2|6\n|start\n|switch|p1a: Zarude|Zarude, L77|288/288\n|switch|p2a: Mightyena|Mightyena, L96, M|290/290\n|-ability|p2a: Mightyena|Intimidate|boost\n|-unboost|p1a: Zarude|atk|1\n|turn|1\n|inactive|Battle timer is ON: inactive players will automatically lose when time's up. (requested by portobellomushroom)\n|inactive|pnm123 also wants the timer to be on.\n|inactive|pnm123 has 120 seconds left.\n|\n|t:|1782793341\n|move|p1a: Zarude|Knock Off|p2a: Mightyena\n|-resisted|p2a: Mightyena\n|-crit|p2a: Mightyena\n|-damage|p2a: Mightyena|209/290\n|-enditem|p2a: Mightyena|Assault Vest|[from] move: Knock Off|[of] p1a: Zarude\n|move|p2a: Mightyena|Play Rough|p1a: Zarude\n|-supereffective|p1a: Zarude\n|-damage|p1a: Zarude|126/288\n|\n|-heal|p1a: Zarude|144/288|[from] item: Leftovers\n|upkeep\n|turn|2\n|\n|t:|1782793352\n|move|p1a: Zarude|Synthesis|p1a: Zarude\n|-heal|p1a: Zarude|288/288\n|move|p2a: Mightyena|Poison Fang|p1a: Zarude\n|-supereffective|p1a: Zarude\n|-damage|p1a: Zarude|202/288\n|-status|p1a: Zarude|tox\n|\n|-heal|p1a: Zarude|220/288 tox|[from] item: Leftovers\n|-damage|p1a: Zarude|202/288 tox|[from] psn\n|upkeep\n|turn|3\n|\n|t:|1782793356\n|move|p1a: Zarude|Power Whip|p2a: Mightyena\n|-damage|p2a: Mightyena|130/290\n|move|p2a: Mightyena|Play Rough|p1a: Zarude|[miss]\n|-miss|p2a: Mightyena|p1a: Zarude\n|\n|-heal|p1a: Zarude|220/288 tox|[from] item: Leftovers\n|-damage|p1a: Zarude|184/288 tox|[from] psn\n|upkeep\n|turn|4\n|\n|t:|1782793360\n|move|p1a: Zarude|Power Whip|p2a: Mightyena|[miss]\n|-miss|p1a: Zarude|p2a: Mightyena\n|move|p2a: Mightyena|Play Rough|p1a: Zarude\n|-supereffective|p1a: Zarude\n|-damage|p1a: Zarude|30/288 tox\n|\n|-heal|p1a: Zarude|48/288 tox|[from] item: Leftovers\n|-damage|p1a: Zarude|0 fnt|[from] psn\n|faint|p1a: Zarude\n|upkeep\n|\n|t:|1782793362\n|switch|p1a: Volbeat|Volbeat, L90, M|263/263\n|turn|5\n|\n|t:|1782793371\n|switch|p2a: Squawkabilly|Squawkabilly-White, L89, M|291/291\n|move|p1a: Volbeat|U-turn|p2a: Squawkabilly\n|-resisted|p2a: Squawkabilly\n|-damage|p2a: Squawkabilly|245/291\n|\n|t:|1782793386\n|switch|p1a: Incineroar|Incineroar, L82, F|290/290|[from] U-turn\n|-ability|p1a: Incineroar|Intimidate|boost\n|-unboost|p2a: Squawkabilly|atk|1\n|\n|upkeep\n|turn|6\n|\n|t:|1782793391\n|switch|p2a: Mightyena|Mightyena, L96, M|130/290\n|-ability|p2a: Mightyena|Intimidate|boost\n|-unboost|p1a: Incineroar|atk|1\n|move|p1a: Incineroar|Will-O-Wisp|p2a: Mightyena\n|-status|p2a: Mightyena|brn\n|\n|-damage|p2a: Mightyena|112/290 brn|[from] brn\n|upkeep\n|turn|7\n|\n|t:|1782793394\n|switch|p1a: Volbeat|Volbeat, L90, M|263/263\n|move|p2a: Mightyena|Poison Fang|p1a: Volbeat\n|-damage|p1a: Volbeat|242/263\n|-status|p1a: Volbeat|tox\n|\n|-damage|p1a: Volbeat|226/263 tox|[from] psn\n|-damage|p2a: Mightyena|94/290 brn|[from] brn\n|upkeep\n|turn|8\n|\n|t:|1782793404\n|move|p2a: Mightyena|Sucker Punch|p1a: Volbeat\n|-damage|p1a: Volbeat|176/263 tox\n|move|p1a: Volbeat|U-turn|p2a: Mightyena\n|-supereffective|p2a: Mightyena\n|-damage|p2a: Mightyena|0 fnt\n|faint|p2a: Mightyena\n|\n|t:|1782793409\n|switch|p1a: Tinkaton|Tinkaton, L82, F|274/274|[from] U-turn\n|-ability|p1a: Tinkaton|Mold Breaker\n|\n|upkeep\n|\n|t:|1782793412\n|switch|p2a: Smeargle|Smeargle, L95, F|258/258\n|turn|9\n|\n|t:|1782793415\n|move|p1a: Tinkaton|Thunder Wave|p2a: Smeargle\n|-status|p2a: Smeargle|par\n|move|p2a: Smeargle|Spore|p1a: Tinkaton\n|-status|p1a: Tinkaton|slp|[from] move: Spore\n|\n|upkeep\n|turn|10\n|\n|t:|1782793418\n|cant|p1a: Tinkaton|slp\n|cant|p2a: Smeargle|par\n|\n|upkeep\n|turn|11\n|\n|t:|1782793422\n|cant|p1a: Tinkaton|slp\n|move|p2a: Smeargle|Sticky Web|p1a: Tinkaton\n|-sidestart|p1: pnm123|move: Sticky Web\n|\n|upkeep\n|turn|12\n|\n|t:|1782793425\n|cant|p1a: Tinkaton|slp\n|move|p2a: Smeargle|Stealth Rock|p1a: Tinkaton\n|-sidestart|p1: pnm123|move: Stealth Rock\n|\n|upkeep\n|turn|13\n|\n|t:|1782793429\n|-curestatus|p1a: Tinkaton|slp|[msg]\n|move|p1a: Tinkaton|Stealth Rock|p2a: Smeargle\n|-sidestart|p2: portobellomushroom|move: Stealth Rock\n|cant|p2a: Smeargle|par\n|\n|upkeep\n|turn|14\n|\n|t:|1782793433\n|move|p1a: Tinkaton|Gigaton Hammer|p2a: Smeargle\n|-crit|p2a: Smeargle\n|-enditem|p2a: Smeargle|Focus Sash\n|-damage|p2a: Smeargle|1/258 par\n|move|p2a: Smeargle|Spore|p1a: Tinkaton\n|-status|p1a: Tinkaton|slp|[from] move: Spore\n|\n|upkeep\n|turn|15\n|\n|t:|1782793436\n|cant|p1a: Tinkaton|slp\n|move|p2a: Smeargle|Ceaseless Edge|p1a: Tinkaton\n|-resisted|p1a: Tinkaton\n|-damage|p1a: Tinkaton|262/274 slp\n|-sidestart|p1: pnm123|Spikes\n|\n|-heal|p1a: Tinkaton|274/274 slp|[from] item: Leftovers\n|upkeep\n|turn|16\n|\n|t:|1782793438\n|cant|p1a: Tinkaton|slp\n|move|p2a: Smeargle|Ceaseless Edge|p1a: Tinkaton\n|-resisted|p1a: Tinkaton\n|-damage|p1a: Tinkaton|261/274 slp\n|-sidestart|p1: pnm123|Spikes\n|\n|-heal|p1a: Tinkaton|274/274 slp|[from] item: Leftovers\n|upkeep\n|turn|17\n|\n|t:|1782793440\n|-curestatus|p1a: Tinkaton|slp|[msg]\n|move|p1a: Tinkaton|Play Rough|p2a: Smeargle|[miss]\n|-miss|p1a: Tinkaton|p2a: Smeargle\n|move|p2a: Smeargle|Ceaseless Edge|p1a: Tinkaton\n|-resisted|p1a: Tinkaton\n|-damage|p1a: Tinkaton|262/274\n|-sidestart|p1: pnm123|Spikes\n|\n|-heal|p1a: Tinkaton|274/274|[from] item: Leftovers\n|upkeep\n|turn|18\n|\n|t:|1782793443\n|move|p1a: Tinkaton|Play Rough|p2a: Smeargle\n|-damage|p2a: Smeargle|0 fnt\n|faint|p2a: Smeargle\n|\n|upkeep\n|\n|t:|1782793461\n|switch|p2a: Grimmsnarl|Grimmsnarl, L83, M|293/293\n|-damage|p2a: Grimmsnarl|257/293|[from] Stealth Rock\n|turn|19\n|\n|t:|1782793465\n|move|p2a: Grimmsnarl|Reflect|p2a: Grimmsnarl\n|-sidestart|p2: portobellomushroom|Reflect\n|move|p1a: Tinkaton|Gigaton Hammer|p2a: Grimmsnarl\n|-supereffective|p2a: Grimmsnarl\n|-damage|p2a: Grimmsnarl|82/293\n|\n|upkeep\n|turn|20\n|\n|t:|1782793468\n|move|p2a: Grimmsnarl|Thunder Wave|p1a: Tinkaton\n|-status|p1a: Tinkaton|par\n|move|p1a: Tinkaton|Play Rough|p2a: Grimmsnarl\n|-supereffective|p2a: Grimmsnarl\n|-damage|p2a: Grimmsnarl|0 fnt\n|faint|p2a: Grimmsnarl\n|\n|upkeep\n|\n|t:|1782793472\n|switch|p2a: Hitmonlee|Hitmonlee, L85, M|223/223\n|-damage|p2a: Hitmonlee|210/223|[from] Stealth Rock\n|turn|21\n|\n|t:|1782793475\n|move|p2a: Hitmonlee|High Jump Kick|p1a: Tinkaton\n|-damage|p1a: Tinkaton|0 fnt\n|faint|p1a: Tinkaton\n|\n|upkeep\n|\n|t:|1782793492\n|switch|p1a: Salamence|Salamence, L77, M|273/273\n|-ability|p1a: Salamence|Intimidate|boost\n|-unboost|p2a: Hitmonlee|atk|1\n|turn|22\n|\n|t:|1782793496\n|switch|p1a: Basculegion|Basculegion, L80, M|323/323\n|-activate|p1a: Basculegion|move: Sticky Web\n|-unboost|p1a: Basculegion|spe|1\n|-damage|p1a: Basculegion|283/323|[from] Stealth Rock\n|-damage|p1a: Basculegion|203/323|[from] Spikes\n|switch|p2a: Whimsicott|Whimsicott, L84, F|238/238\n|-damage|p2a: Whimsicott|209/238|[from] Stealth Rock\n|\n|-heal|p2a: Whimsicott|223/238|[from] item: Leftovers\n|upkeep\n|turn|23\n|\n|t:|1782793506\n|move|p2a: Whimsicott|Substitute|p2a: Whimsicott\n|-start|p2a: Whimsicott|Substitute\n|-damage|p2a: Whimsicott|164/238\n|move|p1a: Basculegion|Shadow Ball|p2a: Whimsicott\n|-end|p2a: Whimsicott|Substitute\n|\n|-heal|p2a: Whimsicott|178/238|[from] item: Leftovers\n|upkeep\n|turn|24\n|\n|t:|1782793510\n|move|p2a: Whimsicott|Leech Seed|p1a: Basculegion\n|-start|p1a: Basculegion|move: Leech Seed\n|move|p1a: Basculegion|Flip Turn|p2a: Whimsicott\n|-resisted|p2a: Whimsicott\n|-damage|p2a: Whimsicott|156/238\n|\n|t:|1782793511\n|switch|p1a: Volbeat|Volbeat, L90, M|176/263 tox|[from] Flip Turn\n|\n|-heal|p2a: Whimsicott|170/238|[from] item: Leftovers\n|-damage|p1a: Volbeat|160/263 tox|[from] psn\n|upkeep\n|turn|25\n|\n|t:|1782793516\n|switch|p2a: Squawkabilly|Squawkabilly-White, L89, M|245/291\n|-damage|p2a: Squawkabilly|173/291|[from] Stealth Rock\n|move|p1a: Volbeat|U-turn|p2a: Squawkabilly\n|-resisted|p2a: Squawkabilly\n|-damage|p2a: Squawkabilly|151/291\n|\n|t:|1782793520\n|switch|p1a: Incineroar|Incineroar, L82, F|290/290|[from] U-turn\n|-ability|p1a: Incineroar|Intimidate|boost\n|-unboost|p2a: Squawkabilly|atk|1\n|\n|upkeep\n|turn|26\n|\n|t:|1782793527\n|move|p2a: Squawkabilly|Brave Bird|p1a: Incineroar\n|-damage|p1a: Incineroar|68/290\n|-damage|p2a: Squawkabilly|78/291|[from] Recoil\n|move|p1a: Incineroar|Will-O-Wisp|p2a: Squawkabilly\n|-status|p2a: Squawkabilly|brn\n|\n|-damage|p2a: Squawkabilly|60/291 brn|[from] brn\n|-sideend|p2: portobellomushroom|Reflect\n|upkeep\n|turn|27\n|\n|t:|1782793531\n|move|p2a: Squawkabilly|Brave Bird|p1a: Incineroar\n|-damage|p1a: Incineroar|0 fnt\n|faint|p1a: Incineroar\n|-damage|p2a: Squawkabilly|38/291 brn|[from] Recoil\n|\n|-damage|p2a: Squawkabilly|20/291 brn|[from] brn\n|upkeep\n|\n|t:|1782793546\n|switch|p1a: Salamence|Salamence, L77, M|273/273\n|-ability|p1a: Salamence|Intimidate|boost\n|-unboost|p2a: Squawkabilly|atk|1\n|turn|28\n|\n|t:|1782793556\n|move|p2a: Squawkabilly|Brave Bird|p1a: Salamence\n|-damage|p1a: Salamence|189/273\n|-damage|p2a: Squawkabilly|0 fnt|[from] Recoil\n|faint|p2a: Squawkabilly\n|move|p1a: Salamence|Dual Wingbeat|p2: Squawkabilly|[notarget]\n|-fail|p1a: Salamence\n|\n|upkeep\n|\n|t:|1782793565\n|switch|p2a: Whimsicott|Whimsicott, L84, F|170/238\n|-damage|p2a: Whimsicott|141/238|[from] Stealth Rock\n|turn|29\n|\n|t:|1782793577\n|switch|p1a: Volbeat|Volbeat, L90, M|160/263 tox\n|-terastallize|p2a: Whimsicott|Poison\n|move|p2a: Whimsicott|Leech Seed|p1a: Volbeat\n|-start|p1a: Volbeat|move: Leech Seed\n|\n|-heal|p2a: Whimsicott|155/238|[from] item: Leftovers\n|-damage|p1a: Volbeat|128/263 tox|[from] Leech Seed|[of] p2a: Whimsicott\n|-heal|p2a: Whimsicott|187/238|[silent]\n|-damage|p1a: Volbeat|112/263 tox|[from] psn\n|upkeep\n|turn|30\n|\n|t:|1782793584\n|move|p2a: Whimsicott|Substitute|p2a: Whimsicott\n|-start|p2a: Whimsicott|Substitute\n|-damage|p2a: Whimsicott|128/238\n|move|p1a: Volbeat|U-turn|p2a: Whimsicott\n|-resisted|p2a: Whimsicott\n|-crit|p2a: Whimsicott\n|-activate|p2a: Whimsicott|move: Substitute|[damage]\n|\n|t:|1782793587\n|switch|p1a: Salamence|Salamence, L77, M|189/273|[from] U-turn\n|-ability|p1a: Salamence|Intimidate|boost\n|-immune|p2a: Whimsicott\n|\n|-heal|p2a: Whimsicott|142/238|[from] item: Leftovers\n|upkeep\n|turn|31\n|\n|t:|1782793594\n|switch|p1a: Volbeat|Volbeat, L90, M|112/263 tox\n|move|p2a: Whimsicott|Moonblast|p1a: Volbeat\n|-damage|p1a: Volbeat|31/263 tox\n|-unboost|p1a: Volbeat|spa|1\n|\n|-heal|p2a: Whimsicott|156/238|[from] item: Leftovers\n|-damage|p1a: Volbeat|15/263 tox|[from] psn\n|upkeep\n|turn|32\n|\n|t:|1782793597\n|move|p1a: Volbeat|Encore|p2a: Whimsicott\n|-start|p2a: Whimsicott|Encore\n|move|p2a: Whimsicott|Moonblast|p1a: Volbeat\n|-damage|p1a: Volbeat|0 fnt\n|faint|p1a: Volbeat\n|\n|-heal|p2a: Whimsicott|170/238|[from] item: Leftovers\n|upkeep\n|\n|t:|1782793600\n|switch|p1a: Salamence|Salamence, L77, M|189/273\n|-ability|p1a: Salamence|Intimidate|boost\n|-immune|p2a: Whimsicott\n|turn|33\n|\n|t:|1782793602\n|-terastallize|p1a: Salamence|Ground\n|move|p2a: Whimsicott|Moonblast|p1a: Salamence\n|-damage|p1a: Salamence|92/273\n|move|p1a: Salamence|Dragon Dance|p1a: Salamence\n|-boost|p1a: Salamence|atk|1\n|-boost|p1a: Salamence|spe|1\n|\n|-heal|p2a: Whimsicott|184/238|[from] item: Leftovers\n|upkeep\n|turn|34\n|\n|t:|1782793607\n|move|p1a: Salamence|Dual Wingbeat|p2a: Whimsicott\n|-end|p2a: Whimsicott|Substitute\n|-damage|p2a: Whimsicott|115/238\n|-hitcount|p2a: Whimsicott|2\n|move|p2a: Whimsicott|Moonblast|p1a: Salamence\n|-damage|p1a: Salamence|0 fnt\n|faint|p1a: Salamence\n|\n|-heal|p2a: Whimsicott|129/238|[from] item: Leftovers\n|-end|p2a: Whimsicott|Encore\n|upkeep\n|j| Kyoshi3\n|\n|t:|1782793611\n|switch|p1a: Basculegion|Basculegion, L80, M|203/323\n|-activate|p1a: Basculegion|move: Sticky Web\n|-unboost|p1a: Basculegion|spe|1\n|-damage|p1a: Basculegion|163/323|[from] Stealth Rock\n|-damage|p1a: Basculegion|83/323|[from] Spikes\n|turn|35\n|\n|t:|1782793617\n|move|p2a: Whimsicott|Moonblast|p1a: Basculegion\n|-damage|p1a: Basculegion|16/323\n|move|p1a: Basculegion|Shadow Ball|p2a: Whimsicott\n|-damage|p2a: Whimsicott|29/238\n|\n|-heal|p2a: Whimsicott|43/238|[from] item: Leftovers\n|upkeep\n|turn|36\n|\n|t:|1782793620\n|move|p1a: Basculegion|Aqua Jet|p2a: Whimsicott\n|-damage|p2a: Whimsicott|0 fnt\n|faint|p2a: Whimsicott\n|\n|upkeep\n|\n|t:|1782793622\n|switch|p2a: Hitmonlee|Hitmonlee, L85, M|210/223\n|-damage|p2a: Hitmonlee|197/223|[from] Stealth Rock\n|turn|37\n|\n|t:|1782793624\n|move|p1a: Basculegion|Aqua Jet|p2a: Hitmonlee\n|-damage|p2a: Hitmonlee|115/223\n|move|p2a: Hitmonlee|Knock Off|p1a: Basculegion\n|-supereffective|p1a: Basculegion\n|-damage|p1a: Basculegion|0 fnt\n|-enditem|p1a: Basculegion|Assault Vest|[from] move: Knock Off|[of] p2a: Hitmonlee\n|faint|p1a: Basculegion\n|\n|win|portobellomushroom\n", "inputlog": ">version f8ac14003a5f27e1bdc8d8c59608a773c1cb96e5\n>start {\"formatid\":\"gen9randombattle\",\"seed\":\"sodium,3d498f5a971ed44a2cecce51758b6959\",\"rated\":\"Rated battle\"}\n>player p1 {\"name\":\"pnm123\",\"avatar\":\"fisherman-gen4\",\"rating\":2290,\"seed\":\"sodium,4af0f15b7c75e84142fadfc4ca623c69\"}\n>player p2 {\"name\":\"portobellomushroom\",\"avatar\":\"turo-ai\",\"rating\":2288,\"seed\":\"sodium,f163165da01dbfa423e5b5cf7fcd3e23\"}\n>p1 move knockoff\n>p2 move playrough\n>p1 move synthesis\n>p2 move poisonfang\n>p1 move powerwhip\n>p2 move playrough\n>p1 move powerwhip\n>p2 move playrough\n>p1 switch 3\n>p1 move uturn\n>p2 switch 5\n>p1 switch 2\n>p1 move willowisp\n>p2 switch 5\n>p1 switch 2\n>p2 move poisonfang\n>p1 move uturn\n>p2 move suckerpunch\n>p1 switch 5\n>p2 switch 4\n>p1 move thunderwave\n>p2 move spore\n>p1 move stealthrock\n>p2 move stickyweb\n>p1 move gigatonhammer\n>p2 move stickyweb\n>p1 move gigatonhammer\n>p2 move stealthrock\n>p1 move stealthrock\n>p2 move spore\n>p1 move gigatonhammer\n>p2 move spore\n>p1 move playrough\n>p2 move ceaselessedge\n>p1 move playrough\n>p2 move ceaselessedge\n>p1 move playrough\n>p2 move ceaselessedge\n>p1 move playrough\n>p2 move spore\n>p2 switch 2\n>p1 move gigatonhammer\n>p2 move reflect\n>p1 move playrough\n>p2 move thunderwave\n>p2 switch 6\n>p1 move thunderwave\n>p2 move highjumpkick\n>p1 switch 4\n>p1 switch 6\n>p2 switch 3\n>p1 move shadowball\n>p2 move substitute\n>p1 move flipturn\n>p2 move leechseed\n>p1 switch 5\n>p1 move uturn\n>p2 switch 5\n>p1 switch 2\n>p1 move willowisp\n>p2 move bravebird\n>p1 move knockoff\n>p2 move bravebird\n>p1 switch 6\n>p1 move dualwingbeat\n>p2 move bravebird\n>p2 switch 5\n>p1 switch 2\n>p2 move leechseed terastallize\n>p1 move uturn\n>p2 move substitute\n>p1 switch 2\n>p1 switch 2\n>p2 move moonblast\n>p1 move encore\n>p2 move moonblast\n>p1 switch 2\n>p1 move dragondance terastallize\n>p2 move moonblast\n>p1 move dualwingbeat\n>p2 move moonblast\n>p1 switch 5\n>p1 move shadowball\n>p2 move moonblast\n>p1 move aquajet\n>p2 move moonblast\n>p2 switch 3\n>p1 move aquajet\n>p2 move knockoff", "uploadtime": 1782793292, "views": 3, "formatid": "gen9randombattle", "rating": null, "private": 0, "password": null, "player_dets": [{"name": "pnm123", "avatar": "fisherman-gen4", "rating": 2290, "seed": "sodium,4af0f15b7c75e84142fadfc4ca623c69"}, {"name": "portobellomushroom", "avatar": "turo-ai", "rating": 2288, "seed": "sodium,f163165da01dbfa423e5b5cf7fcd3e23"}], "teams_full": [{"Zarude": {"name": "Zarude", "species": "Zarude", "speciesId": "zarude", "gender": "N", "shiny": false, "level": 77, "moves": ["synthesis", "powerwhip", "knockoff", "swordsdance"], "ability": "Leaf Guard", "evs": {"hp": 85, "atk": 85, "def": 85, "spa": 85, "spd": 85, "spe": 85}, "ivs": {"hp": 31, "atk": 31, "def": 31, "spa": 31, "spd": 31, "spe": 31}, "item": "Leftovers", "teraType": "Dark", "role": "Fast Bulky Setup", "bvs": {"hp": 105, "atk": 120, "def": 105, "spa": 70, "spd": 95, "spe": 105}, "stats": {"hp": 288, "atk": 229, "def": 206, "spa": 152, "spd": 191, "spe": 206}, "types": ["Dark", "Grass"]}, "Incineroar": {"name": "Incineroar", "species": "Incineroar", "speciesId": "incineroar", "gender": "F", "shiny": false, "level": 82, "moves": ["flareblitz", "knockoff", "willowisp", "closecombat"], "ability": "Intimidate", "evs": {"hp": 85, "atk": 85, "def": 85, "spa": 85, "spd": 85, "spe": 85}, "ivs": {"hp": 31, "atk": 31, "def": 31, "spa": 31, "spd": 31, "spe": 31}, "item": "Heavy-Duty Boots", "teraType": "Water", "role": "Fast Attacker", "bvs": {"hp": 95, "atk": 115, "def": 90, "spa": 80, "spd": 90, "spe": 60}, "stats": {"hp": 290, "atk": 236, "def": 195, "spa": 178, "spd": 195, "spe": 146}, "types": ["Fire", "Dark"]}, "Volbeat": {"name": "Volbeat", "species": "Volbeat", "speciesId": "volbeat", "gender": "M", "shiny": false, "level": 90, "moves": ["encore", "uturn", "thunderwave", "roost"], "ability": "Prankster", "evs": {"hp": 85, "atk": 85, "def": 85, "spa": 85, "spd": 85, "spe": 85}, "ivs": {"hp": 31, "atk": 31, "def": 31, "spa": 31, "spd": 31, "spe": 31}, "item": "Heavy-Duty Boots", "teraType": "Water", "role": "Bulky Support", "bvs": {"hp": 65, "atk": 73, "def": 75, "spa": 47, "spd": 85, "spe": 85}, "stats": {"hp": 263, "atk": 183, "def": 186, "spa": 136, "spd": 204, "spe": 204}, "types": ["Bug"]}, "Salamence": {"name": "Salamence", "species": "Salamence", "speciesId": "salamence", "gender": "M", "shiny": false, "level": 77, "moves": ["earthquake", "dragondance", "outrage", "dualwingbeat"], "ability": "Intimidate", "evs": {"hp": 85, "atk": 85, "def": 85, "spa": 85, "spd": 85, "spe": 85}, "ivs": {"hp": 31, "atk": 31, "def": 31, "spa": 31, "spd": 31, "spe": 31}, "item": "Heavy-Duty Boots", "teraType": "Ground", "role": "Setup Sweeper", "bvs": {"hp": 95, "atk": 135, "def": 80, "spa": 110, "spd": 80, "spe": 100}, "stats": {"hp": 273, "atk": 252, "def": 168, "spa": 214, "spd": 168, "spe": 199}, "types": ["Dragon", "Flying"]}, "Tinkaton": {"name": "Tinkaton", "species": "Tinkaton", "speciesId": "tinkaton", "gender": "F", "shiny": false, "level": 82, "moves": ["gigatonhammer", "stealthrock", "thunderwave", "playrough"], "ability": "Mold Breaker", "evs": {"hp": 85, "atk": 85, "def": 85, "spa": 85, "spd": 85, "spe": 85}, "ivs": {"hp": 31, "atk": 31, "def": 31, "spa": 31, "spd": 31, "spe": 31}, "item": "Leftovers", "teraType": "Water", "role": "Bulky Attacker", "bvs": {"hp": 85, "atk": 75, "def": 77, "spa": 70, "spd": 105, "spe": 94}, "stats": {"hp": 274, "atk": 170, "def": 173, "spa": 162, "spd": 219, "spe": 201}, "types": ["Fairy", "Steel"]}, "Basculegion": {"name": "Basculegion", "species": "Basculegion", "speciesId": "basculegion", "gender": "M", "shiny": false, "level": 80, "moves": ["aquajet", "flipturn", "shadowball", "wavecrash"], "ability": "Adaptability", "evs": {"hp": 85, "atk": 85, "def": 85, "spa": 85, "spd": 85, "spe": 85}, "ivs": {"hp": 31, "atk": 31, "def": 31, "spa": 31, "spd": 31, "spe": 31}, "item": "Assault Vest", "teraType": "Water", "role": "AV Pivot", "bvs": {"hp": 120, "atk": 112, "def": 65, "spa": 80, "spd": 75, "spe": 78}, "stats": {"hp": 323, "atk": 225, "def": 150, "spa": 174, "spd": 166, "spe": 171}, "types": ["Water", "Ghost"]}}, {"Mightyena": {"name": "Mightyena", "species": "Mightyena", "speciesId": "mightyena", "gender": "M", "shiny": false, "level": 96, "moves": ["suckerpunch", "throatchop", "poisonfang", "playrough"], "ability": "Intimidate", "evs": {"hp": 85, "atk": 85, "def": 85, "spa": 85, "spd": 85, "spe": 85}, "ivs": {"hp": 31, "atk": 31, "def": 31, "spa": 31, "spd": 31, "spe": 31}, "item": "Assault Vest", "teraType": "Fairy", "role": "AV Pivot", "bvs": {"hp": 70, "atk": 90, "def": 70, "spa": 60, "spd": 60, "spe": 70}, "stats": {"hp": 290, "atk": 227, "def": 189, "spa": 170, "spd": 170, "spe": 189}, "types": ["Dark"]}, "Grimmsnarl": {"name": "Grimmsnarl", "species": "Grimmsnarl", "speciesId": "grimmsnarl", "gender": "M", "shiny": false, "level": 83, "moves": ["reflect", "thunderwave", "spiritbreak", "lightscreen"], "ability": "Prankster", "evs": {"hp": 85, "atk": 85, "def": 85, "spa": 85, "spd": 85, "spe": 85}, "ivs": {"hp": 31, "atk": 31, "def": 31, "spa": 31, "spd": 31, "spe": 31}, "item": "Light Clay", "teraType": "Poison", "role": "Bulky Support", "bvs": {"hp": 95, "atk": 120, "def": 65, "spa": 95, "spd": 75, "spe": 60}, "stats": {"hp": 293, "atk": 247, "def": 156, "spa": 205, "spd": 172, "spe": 147}, "types": ["Dark", "Fairy"]}, "Whimsicott": {"name": "Whimsicott", "species": "Whimsicott", "speciesId": "whimsicott", "gender": "F", "shiny": false, "level": 84, "moves": ["moonblast", "leechseed", "encore", "substitute"], "ability": "Prankster", "evs": {"hp": 85, "atk": 0, "def": 85, "spa": 85, "spd": 85, "spe": 85}, "ivs": {"hp": 31, "atk": 0, "def": 31, "spa": 31, "spd": 31, "spe": 31}, "item": "Leftovers", "teraType": "Poison", "role": "Bulky Support", "bvs": {"hp": 60, "atk": 67, "def": 85, "spa": 77, "spd": 75, "spe": 116}, "stats": {"hp": 238, "atk": 117, "def": 191, "spa": 178, "spd": 174, "spe": 243}, "types": ["Grass", "Fairy"]}, "Smeargle": {"name": "Smeargle", "species": "Smeargle", "speciesId": "smeargle", "gender": "F", "shiny": false, "level": 95, "moves": ["spore", "ceaselessedge", "stickyweb", "stealthrock"], "ability": "Own Tempo", "evs": {"hp": 85, "atk": 85, "def": 85, "spa": 85, "spd": 85, "spe": 85}, "ivs": {"hp": 31, "atk": 31, "def": 31, "spa": 31, "spd": 31, "spe": 31}, "item": "Focus Sash", "teraType": "Ghost", "role": "Fast Support", "bvs": {"hp": 55, "atk": 20, "def": 35, "spa": 20, "spd": 45, "spe": 75}, "stats": {"hp": 258, "atk": 92, "def": 120, "spa": 92, "spd": 139, "spe": 196}, "types": ["Normal"]}, "Squawkabilly": {"name": "Squawkabilly", "species": "Squawkabilly-White", "speciesId": "squawkabillywhite", "gender": "M", "shiny": false, "level": 89, "moves": ["bravebird", "quickattack", "doubleedge", "foulplay"], "ability": "Hustle", "evs": {"hp": 85, "atk": 85, "def": 85, "spa": 85, "spd": 85, "spe": 85}, "ivs": {"hp": 31, "atk": 31, "def": 31, "spa": 31, "spd": 31, "spe": 31}, "item": "Choice Band", "teraType": "Flying", "role": "Wallbreaker", "bvs": {"hp": 82, "atk": 96, "def": 51, "spa": 45, "spd": 51, "spe": 92}, "stats": {"hp": 291, "atk": 222, "def": 142, "spa": 131, "spd": 142, "spe": 215}, "types": ["Normal", "Flying"]}, "Hitmonlee": {"name": "Hitmonlee", "species": "Hitmonlee", "speciesId": "hitmonlee", "gender": "M", "shiny": false, "level": 85, "moves": ["highjumpkick", "stoneedge", "knockoff", "machpunch"], "ability": "Reckless", "evs": {"hp": 81, "atk": 85, "def": 85, "spa": 85, "spd": 85, "spe": 85}, "ivs": {"hp": 31, "atk": 31, "def": 31, "spa": 31, "spd": 31, "spe": 31}, "item": "Choice Band", "teraType": "Fighting", "role": "Fast Attacker", "bvs": {"hp": 50, "atk": 120, "def": 53, "spa": 35, "spd": 110, "spe": 87}, "stats": {"hp": 223, "atk": 253, "def": 139, "spa": 108, "spd": 236, "spe": 197}, "types": ["Fighting"]}}]}