{"id": "gen9randombattle-2641523558", "format": "[Gen 9] Random Battle", "players": ["Winterstellor", "tidiv"], "log": "|j|\u2606Winterstellor\n|j|\u2606tidiv\n|t:|1782800266\n|gametype|singles\n|player|p1|Winterstellor|169|1901\n|player|p2|tidiv|102|1920\n|gen|9\n|tier|[Gen 9] Random Battle\n|rated|\n|rule|Species Clause: Limit one of each Pok\u00e9mon\n|rule|HP Percentage Mod: HP is shown in percentages\n|rule|Sleep Clause Mod: Limit one foe put to sleep\n|rule|Illusion Level Mod: Illusion disguises the Pok\u00e9mon's true level\n|\n|t:|1782800266\n|teamsize|p1|6\n|teamsize|p2|6\n|start\n|switch|p1a: Girafarig|Girafarig, L89, F|269/269\n|switch|p2a: Scrafty|Scrafty, L83, F|244/244\n|-ability|p2a: Scrafty|Intimidate|boost\n|-unboost|p1a: Girafarig|atk|1\n|turn|1\n|inactive|Battle timer is ON: inactive players will automatically lose when time's up. (requested by tidiv)\n|\n|t:|1782800277\n|switch|p2a: Bronzong|Bronzong, L88|261/261\n|move|p1a: Girafarig|Nasty Plot|p1a: Girafarig\n|-boost|p1a: Girafarig|spa|2\n|\n|upkeep\n|turn|2\n|\n|t:|1782800287\n|-terastallize|p1a: Girafarig|Electric\n|move|p1a: Girafarig|Thunderbolt|p2a: Bronzong\n|-damage|p2a: Bronzong|111/261\n|move|p2a: Bronzong|Iron Head|p1a: Girafarig\n|-resisted|p1a: Girafarig\n|-damage|p1a: Girafarig|233/269\n|\n|upkeep\n|turn|3\n|\n|t:|1782800291\n|move|p1a: Girafarig|Nasty Plot|p1a: Girafarig\n|-boost|p1a: Girafarig|spa|2\n|move|p2a: Bronzong|Body Press|p1a: Girafarig\n|-damage|p1a: Girafarig|174/269\n|\n|upkeep\n|turn|4\n|\n|t:|1782800294\n|move|p1a: Girafarig|Thunderbolt|p2a: Bronzong\n|-damage|p2a: Bronzong|0 fnt\n|faint|p2a: Bronzong\n|\n|upkeep\n|\n|t:|1782800303\n|switch|p2a: Donphan|Donphan, L84, F|288/288\n|turn|5\n|\n|t:|1782800310\n|switch|p1a: Vespiquen|Vespiquen, L99, F|299/299\n|-ability|p1a: Vespiquen|Pressure\n|move|p2a: Donphan|Earthquake|p1a: Vespiquen\n|-immune|p1a: Vespiquen\n|\n|upkeep\n|turn|6\n|\n|t:|1782800313\n|move|p1a: Vespiquen|Toxic|p2a: Donphan\n|-status|p2a: Donphan|tox\n|move|p2a: Donphan|Stealth Rock|p1a: Vespiquen\n|-sidestart|p1: Winterstellor|move: Stealth Rock\n|\n|-damage|p2a: Donphan|270/288 tox|[from] psn\n|upkeep\n|turn|7\n|\n|t:|1782800317\n|move|p1a: Vespiquen|Air Slash|p2a: Donphan\n|-damage|p2a: Donphan|147/288 tox\n|move|p2a: Donphan|Knock Off|p1a: Vespiquen\n|-damage|p1a: Vespiquen|241/299\n|-enditem|p1a: Vespiquen|Heavy-Duty Boots|[from] move: Knock Off|[of] p2a: Donphan\n|\n|-heal|p2a: Donphan|165/288 tox|[from] item: Leftovers\n|-damage|p2a: Donphan|129/288 tox|[from] psn\n|upkeep\n|turn|8\n|\n|t:|1782800335\n|move|p1a: Vespiquen|Air Slash|p2a: Donphan\n|-damage|p2a: Donphan|0 fnt\n|faint|p2a: Donphan\n|\n|upkeep\n|\n|t:|1782800338\n|switch|p2a: Reuniclus|Reuniclus, L88, F|337/337\n|turn|9\n|\n|t:|1782800341\n|switch|p1a: Flareon|Flareon, L90, F|263/263\n|-damage|p1a: Flareon|198/263|[from] Stealth Rock\n|move|p2a: Reuniclus|Calm Mind|p2a: Reuniclus\n|-boost|p2a: Reuniclus|spa|1\n|-boost|p2a: Reuniclus|spd|1\n|\n|-status|p1a: Flareon|tox|[from] item: Toxic Orb\n|upkeep\n|turn|10\n|\n|t:|1782800345\n|switch|p2a: Kyogre|Kyogre, L71|259/259\n|-weather|RainDance|[from] ability: Drizzle|[of] p2a: Kyogre\n|move|p1a: Flareon|Facade|p2a: Kyogre\n|-damage|p2a: Kyogre|11/259\n|\n|-weather|RainDance|[upkeep]\n|-heal|p2a: Kyogre|27/259|[from] item: Leftovers\n|-damage|p1a: Flareon|182/263 tox|[from] psn\n|upkeep\n|turn|11\n|\n|t:|1782800352\n|switch|p1a: Groudon|Groudon, L72|263/263\n|-damage|p1a: Groudon|247/263|[from] Stealth Rock\n|-weather|SunnyDay|[from] ability: Drought|[of] p1a: Groudon\n|move|p2a: Kyogre|Origin Pulse|p1a: Groudon\n|-supereffective|p1a: Groudon\n|-crit|p1a: Groudon\n|-damage|p1a: Groudon|61/263\n|\n|-weather|SunnyDay|[upkeep]\n|-heal|p1a: Groudon|77/263|[from] item: Leftovers\n|-heal|p2a: Kyogre|43/259|[from] item: Leftovers\n|upkeep\n|turn|12\n|\n|t:|1782800356\n|move|p1a: Groudon|Heat Crash|p2a: Kyogre\n|-resisted|p2a: Kyogre\n|-damage|p2a: Kyogre|8/259\n|move|p2a: Kyogre|Ice Beam|p1a: Groudon\n|-supereffective|p1a: Groudon\n|-damage|p1a: Groudon|0 fnt\n|faint|p1a: Groudon\n|\n|-weather|SunnyDay|[upkeep]\n|-heal|p2a: Kyogre|24/259|[from] item: Leftovers\n|upkeep\n|\n|t:|1782800361\n|switch|p1a: Flareon|Flareon, L90, F|182/263 tox\n|-damage|p1a: Flareon|117/263 tox|[from] Stealth Rock\n|turn|13\n|\n|t:|1782800366\n|move|p2a: Kyogre|Origin Pulse|p1a: Flareon\n|-supereffective|p1a: Flareon\n|-damage|p1a: Flareon|25/263 tox\n|move|p1a: Flareon|Trailblaze|p2a: Kyogre\n|-supereffective|p2a: Kyogre\n|-damage|p2a: Kyogre|0 fnt\n|-boost|p1a: Flareon|spe|1\n|faint|p2a: Kyogre\n|\n|-weather|SunnyDay|[upkeep]\n|-damage|p1a: Flareon|9/263 tox|[from] psn\n|upkeep\n|\n|t:|1782800371\n|switch|p2a: Zarude|Zarude, L77|288/288\n|turn|14\n|\n|t:|1782800375\n|move|p2a: Zarude|U-turn|p1a: Flareon\n|-resisted|p1a: Flareon\n|-damage|p1a: Flareon|0 fnt\n|faint|p1a: Flareon\n|\n|t:|1782800378\n|switch|p2a: Reuniclus|Reuniclus, L88, F|337/337|[from] U-turn\n|\n|-weather|SunnyDay|[upkeep]\n|upkeep\n|\n|t:|1782800383\n|switch|p1a: Gholdengo|Gholdengo, L77|261/261\n|-damage|p1a: Gholdengo|245/261|[from] Stealth Rock\n|turn|15\n|\n|t:|1782800387\n|switch|p2a: Zarude|Zarude, L77|288/288\n|move|p1a: Gholdengo|Trick|p2a: Zarude\n|-activate|p1a: Gholdengo|move: Trick|[of] p2a: Zarude\n|-item|p2a: Zarude|Choice Scarf|[from] move: Trick\n|-item|p1a: Gholdengo|Choice Scarf|[from] move: Trick\n|\n|-weather|none\n|upkeep\n|turn|16\n|\n|t:|1782800391\n|switch|p1a: Vespiquen|Vespiquen, L99, F|241/299\n|-damage|p1a: Vespiquen|92/299|[from] Stealth Rock\n|-ability|p1a: Vespiquen|Pressure\n|move|p2a: Zarude|Knock Off|p1a: Vespiquen\n|-damage|p1a: Vespiquen|40/299\n|\n|upkeep\n|turn|17\n|\n|t:|1782800395\n|move|p2a: Zarude|Knock Off|p1a: Vespiquen\n|-crit|p1a: Vespiquen\n|-damage|p1a: Vespiquen|0 fnt\n|faint|p1a: Vespiquen\n|\n|upkeep\n|\n|t:|1782800397\n|switch|p1a: Munkidori|Munkidori, L79, M|269/269\n|-damage|p1a: Munkidori|236/269|[from] Stealth Rock\n|turn|18\n|\n|t:|1782800400\n|move|p2a: Zarude|Knock Off|p1a: Munkidori\n|-supereffective|p1a: Munkidori\n|-damage|p1a: Munkidori|0 fnt\n|-enditem|p1a: Munkidori|Life Orb|[from] move: Knock Off|[of] p2a: Zarude\n|faint|p1a: Munkidori\n|\n|upkeep\n|inactive|Winterstellor has 120 seconds left.\n|\n|t:|1782800431\n|switch|p1a: Girafarig|Girafarig, L89, F, tera:Electric|174/269\n|-damage|p1a: Girafarig|141/269|[from] Stealth Rock\n|turn|19\n|\n|t:|1782800441\n|move|p2a: Zarude|Knock Off|p1a: Girafarig\n|-damage|p1a: Girafarig|59/269\n|-enditem|p1a: Girafarig|Eviolite|[from] move: Knock Off|[of] p2a: Zarude\n|move|p1a: Girafarig|Thunderbolt|p2a: Zarude\n|-resisted|p2a: Zarude\n|-damage|p2a: Zarude|232/288\n|\n|upkeep\n|turn|20\n|\n|t:|1782800446\n|move|p2a: Zarude|Knock Off|p1a: Girafarig\n|-damage|p1a: Girafarig|0 fnt\n|faint|p1a: Girafarig\n|\n|upkeep\n|-message|Winterstellor forfeited.\n|\n|win|tidiv\n|raw|Winterstellor's rating: 1901 &rarr; <strong>1882</strong><br />(-19 for losing)\n|raw|tidiv's rating: 1920 &rarr; <strong>1939</strong><br />(+19 for winning)\n", "inputlog": ">version f8ac14003a5f27e1bdc8d8c59608a773c1cb96e5\n>start {\"formatid\":\"gen9randombattle\",\"seed\":\"sodium,328616e45de06a28a85c35317329a9ef\",\"rated\":\"Rated battle\"}\n>player p1 {\"name\":\"Winterstellor\",\"avatar\":\"169\",\"rating\":1901,\"seed\":\"sodium,544e2ebc820db2f70620cf8e66094731\"}\n>player p2 {\"name\":\"tidiv\",\"avatar\":\"102\",\"rating\":1920,\"seed\":\"sodium,f22108710c536877ea7f14f1fd751f10\"}\n>p1 move nastyplot\n>p2 switch 6\n>p1 move thunderbolt terastallize\n>p2 move ironhead\n>p1 move nastyplot\n>p2 move bodypress\n>p1 move thunderbolt\n>p2 move bodypress\n>p2 switch 2\n>p1 switch 3\n>p2 move earthquake\n>p1 move toxic\n>p2 move stealthrock\n>p1 move airslash\n>p2 move knockoff\n>p1 move airslash\n>p2 move knockoff\n>p2 switch 5\n>p1 switch 2\n>p2 move calmmind\n>p1 move facade\n>p2 switch 3\n>p1 switch 5\n>p2 move originpulse\n>p1 move heatcrash\n>p2 move icebeam\n>p1 switch 5\n>p1 move trailblaze\n>p2 move originpulse\n>p2 switch 4\n>p1 move flareblitz\n>p2 move uturn\n>p2 switch 3\n>p1 switch 6\n>p1 move trick\n>p2 switch 3\n>p1 switch 2\n>p2 move knockoff\n>p1 move roost\n>p2 move knockoff\n>p1 switch 4\n>p1 move sludgewave\n>p2 move knockoff\n>p1 switch 3\n>p1 move thunderbolt\n>p2 move knockoff\n>p1 move thunderbolt\n>p2 move knockoff\n>forcelose p1", "uploadtime": 1782800268, "views": 6, "formatid": "gen9randombattle", "rating": 1882, "private": 0, "password": null, "player_dets": [{"name": "Winterstellor", "avatar": "169", "rating": 1901, "seed": "sodium,544e2ebc820db2f70620cf8e66094731"}, {"name": "tidiv", "avatar": "102", "rating": 1920, "seed": "sodium,f22108710c536877ea7f14f1fd751f10"}], "teams_full": [{"Girafarig": {"name": "Girafarig", "species": "Girafarig", "speciesId": "girafarig", "gender": "F", "shiny": false, "level": 89, "moves": ["nastyplot", "psyshock", "thunderbolt", "hypervoice"], "ability": "Sap Sipper", "evs": {"hp": 85, "atk": 0, "def": 85, "spa": 85, "spd": 85, "spe": 85}, "ivs": {"hp": 31, "atk": 0, "def": 31, "spa": 31, "spd": 31, "spe": 31}, "item": "Eviolite", "teraType": "Electric", "role": "Fast Bulky Setup", "bvs": {"hp": 70, "atk": 80, "def": 65, "spa": 90, "spd": 65, "spe": 85}, "stats": {"hp": 269, "atk": 147, "def": 166, "spa": 211, "spd": 166, "spe": 202}, "types": ["Normal", "Psychic"]}, "Flareon": {"name": "Flareon", "species": "Flareon", "speciesId": "flareon", "gender": "F", "shiny": false, "level": 90, "moves": ["quickattack", "facade", "flareblitz", "trailblaze"], "ability": "Guts", "evs": {"hp": 85, "atk": 85, "def": 85, "spa": 85, "spd": 85, "spe": 85}, "ivs": {"hp": 31, "atk": 31, "def": 31, "spa": 31, "spd": 31, "spe": 31}, "item": "Toxic Orb", "teraType": "Normal", "role": "Setup Sweeper", "bvs": {"hp": 65, "atk": 130, "def": 60, "spa": 95, "spd": 110, "spe": 65}, "stats": {"hp": 263, "atk": 285, "def": 159, "spa": 222, "spd": 249, "spe": 168}, "types": ["Fire"]}, "Vespiquen": {"name": "Vespiquen", "species": "Vespiquen", "speciesId": "vespiquen", "gender": "F", "shiny": false, "level": 99, "moves": ["spikes", "toxic", "airslash", "roost"], "ability": "Pressure", "evs": {"hp": 85, "atk": 0, "def": 85, "spa": 85, "spd": 85, "spe": 85}, "ivs": {"hp": 31, "atk": 0, "def": 31, "spa": 31, "spd": 31, "spe": 31}, "item": "Heavy-Duty Boots", "teraType": "Steel", "role": "Bulky Support", "bvs": {"hp": 70, "atk": 80, "def": 102, "spa": 80, "spd": 102, "spe": 40}, "stats": {"hp": 299, "atk": 163, "def": 258, "spa": 214, "spd": 258, "spe": 135}, "types": ["Bug", "Flying"]}, "Munkidori": {"name": "Munkidori", "species": "Munkidori", "speciesId": "munkidori", "gender": "M", "shiny": false, "level": 79, "moves": ["focusblast", "psyshock", "nastyplot", "sludgewave"], "ability": "Toxic Chain", "evs": {"hp": 85, "atk": 0, "def": 85, "spa": 85, "spd": 85, "spe": 85}, "ivs": {"hp": 31, "atk": 0, "def": 31, "spa": 31, "spd": 31, "spe": 31}, "item": "Life Orb", "teraType": "Fighting", "role": "Fast Attacker", "bvs": {"hp": 88, "atk": 75, "def": 66, "spa": 130, "spd": 90, "spe": 106}, "stats": {"hp": 269, "atk": 123, "def": 150, "spa": 251, "spd": 188, "spe": 213}, "types": ["Poison", "Psychic"]}, "Groudon": {"name": "Groudon", "species": "Groudon", "speciesId": "groudon", "gender": "N", "shiny": false, "level": 72, "moves": ["heatcrash", "precipiceblades", "swordsdance", "thunderwave"], "ability": "Drought", "evs": {"hp": 85, "atk": 85, "def": 85, "spa": 85, "spd": 85, "spe": 85}, "ivs": {"hp": 31, "atk": 31, "def": 31, "spa": 31, "spd": 31, "spe": 31}, "item": "Leftovers", "teraType": "Fire", "role": "Bulky Setup", "bvs": {"hp": 100, "atk": 150, "def": 140, "spa": 100, "spd": 90, "spe": 90}, "stats": {"hp": 263, "atk": 258, "def": 244, "spa": 186, "spd": 172, "spe": 172}, "types": ["Ground"]}, "Gholdengo": {"name": "Gholdengo", "species": "Gholdengo", "speciesId": "gholdengo", "gender": "N", "shiny": false, "level": 77, "moves": ["focusblast", "shadowball", "makeitrain", "trick"], "ability": "Good as Gold", "evs": {"hp": 85, "atk": 0, "def": 85, "spa": 85, "spd": 85, "spe": 85}, "ivs": {"hp": 31, "atk": 0, "def": 31, "spa": 31, "spd": 31, "spe": 31}, "item": "Choice Scarf", "teraType": "Steel", "role": "Bulky Attacker", "bvs": {"hp": 87, "atk": 60, "def": 95, "spa": 133, "spd": 91, "spe": 84}, "stats": {"hp": 261, "atk": 97, "def": 191, "spa": 249, "spd": 185, "spe": 174}, "types": ["Steel", "Ghost"]}}, {"Scrafty": {"name": "Scrafty", "species": "Scrafty", "speciesId": "scrafty", "gender": "F", "shiny": false, "level": 83, "moves": ["drainpunch", "poisonjab", "dragondance", "knockoff"], "ability": "Intimidate", "evs": {"hp": 85, "atk": 85, "def": 85, "spa": 85, "spd": 85, "spe": 85}, "ivs": {"hp": 31, "atk": 31, "def": 31, "spa": 31, "spd": 31, "spe": 31}, "item": "Leftovers", "teraType": "Poison", "role": "Bulky Attacker", "bvs": {"hp": 65, "atk": 90, "def": 115, "spa": 45, "spd": 115, "spe": 58}, "stats": {"hp": 244, "atk": 197, "def": 239, "spa": 122, "spd": 239, "spe": 144}, "types": ["Dark", "Fighting"]}, "Donphan": {"name": "Donphan", "species": "Donphan", "speciesId": "donphan", "gender": "F", "shiny": false, "level": 84, "moves": ["rapidspin", "stealthrock", "earthquake", "knockoff"], "ability": "Sturdy", "evs": {"hp": 85, "atk": 85, "def": 85, "spa": 85, "spd": 85, "spe": 85}, "ivs": {"hp": 31, "atk": 31, "def": 31, "spa": 31, "spd": 31, "spe": 31}, "item": "Leftovers", "teraType": "Dragon", "role": "Bulky Support", "bvs": {"hp": 90, "atk": 120, "def": 120, "spa": 60, "spd": 60, "spe": 50}, "stats": {"hp": 288, "atk": 250, "def": 250, "spa": 149, "spd": 149, "spe": 132}, "types": ["Ground"]}, "Kyogre": {"name": "Kyogre", "species": "Kyogre", "speciesId": "kyogre", "gender": "N", "shiny": false, "level": 71, "moves": ["icebeam", "originpulse", "thunder", "calmmind"], "ability": "Drizzle", "evs": {"hp": 85, "atk": 0, "def": 85, "spa": 85, "spd": 85, "spe": 85}, "ivs": {"hp": 31, "atk": 0, "def": 31, "spa": 31, "spd": 31, "spe": 31}, "item": "Leftovers", "teraType": "Steel", "role": "Bulky Setup", "bvs": {"hp": 100, "atk": 100, "def": 90, "spa": 150, "spd": 140, "spe": 90}, "stats": {"hp": 259, "atk": 147, "def": 169, "spa": 254, "spd": 240, "spe": 169}, "types": ["Water"]}, "Zarude": {"name": "Zarude", "species": "Zarude", "speciesId": "zarude", "gender": "N", "shiny": false, "level": 77, "moves": ["uturn", "knockoff", "closecombat", "powerwhip"], "ability": "Leaf Guard", "evs": {"hp": 85, "atk": 85, "def": 85, "spa": 85, "spd": 85, "spe": 85}, "ivs": {"hp": 31, "atk": 31, "def": 31, "spa": 31, "spd": 31, "spe": 31}, "item": "Choice Scarf", "teraType": "Fighting", "role": "Fast Attacker", "bvs": {"hp": 105, "atk": 120, "def": 105, "spa": 70, "spd": 95, "spe": 105}, "stats": {"hp": 288, "atk": 229, "def": 206, "spa": 152, "spd": 191, "spe": 206}, "types": ["Dark", "Grass"]}, "Reuniclus": {"name": "Reuniclus", "species": "Reuniclus", "speciesId": "reuniclus", "gender": "F", "shiny": false, "level": 88, "moves": ["focusblast", "recover", "psyshock", "calmmind"], "ability": "Magic Guard", "evs": {"hp": 85, "atk": 0, "def": 85, "spa": 85, "spd": 85, "spe": 85}, "ivs": {"hp": 31, "atk": 0, "def": 31, "spa": 31, "spd": 31, "spe": 31}, "item": "Life Orb", "teraType": "Fighting", "role": "Bulky Setup", "bvs": {"hp": 110, "atk": 65, "def": 75, "spa": 125, "spd": 85, "spe": 30}, "stats": {"hp": 337, "atk": 119, "def": 182, "spa": 270, "spd": 200, "spe": 103}, "types": ["Psychic"]}, "Bronzong": {"name": "Bronzong", "species": "Bronzong", "speciesId": "bronzong", "gender": "N", "shiny": false, "level": 88, "moves": ["ironhead", "rest", "bodypress", "irondefense"], "ability": "Levitate", "evs": {"hp": 85, "atk": 85, "def": 85, "spa": 85, "spd": 85, "spe": 85}, "ivs": {"hp": 31, "atk": 31, "def": 31, "spa": 31, "spd": 31, "spe": 31}, "item": "Chesto Berry", "teraType": "Fighting", "role": "Bulky Setup", "bvs": {"hp": 67, "atk": 89, "def": 116, "spa": 79, "spd": 116, "spe": 33}, "stats": {"hp": 261, "atk": 207, "def": 254, "spa": 189, "spd": 254, "spe": 108}, "types": ["Steel", "Psychic"]}}]}