{"id": "gen9randombattle-2641516518", "format": "[Gen 9] Random Battle", "players": ["Calibold", "itsbaloney"], "log": "|j|\u2606Calibold\n|j|\u2606itsbaloney\n|t:|1782798769\n|gametype|singles\n|player|p1|Calibold|larry|2129\n|player|p2|itsbaloney|giovanni|2058\n|gen|9\n|tier|[Gen 9] Random Battle\n|rated|\n|rule|Species Clause: Limit one of each Pok\u00e9mon\n|rule|HP Percentage Mod: HP is shown in percentages\n|rule|Sleep Clause Mod: Limit one foe put to sleep\n|rule|Illusion Level Mod: Illusion disguises the Pok\u00e9mon's true level\n|\n|t:|1782798769\n|teamsize|p1|6\n|teamsize|p2|6\n|start\n|switch|p1a: Zebstrika|Zebstrika, L87, M|272/272\n|switch|p2a: Illumise|Illumise, L91, F|266/266\n|turn|1\n|inactive|Battle timer is ON: inactive players will automatically lose when time's up. (requested by itsbaloney)\n|\n|t:|1782798791\n|move|p1a: Zebstrika|Overheat|p2a: Illumise\n|-supereffective|p2a: Illumise\n|-damage|p2a: Illumise|74/266\n|-unboost|p1a: Zebstrika|spa|2\n|-damage|p1a: Zebstrika|245/272|[from] item: Life Orb\n|move|p2a: Illumise|Bug Buzz|p1a: Zebstrika\n|-damage|p1a: Zebstrika|137/272\n|\n|upkeep\n|turn|2\n|\n|t:|1782798795\n|move|p2a: Illumise|Roost|p2a: Illumise\n|-heal|p2a: Illumise|207/266\n|-singleturn|p2a: Illumise|move: Roost\n|move|p1a: Zebstrika|Supercell Slam|p2a: Illumise\n|-damage|p2a: Illumise|50/266\n|-damage|p1a: Zebstrika|110/272|[from] item: Life Orb\n|\n|upkeep\n|turn|3\n|\n|t:|1782798802\n|move|p2a: Illumise|Roost|p2a: Illumise\n|-heal|p2a: Illumise|183/266\n|-singleturn|p2a: Illumise|move: Roost\n|move|p1a: Zebstrika|Volt Switch|p2a: Illumise\n|-damage|p2a: Illumise|144/266\n|-damage|p1a: Zebstrika|83/272|[from] item: Life Orb\n|\n|t:|1782798808\n|switch|p1a: Snorlax|Snorlax, L82, M|397/397|[from] Volt Switch\n|\n|upkeep\n|turn|4\n|\n|t:|1782798816\n|switch|p2a: Brambleghast|Brambleghast, L88, F|240/240\n|move|p1a: Snorlax|Body Slam|p2a: Brambleghast\n|-immune|p2a: Brambleghast\n|\n|upkeep\n|turn|5\n|inactive|Calibold has 120 seconds left.\n|\n|t:|1782798869\n|switch|p1a: Brute Bonnet|Brute Bonnet, L80|309/309\n|move|p2a: Brambleghast|Substitute|p2a: Brambleghast\n|-start|p2a: Brambleghast|Substitute\n|-damage|p2a: Brambleghast|180/240\n|\n|-heal|p2a: Brambleghast|195/240|[from] item: Leftovers\n|upkeep\n|turn|6\n|\n|t:|1782798877\n|move|p2a: Brambleghast|Poltergeist|p1a: Brute Bonnet\n|-activate|p1a: Brute Bonnet|move: Poltergeist|Leftovers\n|-resisted|p1a: Brute Bonnet\n|-damage|p1a: Brute Bonnet|237/309\n|move|p1a: Brute Bonnet|Crunch|p2a: Brambleghast\n|-supereffective|p2a: Brambleghast\n|-end|p2a: Brambleghast|Substitute\n|\n|-heal|p2a: Brambleghast|210/240|[from] item: Leftovers\n|-heal|p1a: Brute Bonnet|256/309|[from] item: Leftovers\n|upkeep\n|turn|7\n|\n|t:|1782798883\n|switch|p2a: Araquanid|Araquanid, L82, F|246/246\n|move|p1a: Brute Bonnet|Crunch|p2a: Araquanid\n|-damage|p2a: Araquanid|152/246\n|\n|-heal|p1a: Brute Bonnet|275/309|[from] item: Leftovers\n|upkeep\n|turn|8\n|\n|t:|1782798886\n|move|p1a: Brute Bonnet|Spore|p2a: Araquanid\n|-status|p2a: Araquanid|slp|[from] move: Spore\n|cant|p2a: Araquanid|slp\n|\n|-heal|p1a: Brute Bonnet|294/309|[from] item: Leftovers\n|upkeep\n|turn|9\n|\n|t:|1782798889\n|move|p1a: Brute Bonnet|Crunch|p2a: Araquanid\n|-damage|p2a: Araquanid|56/246 slp\n|-unboost|p2a: Araquanid|def|1\n|cant|p2a: Araquanid|slp\n|\n|-heal|p1a: Brute Bonnet|309/309|[from] item: Leftovers\n|upkeep\n|turn|10\n|\n|t:|1782798893\n|switch|p2a: Mandibuzz|Mandibuzz, L85, F|326/326\n|move|p1a: Brute Bonnet|Crunch|p2a: Mandibuzz\n|-resisted|p2a: Mandibuzz\n|-damage|p2a: Mandibuzz|287/326\n|\n|upkeep\n|turn|11\n|\n|t:|1782798906\n|-end|p1a: Brute Bonnet|Protosynthesis|[silent]\n|switch|p1a: Mabosstiff|Mabosstiff, L86, F|278/278\n|move|p2a: Mandibuzz|Toxic|p1a: Mabosstiff\n|-status|p1a: Mabosstiff|tox\n|\n|-damage|p1a: Mabosstiff|261/278 tox|[from] psn\n|upkeep\n|turn|12\n|\n|t:|1782798911\n|move|p1a: Mabosstiff|Play Rough|p2a: Mandibuzz\n|-supereffective|p2a: Mandibuzz\n|-damage|p2a: Mandibuzz|97/326\n|move|p2a: Mandibuzz|Roost|p2a: Mandibuzz\n|-heal|p2a: Mandibuzz|260/326\n|-singleturn|p2a: Mandibuzz|move: Roost\n|\n|-damage|p1a: Mabosstiff|227/278 tox|[from] psn\n|upkeep\n|turn|13\n|\n|t:|1782798917\n|move|p1a: Mabosstiff|Play Rough|p2a: Mandibuzz\n|-supereffective|p2a: Mandibuzz\n|-damage|p2a: Mandibuzz|64/326\n|move|p2a: Mandibuzz|Roost|p2a: Mandibuzz\n|-heal|p2a: Mandibuzz|227/326\n|-singleturn|p2a: Mandibuzz|move: Roost\n|\n|-damage|p1a: Mabosstiff|176/278 tox|[from] psn\n|upkeep\n|turn|14\n|\n|t:|1782798926\n|move|p1a: Mabosstiff|Play Rough|p2a: Mandibuzz\n|-supereffective|p2a: Mandibuzz\n|-damage|p2a: Mandibuzz|23/326\n|-unboost|p2a: Mandibuzz|atk|1\n|move|p2a: Mandibuzz|Roost|p2a: Mandibuzz\n|-heal|p2a: Mandibuzz|186/326\n|-singleturn|p2a: Mandibuzz|move: Roost\n|\n|-damage|p1a: Mabosstiff|108/278 tox|[from] psn\n|upkeep\n|turn|15\n|\n|t:|1782798936\n|move|p1a: Mabosstiff|Play Rough|p2a: Mandibuzz\n|-supereffective|p2a: Mandibuzz\n|-damage|p2a: Mandibuzz|0 fnt\n|faint|p2a: Mandibuzz\n|\n|-damage|p1a: Mabosstiff|23/278 tox|[from] psn\n|upkeep\n|\n|t:|1782798946\n|switch|p2a: Illumise|Illumise, L91, F|144/266\n|turn|16\n|inactive|Calibold has 120 seconds left.\n|\n|t:|1782798990\n|switch|p1a: Munkidori|Munkidori, L79, M|269/269\n|move|p2a: Illumise|Roost|p2a: Illumise\n|-heal|p2a: Illumise|266/266\n|-singleturn|p2a: Illumise|move: Roost\n|\n|upkeep\n|turn|17\n|\n|t:|1782798994\n|move|p2a: Illumise|Thunder Wave|p1a: Munkidori\n|-status|p1a: Munkidori|par\n|move|p1a: Munkidori|Sludge Wave|p2a: Illumise\n|-damage|p2a: Illumise|110/266\n|-status|p2a: Illumise|tox|[from] ability: Toxic Chain|[of] p1a: Munkidori\n|\n|-damage|p2a: Illumise|94/266 tox|[from] psn\n|upkeep\n|turn|18\n|\n|t:|1782799000\n|move|p2a: Illumise|Roost|p2a: Illumise\n|-heal|p2a: Illumise|227/266 tox\n|-singleturn|p2a: Illumise|move: Roost\n|move|p1a: Munkidori|Sludge Wave|p2a: Illumise\n|-damage|p2a: Illumise|61/266 tox\n|\n|-damage|p2a: Illumise|29/266 tox|[from] psn\n|upkeep\n|turn|19\n|\n|t:|1782799005\n|switch|p2a: Gengar|Gengar, L81, M|230/230\n|move|p1a: Munkidori|Sludge Wave|p2a: Gengar\n|-resisted|p2a: Gengar\n|-damage|p2a: Gengar|178/230\n|\n|upkeep\n|turn|20\n|\n|t:|1782799016\n|switch|p1a: Snorlax|Snorlax, L82, M|397/397\n|move|p2a: Gengar|Sludge Wave|p1a: Snorlax\n|-damage|p1a: Snorlax|244/397\n|\n|-heal|p1a: Snorlax|268/397|[from] item: Leftovers\n|upkeep\n|turn|21\n|\n|t:|1782799032\n|switch|p2a: Brambleghast|Brambleghast, L88, F|210/240\n|move|p1a: Snorlax|Body Slam|p2a: Brambleghast\n|-immune|p2a: Brambleghast\n|\n|-heal|p2a: Brambleghast|225/240|[from] item: Leftovers\n|-heal|p1a: Snorlax|292/397|[from] item: Leftovers\n|upkeep\n|turn|22\n|\n|t:|1782799038\n|switch|p2a: Gengar|Gengar, L81, M|178/230\n|switch|p1a: Brute Bonnet|Brute Bonnet, L80|309/309\n|\n|upkeep\n|turn|23\n|\n|t:|1782799046\n|move|p1a: Brute Bonnet|Sucker Punch|p2a: Gengar\n|-supereffective|p2a: Gengar\n|-damage|p2a: Gengar|0 fnt\n|faint|p2a: Gengar\n|\n|upkeep\n|-message|itsbaloney forfeited.\n|\n|win|Calibold\n", "inputlog": ">version f8ac14003a5f27e1bdc8d8c59608a773c1cb96e5\n>start {\"formatid\":\"gen9randombattle\",\"seed\":\"sodium,c71d58e68bd50be7062b072226b64095\",\"rated\":\"Rated battle\"}\n>player p1 {\"name\":\"Calibold\",\"avatar\":\"larry\",\"rating\":2129,\"seed\":\"sodium,52c2ca0b9b8dba166a31001dcf352531\"}\n>player p2 {\"name\":\"itsbaloney\",\"avatar\":\"giovanni\",\"rating\":2058,\"seed\":\"sodium,c2a9354d76b1579c1dee6d70e5e9b40c\"}\n>p1 move overheat\n>p2 move bugbuzz\n>p1 move supercellslam\n>p2 move roost\n>p1 move voltswitch\n>p2 move roost\n>p1 switch 4\n>p1 move bodyslam\n>p2 switch 3\n>p1 switch 5\n>p2 move substitute\n>p1 move crunch\n>p2 move poltergeist\n>p1 move crunch\n>p2 switch 4\n>p1 move spore\n>p2 move stickyweb\n>p1 move crunch\n>p2 move stickyweb\n>p1 move crunch\n>p2 switch 2\n>p1 switch 6\n>p2 move toxic\n>p1 move playrough\n>p2 move roost\n>p1 move playrough\n>p2 move roost\n>p1 move playrough\n>p2 move roost\n>p1 move playrough\n>p2 move roost\n>p2 switch 3\n>p1 switch 2\n>p2 move roost\n>p1 move sludgewave\n>p2 move thunderwave\n>p1 move sludgewave\n>p2 move roost\n>p1 move sludgewave\n>p2 switch 5\n>p1 switch 5\n>p2 move sludgewave\n>p1 move bodyslam\n>p2 switch 4\n>p1 switch 6\n>p2 switch 4\n>p1 move suckerpunch\n>p2 move shadowball\n>forcelose p2", "uploadtime": 1782798771, "views": 6, "formatid": "gen9randombattle", "rating": null, "private": 0, "password": null, "player_dets": [{"name": "Calibold", "avatar": "larry", "rating": 2129, "seed": "sodium,52c2ca0b9b8dba166a31001dcf352531"}, {"name": "itsbaloney", "avatar": "giovanni", "rating": 2058, "seed": "sodium,c2a9354d76b1579c1dee6d70e5e9b40c"}], "teams_full": [{"Zebstrika": {"name": "Zebstrika", "species": "Zebstrika", "speciesId": "zebstrika", "gender": "M", "shiny": false, "level": 87, "moves": ["supercellslam", "highhorsepower", "voltswitch", "overheat"], "ability": "Sap Sipper", "evs": {"hp": 85, "atk": 85, "def": 85, "spa": 85, "spd": 85, "spe": 85}, "ivs": {"hp": 31, "atk": 31, "def": 31, "spa": 31, "spd": 31, "spe": 31}, "item": "Life Orb", "teraType": "Ground", "role": "Fast Attacker", "bvs": {"hp": 75, "atk": 100, "def": 63, "spa": 80, "spd": 63, "spe": 116}, "stats": {"hp": 272, "atk": 224, "def": 159, "spa": 189, "spd": 159, "spe": 252}, "types": ["Electric"]}, "Munkidori": {"name": "Munkidori", "species": "Munkidori", "speciesId": "munkidori", "gender": "M", "shiny": false, "level": 79, "moves": ["psyshock", "sludgewave", "uturn", "focusblast"], "ability": "Toxic Chain", "evs": {"hp": 85, "atk": 85, "def": 85, "spa": 85, "spd": 85, "spe": 85}, "ivs": {"hp": 31, "atk": 31, "def": 31, "spa": 31, "spd": 31, "spe": 31}, "item": "Choice Specs", "teraType": "Fighting", "role": "Fast Attacker", "bvs": {"hp": 88, "atk": 75, "def": 66, "spa": 130, "spd": 90, "spe": 106}, "stats": {"hp": 269, "atk": 164, "def": 150, "spa": 251, "spd": 188, "spe": 213}, "types": ["Poison", "Psychic"]}, "Reuniclus": {"name": "Reuniclus", "species": "Reuniclus", "speciesId": "reuniclus", "gender": "M", "shiny": false, "level": 88, "moves": ["psyshock", "focusblast", "recover", "calmmind"], "ability": "Magic Guard", "evs": {"hp": 85, "atk": 0, "def": 85, "spa": 85, "spd": 85, "spe": 85}, "ivs": {"hp": 31, "atk": 0, "def": 31, "spa": 31, "spd": 31, "spe": 31}, "item": "Life Orb", "teraType": "Fighting", "role": "Bulky Setup", "bvs": {"hp": 110, "atk": 65, "def": 75, "spa": 125, "spd": 85, "spe": 30}, "stats": {"hp": 337, "atk": 119, "def": 182, "spa": 270, "spd": 200, "spe": 103}, "types": ["Psychic"]}, "Snorlax": {"name": "Snorlax", "species": "Snorlax", "speciesId": "snorlax", "gender": "M", "shiny": false, "level": 82, "moves": ["bodyslam", "sleeptalk", "rest", "curse"], "ability": "Thick Fat", "evs": {"hp": 85, "atk": 85, "def": 85, "spa": 85, "spd": 85, "spe": 85}, "ivs": {"hp": 31, "atk": 31, "def": 31, "spa": 31, "spd": 31, "spe": 31}, "item": "Leftovers", "teraType": "Poison", "role": "Bulky Attacker", "bvs": {"hp": 160, "atk": 110, "def": 65, "spa": 65, "spd": 110, "spe": 30}, "stats": {"hp": 397, "atk": 228, "def": 154, "spa": 154, "spd": 228, "spe": 96}, "types": ["Normal"]}, "Brute Bonnet": {"name": "Brute Bonnet", "species": "Brute Bonnet", "speciesId": "brutebonnet", "gender": "N", "shiny": false, "level": 80, "moves": ["crunch", "suckerpunch", "spore", "closecombat"], "ability": "Protosynthesis", "evs": {"hp": 85, "atk": 85, "def": 85, "spa": 85, "spd": 85, "spe": 85}, "ivs": {"hp": 31, "atk": 31, "def": 31, "spa": 31, "spd": 31, "spe": 31}, "item": "Leftovers", "teraType": "Poison", "role": "Bulky Attacker", "bvs": {"hp": 111, "atk": 127, "def": 99, "spa": 79, "spd": 99, "spe": 55}, "stats": {"hp": 309, "atk": 249, "def": 205, "spa": 173, "spd": 205, "spe": 134}, "types": ["Grass", "Dark"]}, "Mabosstiff": {"name": "Mabosstiff", "species": "Mabosstiff", "speciesId": "mabosstiff", "gender": "F", "shiny": false, "level": 86, "moves": ["crunch", "wildcharge", "psychicfangs", "playrough"], "ability": "Stakeout", "evs": {"hp": 85, "atk": 85, "def": 85, "spa": 85, "spd": 85, "spe": 85}, "ivs": {"hp": 31, "atk": 31, "def": 31, "spa": 31, "spd": 31, "spe": 31}, "item": "Choice Band", "teraType": "Dark", "role": "Bulky Attacker", "bvs": {"hp": 80, "atk": 120, "def": 90, "spa": 60, "spd": 70, "spe": 85}, "stats": {"hp": 278, "atk": 256, "def": 204, "spa": 152, "spd": 170, "spe": 195}, "types": ["Dark"]}}, {"Illumise": {"name": "Illumise", "species": "Illumise", "speciesId": "illumise", "gender": "F", "shiny": false, "level": 91, "moves": ["encore", "bugbuzz", "thunderwave", "roost"], "ability": "Prankster", "evs": {"hp": 85, "atk": 0, "def": 85, "spa": 85, "spd": 85, "spe": 85}, "ivs": {"hp": 31, "atk": 0, "def": 31, "spa": 31, "spd": 31, "spe": 31}, "item": "Heavy-Duty Boots", "teraType": "Steel", "role": "Bulky Support", "bvs": {"hp": 65, "atk": 47, "def": 75, "spa": 73, "spd": 85, "spe": 85}, "stats": {"hp": 266, "atk": 90, "def": 188, "spa": 185, "spd": 207, "spe": 207}, "types": ["Bug"]}, "Mandibuzz": {"name": "Mandibuzz", "species": "Mandibuzz", "speciesId": "mandibuzz", "gender": "F", "shiny": false, "level": 85, "moves": ["defog", "roost", "toxic", "foulplay"], "ability": "Overcoat", "evs": {"hp": 85, "atk": 0, "def": 85, "spa": 85, "spd": 85, "spe": 85}, "ivs": {"hp": 31, "atk": 0, "def": 31, "spa": 31, "spd": 31, "spe": 31}, "item": "Heavy-Duty Boots", "teraType": "Steel", "role": "Bulky Support", "bvs": {"hp": 110, "atk": 65, "def": 105, "spa": 55, "spd": 95, "spe": 80}, "stats": {"hp": 326, "atk": 115, "def": 227, "spa": 142, "spd": 210, "spe": 185}, "types": ["Dark", "Flying"]}, "Brambleghast": {"name": "Brambleghast", "species": "Brambleghast", "speciesId": "brambleghast", "gender": "F", "shiny": false, "level": 88, "moves": ["poltergeist", "substitute", "powerwhip", "leechseed"], "ability": "Wind Rider", "evs": {"hp": 85, "atk": 85, "def": 85, "spa": 85, "spd": 85, "spe": 85}, "ivs": {"hp": 31, "atk": 31, "def": 31, "spa": 31, "spd": 31, "spe": 31}, "item": "Leftovers", "teraType": "Steel", "role": "Fast Support", "bvs": {"hp": 55, "atk": 115, "def": 70, "spa": 80, "spd": 70, "spe": 90}, "stats": {"hp": 240, "atk": 253, "def": 173, "spa": 191, "spd": 173, "spe": 209}, "types": ["Grass", "Ghost"]}, "Araquanid": {"name": "Araquanid", "species": "Araquanid", "speciesId": "araquanid", "gender": "F", "shiny": false, "level": 82, "moves": ["stickyweb", "leechlife", "hydropump", "liquidation"], "ability": "Water Bubble", "evs": {"hp": 85, "atk": 85, "def": 85, "spa": 85, "spd": 85, "spe": 85}, "ivs": {"hp": 31, "atk": 31, "def": 31, "spa": 31, "spd": 31, "spe": 31}, "item": "Heavy-Duty Boots", "teraType": "Ground", "role": "Bulky Attacker", "bvs": {"hp": 68, "atk": 70, "def": 92, "spa": 50, "spd": 132, "spe": 42}, "stats": {"hp": 246, "atk": 162, "def": 198, "spa": 129, "spd": 264, "spe": 116}, "types": ["Water", "Bug"]}, "Gengar": {"name": "Gengar", "species": "Gengar", "speciesId": "gengar", "gender": "M", "shiny": false, "level": 81, "moves": ["sludgewave", "trick", "shadowball", "focusblast"], "ability": "Cursed Body", "evs": {"hp": 85, "atk": 0, "def": 85, "spa": 85, "spd": 85, "spe": 85}, "ivs": {"hp": 31, "atk": 0, "def": 31, "spa": 31, "spd": 31, "spe": 31}, "item": "Choice Specs", "teraType": "Ghost", "role": "Wallbreaker", "bvs": {"hp": 60, "atk": 65, "def": 60, "spa": 130, "spd": 75, "spe": 110}, "stats": {"hp": 230, "atk": 110, "def": 144, "spa": 257, "spd": 168, "spe": 225}, "types": ["Ghost", "Poison"]}, "Mesprit": {"name": "Mesprit", "species": "Mesprit", "speciesId": "mesprit", "gender": "N", "shiny": false, "level": 85, "moves": ["uturn", "thunderwave", "psychicnoise", "stealthrock"], "ability": "Levitate", "evs": {"hp": 85, "atk": 85, "def": 85, "spa": 85, "spd": 85, "spe": 85}, "ivs": {"hp": 31, "atk": 31, "def": 31, "spa": 31, "spd": 31, "spe": 31}, "item": "Leftovers", "teraType": "Steel", "role": "Bulky Support", "bvs": {"hp": 80, "atk": 105, "def": 105, "spa": 105, "spd": 105, "spe": 80}, "stats": {"hp": 275, "atk": 227, "def": 227, "spa": 227, "spd": 227, "spe": 185}, "types": ["Psychic"]}}]}