{"id": "gen9randombattle-2641286893", "format": "[Gen 9] Random Battle", "players": ["snwsjxvf", "yeetsky"], "log": "|j|\u2606snwsjxvf\n|j|\u2606yeetsky\n|t:|1782763463\n|gametype|singles\n|player|p1|snwsjxvf|1|1076\n|player|p2|yeetsky|1|1136\n|gen|9\n|tier|[Gen 9] Random Battle\n|rated|\n|rule|Species Clause: Limit one of each Pok\u00e9mon\n|rule|HP Percentage Mod: HP is shown in percentages\n|rule|Sleep Clause Mod: Limit one foe put to sleep\n|rule|Illusion Level Mod: Illusion disguises the Pok\u00e9mon's true level\n|\n|t:|1782763463\n|teamsize|p1|6\n|teamsize|p2|6\n|start\n|switch|p1a: Magnezone|Magnezone, L85|258/258\n|switch|p2a: Mesprit|Mesprit, L85|275/275\n|turn|1\n|\n|t:|1782763504\n|move|p1a: Magnezone|Thunderbolt|p2a: Mesprit\n|-damage|p2a: Mesprit|163/275\n|move|p2a: Mesprit|Stealth Rock|p1a: Magnezone\n|-sidestart|p1: snwsjxvf|move: Stealth Rock\n|\n|-heal|p2a: Mesprit|180/275|[from] item: Leftovers\n|upkeep\n|turn|2\n|\n|t:|1782763507\n|move|p1a: Magnezone|Thunderbolt|p2a: Mesprit\n|-damage|p2a: Mesprit|68/275\n|move|p2a: Mesprit|U-turn|p1a: Magnezone\n|-resisted|p1a: Magnezone\n|-damage|p1a: Magnezone|238/258\n|\n|t:|1782763512\n|switch|p2a: Kricketune|Kricketune, L99, M|312/312|[from] U-turn\n|\n|upkeep\n|turn|3\n|inactive|Battle timer is ON: inactive players will automatically lose when time's up. (requested by yeetsky)\n|\n|t:|1782763524\n|move|p1a: Magnezone|Thunderbolt|p2a: Kricketune\n|-damage|p2a: Kricketune|150/312\n|move|p2a: Kricketune|Sticky Web|p1a: Magnezone\n|-sidestart|p1: snwsjxvf|move: Sticky Web\n|\n|upkeep\n|turn|4\n|\n|t:|1782763552\n|move|p1a: Magnezone|Thunderbolt|p2a: Kricketune\n|-damage|p2a: Kricketune|0 fnt\n|faint|p2a: Kricketune\n|\n|upkeep\n|\n|t:|1782763556\n|switch|p2a: Delphox|Delphox, L84, M|263/263\n|turn|5\n|\n|t:|1782763569\n|move|p1a: Magnezone|Thunderbolt|p2a: Delphox\n|-damage|p2a: Delphox|151/263\n|move|p2a: Delphox|Fire Blast|p1a: Magnezone\n|-supereffective|p1a: Magnezone\n|-damage|p1a: Magnezone|0 fnt\n|faint|p1a: Magnezone\n|\n|upkeep\n|\n|t:|1782763577\n|switch|p1a: Drednaw|Drednaw, L81, M|278/278\n|-damage|p1a: Drednaw|244/278|[from] Stealth Rock\n|-activate|p1a: Drednaw|move: Sticky Web\n|-unboost|p1a: Drednaw|spe|1\n|-enditem|p1a: Drednaw|White Herb\n|-clearnegativeboost|p1a: Drednaw|[silent]\n|turn|6\n|\n|t:|1782763580\n|switch|p2a: Mesprit|Mesprit, L85|68/275\n|move|p1a: Drednaw|Shell Smash|p1a: Drednaw\n|-unboost|p1a: Drednaw|def|1\n|-unboost|p1a: Drednaw|spd|1\n|-boost|p1a: Drednaw|atk|2\n|-boost|p1a: Drednaw|spa|2\n|-boost|p1a: Drednaw|spe|2\n|\n|-heal|p2a: Mesprit|85/275|[from] item: Leftovers\n|upkeep\n|turn|7\n|\n|t:|1782763587\n|move|p1a: Drednaw|Liquidation|p2a: Mesprit\n|-damage|p2a: Mesprit|0 fnt\n|faint|p2a: Mesprit\n|\n|upkeep\n|\n|t:|1782763591\n|switch|p2a: Flygon|Flygon, L82, M|265/265\n|turn|8\n|\n|t:|1782763597\n|-terastallize|p1a: Drednaw|Dark\n|move|p1a: Drednaw|Crunch|p2a: Flygon\n|-damage|p2a: Flygon|0 fnt\n|faint|p2a: Flygon\n|\n|upkeep\n|\n|t:|1782763603\n|switch|p2a: Weavile|Weavile, L79, F|239/239\n|turn|9\n|\n|t:|1782763615\n|move|p1a: Drednaw|Liquidation|p2a: Weavile\n|-damage|p2a: Weavile|0 fnt\n|faint|p2a: Weavile\n|\n|upkeep\n|inactive|yeetsky has 120 seconds left.\n|\n|t:|1782763649\n|switch|p2a: Walking Wake|Walking Wake, L79|286/286\n|turn|10\n|\n|t:|1782763654\n|move|p1a: Drednaw|Crunch|p2a: Walking Wake\n|-damage|p2a: Walking Wake|0 fnt\n|faint|p2a: Walking Wake\n|-end|p2a: Walking Wake|Protosynthesis|[silent]\n|\n|upkeep\n|\n|t:|1782763656\n|switch|p2a: Delphox|Delphox, L84, M|151/263\n|turn|11\n|n|\u2606snwsjxvf|snwsjxvf\n|c|\u2606snwsjxvf|lol\n|\n|t:|1782763678\n|-terastallize|p2a: Delphox|Grass\n|move|p1a: Drednaw|Crunch|p2a: Delphox\n|-crit|p2a: Delphox\n|-damage|p2a: Delphox|0 fnt\n|faint|p2a: Delphox\n|\n|win|snwsjxvf\n|raw|snwsjxvf's rating: 1076 &rarr; <strong>1109</strong><br />(+33 for winning)\n|raw|yeetsky's rating: 1136 &rarr; <strong>1107</strong><br />(-29 for losing)\n|l|\u2606yeetsky\n|player|p2|\n", "inputlog": ">version f8ac14003a5f27e1bdc8d8c59608a773c1cb96e5\n>start {\"formatid\":\"gen9randombattle\",\"seed\":\"sodium,b97ab42243d870f50407e37d22c079df\",\"rated\":\"Rated battle\"}\n>player p1 {\"name\":\"snwsjxvf\",\"avatar\":\"1\",\"rating\":1076,\"seed\":\"sodium,89b8add265d1ab5c2eab298ee4178a78\"}\n>player p2 {\"name\":\"yeetsky\",\"avatar\":\"1\",\"rating\":1136,\"seed\":\"sodium,3c8f5dcd1b77aa1188980366731af138\"}\n>p1 move thunderbolt\n>p2 move stealthrock\n>p1 move thunderbolt\n>p2 move uturn\n>p2 switch 4\n>p1 move thunderbolt\n>p2 move stickyweb\n>p1 move thunderbolt\n>p2 move knockoff\n>p2 switch 3\n>p1 move thunderbolt\n>p2 move fireblast\n>p1 switch 3\n>p1 move shellsmash\n>p2 switch 4\n>p1 move liquidation\n>p2 move encore\n>p2 switch 5\n>p1 move crunch terastallize\n>p2 move earthquake\n>p2 switch 2\n>p1 move liquidation\n>p2 move lowkick\n>p2 switch 6\n>p1 move crunch\n>p2 move hydrosteam\n>p2 switch 4\n>chat \u2606snwsjxvf|lol\n>p1 move crunch\n>p2 move focusblast terastallize", "uploadtime": 1782763687, "views": 6, "formatid": "gen9randombattle", "rating": 1107, "private": 0, "password": null, "player_dets": [{"name": "snwsjxvf", "avatar": "1", "rating": 1076, "seed": "sodium,89b8add265d1ab5c2eab298ee4178a78"}, {"name": "yeetsky", "avatar": "1", "rating": 1136, "seed": "sodium,3c8f5dcd1b77aa1188980366731af138"}], "teams_full": [{"Magnezone": {"name": "Magnezone", "species": "Magnezone", "speciesId": "magnezone", "gender": "N", "shiny": false, "level": 85, "moves": ["voltswitch", "flashcannon", "thunderbolt", "bodypress"], "ability": "Analytic", "evs": {"hp": 85, "atk": 0, "def": 85, "spa": 85, "spd": 85, "spe": 85}, "ivs": {"hp": 31, "atk": 0, "def": 31, "spa": 31, "spd": 31, "spe": 31}, "item": "Choice Scarf", "teraType": "Fighting", "role": "Fast Attacker", "bvs": {"hp": 70, "atk": 70, "def": 115, "spa": 130, "spd": 90, "spe": 60}, "stats": {"hp": 258, "atk": 124, "def": 244, "spa": 270, "spd": 202, "spe": 151}, "types": ["Electric", "Steel"]}, "Vivillon": {"name": "Vivillon", "species": "Vivillon-Icy Snow", "speciesId": "vivillon", "gender": "F", "shiny": false, "level": 83, "moves": ["quiverdance", "sleeppowder", "hurricane", "bugbuzz"], "ability": "Compound Eyes", "evs": {"hp": 85, "atk": 0, "def": 85, "spa": 85, "spd": 85, "spe": 85}, "ivs": {"hp": 31, "atk": 0, "def": 31, "spa": 31, "spd": 31, "spe": 31}, "item": "Heavy-Duty Boots", "teraType": "Steel", "role": "Fast Bulky Setup", "bvs": {"hp": 80, "atk": 52, "def": 50, "spa": 90, "spd": 50, "spe": 89}, "stats": {"hp": 268, "atk": 91, "def": 131, "spa": 197, "spd": 131, "spe": 195}, "types": ["Bug", "Flying"]}, "Drednaw": {"name": "Drednaw", "species": "Drednaw", "speciesId": "drednaw", "gender": "M", "shiny": false, "level": 81, "moves": ["crunch", "shellsmash", "stoneedge", "liquidation"], "ability": "Strong Jaw", "evs": {"hp": 85, "atk": 85, "def": 85, "spa": 85, "spd": 85, "spe": 85}, "ivs": {"hp": 31, "atk": 31, "def": 31, "spa": 31, "spd": 31, "spe": 31}, "item": "White Herb", "teraType": "Dark", "role": "Setup Sweeper", "bvs": {"hp": 90, "atk": 115, "def": 90, "spa": 48, "spd": 68, "spe": 74}, "stats": {"hp": 278, "atk": 233, "def": 192, "spa": 124, "spd": 157, "spe": 167}, "types": ["Water", "Rock"]}, "Poliwrath": {"name": "Poliwrath", "species": "Poliwrath", "speciesId": "poliwrath", "gender": "F", "shiny": false, "level": 88, "moves": ["knockoff", "liquidation", "circlethrow", "closecombat"], "ability": "Water Absorb", "evs": {"hp": 85, "atk": 85, "def": 85, "spa": 85, "spd": 85, "spe": 85}, "ivs": {"hp": 31, "atk": 31, "def": 31, "spa": 31, "spd": 31, "spe": 31}, "item": "Assault Vest", "teraType": "Fighting", "role": "AV Pivot", "bvs": {"hp": 90, "atk": 95, "def": 95, "spa": 70, "spd": 90, "spe": 70}, "stats": {"hp": 302, "atk": 217, "def": 217, "spa": 173, "spd": 209, "spe": 173}, "types": ["Water", "Fighting"]}, "Lunala": {"name": "Lunala", "species": "Lunala", "speciesId": "lunala", "gender": "N", "shiny": false, "level": 70, "moves": ["moonblast", "moonlight", "calmmind", "moongeistbeam"], "ability": "Shadow Shield", "evs": {"hp": 85, "atk": 0, "def": 85, "spa": 85, "spd": 85, "spe": 85}, "ivs": {"hp": 31, "atk": 0, "def": 31, "spa": 31, "spd": 31, "spe": 31}, "item": "Leftovers", "teraType": "Fairy", "role": "Bulky Setup", "bvs": {"hp": 137, "atk": 113, "def": 89, "spa": 137, "spd": 107, "spe": 97}, "stats": {"hp": 308, "atk": 163, "def": 166, "spa": 233, "spd": 191, "spe": 177}, "types": ["Psychic", "Ghost"]}, "Iron Valiant": {"name": "Iron Valiant", "species": "Iron Valiant", "speciesId": "ironvaliant", "gender": "N", "shiny": false, "level": 78, "moves": ["knockoff", "encore", "closecombat", "moonblast"], "ability": "Quark Drive", "evs": {"hp": 85, "atk": 85, "def": 85, "spa": 85, "spd": 85, "spe": 85}, "ivs": {"hp": 31, "atk": 31, "def": 31, "spa": 31, "spd": 31, "spe": 31}, "item": "Life Orb", "teraType": "Dark", "role": "Wallbreaker", "bvs": {"hp": 74, "atk": 130, "def": 90, "spa": 120, "spd": 60, "spe": 116}, "stats": {"hp": 244, "atk": 248, "def": 185, "spa": 232, "spd": 139, "spe": 226}, "types": ["Fairy", "Fighting"]}}, {"Mesprit": {"name": "Mesprit", "species": "Mesprit", "speciesId": "mesprit", "gender": "N", "shiny": false, "level": 85, "moves": ["psychicnoise", "stealthrock", "uturn", "encore"], "ability": "Levitate", "evs": {"hp": 85, "atk": 85, "def": 85, "spa": 85, "spd": 85, "spe": 85}, "ivs": {"hp": 31, "atk": 31, "def": 31, "spa": 31, "spd": 31, "spe": 31}, "item": "Leftovers", "teraType": "Electric", "role": "Bulky Support", "bvs": {"hp": 80, "atk": 105, "def": 105, "spa": 105, "spd": 105, "spe": 80}, "stats": {"hp": 275, "atk": 227, "def": 227, "spa": 227, "spd": 227, "spe": 185}, "types": ["Psychic"]}, "Weavile": {"name": "Weavile", "species": "Weavile", "speciesId": "weavile", "gender": "F", "shiny": false, "level": 79, "moves": ["iceshard", "lowkick", "tripleaxel", "knockoff"], "ability": "Pickpocket", "evs": {"hp": 81, "atk": 85, "def": 85, "spa": 85, "spd": 85, "spe": 85}, "ivs": {"hp": 31, "atk": 31, "def": 31, "spa": 31, "spd": 31, "spe": 31}, "item": "Choice Band", "teraType": "Ice", "role": "Fast Attacker", "bvs": {"hp": 70, "atk": 120, "def": 65, "spa": 45, "spd": 85, "spe": 125}, "stats": {"hp": 239, "atk": 235, "def": 148, "spa": 117, "spd": 180, "spe": 243}, "types": ["Dark", "Ice"]}, "Delphox": {"name": "Delphox", "species": "Delphox", "speciesId": "delphox", "gender": "M", "shiny": false, "level": 84, "moves": ["psyshock", "focusblast", "grassknot", "fireblast"], "ability": "Blaze", "evs": {"hp": 85, "atk": 0, "def": 85, "spa": 85, "spd": 85, "spe": 85}, "ivs": {"hp": 31, "atk": 0, "def": 31, "spa": 31, "spd": 31, "spe": 31}, "item": "Choice Specs", "teraType": "Grass", "role": "Fast Attacker", "bvs": {"hp": 75, "atk": 69, "def": 72, "spa": 114, "spd": 100, "spe": 104}, "stats": {"hp": 263, "atk": 120, "def": 169, "spa": 240, "spd": 216, "spe": 223}, "types": ["Fire", "Psychic"]}, "Kricketune": {"name": "Kricketune", "species": "Kricketune", "speciesId": "kricketune", "gender": "M", "shiny": false, "level": 99, "moves": ["knockoff", "stickyweb", "pounce", "taunt"], "ability": "Technician", "evs": {"hp": 85, "atk": 85, "def": 85, "spa": 85, "spd": 85, "spe": 85}, "ivs": {"hp": 31, "atk": 31, "def": 31, "spa": 31, "spd": 31, "spe": 31}, "item": "Heavy-Duty Boots", "teraType": "Ghost", "role": "Fast Support", "bvs": {"hp": 77, "atk": 85, "def": 51, "spa": 55, "spd": 51, "spe": 65}, "stats": {"hp": 312, "atk": 224, "def": 157, "spa": 165, "spd": 157, "spe": 185}, "types": ["Bug"]}, "Flygon": {"name": "Flygon", "species": "Flygon", "speciesId": "flygon", "gender": "M", "shiny": false, "level": 82, "moves": ["earthquake", "dragondance", "outrage", "stoneedge"], "ability": "Levitate", "evs": {"hp": 85, "atk": 85, "def": 85, "spa": 85, "spd": 85, "spe": 85}, "ivs": {"hp": 31, "atk": 31, "def": 31, "spa": 31, "spd": 31, "spe": 31}, "item": "Lum Berry", "teraType": "Ground", "role": "Fast Attacker", "bvs": {"hp": 80, "atk": 100, "def": 80, "spa": 80, "spd": 80, "spe": 100}, "stats": {"hp": 265, "atk": 211, "def": 178, "spa": 178, "spd": 178, "spe": 211}, "types": ["Ground", "Dragon"]}, "Walking Wake": {"name": "Walking Wake", "species": "Walking Wake", "speciesId": "walkingwake", "gender": "N", "shiny": false, "level": 79, "moves": ["sunnyday", "dracometeor", "flamethrower", "hydrosteam"], "ability": "Protosynthesis", "evs": {"hp": 85, "atk": 0, "def": 85, "spa": 85, "spd": 85, "spe": 85}, "ivs": {"hp": 31, "atk": 0, "def": 31, "spa": 31, "spd": 31, "spe": 31}, "item": "Life Orb", "teraType": "Fire", "role": "Fast Attacker", "bvs": {"hp": 99, "atk": 83, "def": 91, "spa": 125, "spd": 83, "spe": 109}, "stats": {"hp": 286, "atk": 136, "def": 189, "spa": 243, "spd": 177, "spe": 218}, "types": ["Water", "Dragon"]}}]}