{"id": "gen9randombattle-2641141169", "format": "[Gen 9] Random Battle", "players": ["Chakraisgae", "justinprim"], "log": "|j|\u2606Chakraisgae\n|j|\u2606justinprim\n|t:|1782745599\n|gametype|singles\n|player|p1|Chakraisgae|102|2196\n|player|p2|justinprim|102|2208\n|gen|9\n|tier|[Gen 9] Random Battle\n|rated|\n|rule|Species Clause: Limit one of each Pok\u00e9mon\n|rule|HP Percentage Mod: HP is shown in percentages\n|rule|Sleep Clause Mod: Limit one foe put to sleep\n|rule|Illusion Level Mod: Illusion disguises the Pok\u00e9mon's true level\n|\n|t:|1782745599\n|teamsize|p1|6\n|teamsize|p2|6\n|start\n|switch|p1a: Gumshoos|Gumshoos, L95, F|321/321\n|switch|p2a: Ribombee|Ribombee, L83, M|235/235\n|turn|1\n|\n|t:|1782745619\n|move|p2a: Ribombee|Sticky Web|p1a: Gumshoos\n|-sidestart|p1: Chakraisgae|move: Sticky Web\n|move|p1a: Gumshoos|U-turn|p2a: Ribombee\n|-resisted|p2a: Ribombee\n|-damage|p2a: Ribombee|161/235\n|\n|t:|1782745621\n|switch|p1a: Glimmora|Glimmora, L75, M|248/248|[from] U-turn\n|-activate|p1a: Glimmora|move: Sticky Web\n|-unboost|p1a: Glimmora|spe|1\n|\n|upkeep\n|turn|2\n|inactive|Battle timer is ON: inactive players will automatically lose when time's up. (requested by Chakraisgae)\n|\n|t:|1782745643\n|switch|p2a: Groudon|Groudon, L72|263/263\n|-weather|SunnyDay|[from] ability: Drought|[of] p2a: Groudon\n|move|p1a: Glimmora|Earth Power|p2a: Groudon\n|-damage|p2a: Groudon|190/263\n|\n|-weather|SunnyDay|[upkeep]\n|-heal|p2a: Groudon|206/263|[from] item: Leftovers\n|upkeep\n|turn|3\n|\n|t:|1782745661\n|-terastallize|p1a: Glimmora|Grass\n|move|p2a: Groudon|Swords Dance|p2a: Groudon\n|-boost|p2a: Groudon|atk|2\n|move|p1a: Glimmora|Energy Ball|p2a: Groudon\n|-supereffective|p2a: Groudon\n|-damage|p2a: Groudon|0 fnt\n|faint|p2a: Groudon\n|\n|-weather|SunnyDay|[upkeep]\n|upkeep\n|\n|t:|1782745673\n|switch|p2a: Pecharunt|Pecharunt, L77|262/262\n|turn|4\n|\n|t:|1782745683\n|move|p2a: Pecharunt|Malignant Chain|p1a: Glimmora\n|-supereffective|p1a: Glimmora\n|-damage|p1a: Glimmora|50/248\n|-status|p1a: Glimmora|tox\n|-start|p1a: Glimmora|confusion|[from] ability: Poison Puppeteer|[of] p2a: Pecharunt\n|-activate|p1a: Glimmora|confusion\n|move|p1a: Glimmora|Meteor Beam||[still]\n|-prepare|p1a: Glimmora|Meteor Beam\n|-boost|p1a: Glimmora|spa|1\n|-enditem|p1a: Glimmora|Power Herb\n|-anim|p1a: Glimmora|Meteor Beam|p2a: Pecharunt\n|-damage|p2a: Pecharunt|48/262\n|\n|-weather|SunnyDay|[upkeep]\n|-heal|p2a: Pecharunt|64/262|[from] item: Leftovers\n|-damage|p1a: Glimmora|35/248 tox|[from] psn\n|upkeep\n|turn|5\n|\n|t:|1782745700\n|switch|p1a: Farigiraf|Farigiraf, L90, M|362/362\n|-activate|p1a: Farigiraf|move: Sticky Web\n|-unboost|p1a: Farigiraf|spe|1\n|move|p2a: Pecharunt|Malignant Chain|p1a: Farigiraf\n|-damage|p1a: Farigiraf|275/362\n|-status|p1a: Farigiraf|tox\n|-start|p1a: Farigiraf|confusion|[from] ability: Poison Puppeteer|[of] p2a: Pecharunt\n|\n|-weather|SunnyDay|[upkeep]\n|-heal|p2a: Pecharunt|80/262|[from] item: Leftovers\n|-heal|p1a: Farigiraf|297/362 tox|[from] item: Leftovers\n|-damage|p1a: Farigiraf|275/362 tox|[from] psn\n|upkeep\n|turn|6\n|\n|t:|1782745718\n|switch|p2a: Darkrai|Darkrai, L77|234/234\n|switch|p1a: Samurott|Samurott-Hisui, L77, M|265/265\n|-activate|p1a: Samurott|move: Sticky Web\n|-unboost|p1a: Samurott|spe|1\n|\n|-weather|none\n|upkeep\n|turn|7\n|\n|t:|1782745727\n|move|p2a: Darkrai|Sludge Bomb|p1a: Samurott\n|-damage|p1a: Samurott|171/265\n|move|p1a: Samurott|Razor Shell|p2a: Darkrai\n|-damage|p2a: Darkrai|92/234\n|-damage|p1a: Samurott|145/265|[from] item: Life Orb\n|\n|-heal|p2a: Darkrai|106/234|[from] item: Leftovers\n|upkeep\n|turn|8\n|\n|t:|1782745736\n|move|p2a: Darkrai|Sludge Bomb|p1a: Samurott\n|-damage|p1a: Samurott|59/265\n|move|p1a: Samurott|Razor Shell|p2a: Darkrai\n|-damage|p2a: Darkrai|0 fnt\n|faint|p2a: Darkrai\n|-damage|p1a: Samurott|33/265|[from] item: Life Orb\n|\n|upkeep\n|\n|t:|1782745750\n|switch|p2a: Indeedee|Indeedee-F, L90, F|272/272\n|-fieldstart|move: Psychic Terrain|[from] ability: Psychic Surge|[of] p2a: Indeedee\n|turn|9\n|\n|t:|1782745756\n|switch|p1a: Glimmora|Glimmora, L75, M, tera:Grass|35/248 tox\n|-activate|p1a: Glimmora|move: Sticky Web\n|-unboost|p1a: Glimmora|spe|1\n|move|p2a: Indeedee|Hyper Voice|p1a: Glimmora\n|-damage|p1a: Glimmora|0 fnt\n|faint|p1a: Glimmora\n|-damage|p2a: Indeedee|245/272|[from] item: Life Orb\n|\n|upkeep\n|\n|t:|1782745760\n|switch|p1a: Gumshoos|Gumshoos, L95, F|321/321\n|-activate|p1a: Gumshoos|move: Sticky Web\n|-unboost|p1a: Gumshoos|spe|1\n|turn|10\n|\n|t:|1782745781\n|move|p2a: Indeedee|Psyshock|p1a: Gumshoos\n|-damage|p1a: Gumshoos|138/321\n|-damage|p2a: Indeedee|218/272|[from] item: Life Orb\n|move|p1a: Gumshoos|Knock Off|p2a: Indeedee\n|-supereffective|p2a: Indeedee\n|-damage|p2a: Indeedee|0 fnt\n|-enditem|p2a: Indeedee|Life Orb|[from] move: Knock Off|[of] p1a: Gumshoos\n|faint|p2a: Indeedee\n|\n|upkeep\n|\n|t:|1782745786\n|switch|p2a: Ribombee|Ribombee, L83, M|161/235\n|turn|11\n|\n|t:|1782745791\n|move|p2a: Ribombee|Moonblast|p1a: Gumshoos\n|-damage|p1a: Gumshoos|29/321\n|-unboost|p1a: Gumshoos|spa|1\n|move|p1a: Gumshoos|Knock Off|p2a: Ribombee\n|-resisted|p2a: Ribombee\n|-damage|p2a: Ribombee|67/235\n|-enditem|p2a: Ribombee|Focus Sash|[from] move: Knock Off|[of] p1a: Gumshoos\n|\n|upkeep\n|turn|12\n|\n|t:|1782745801\n|move|p2a: Ribombee|Moonblast|p1a: Gumshoos\n|-damage|p1a: Gumshoos|0 fnt\n|faint|p1a: Gumshoos\n|\n|upkeep\n|\n|t:|1782745808\n|switch|p1a: Farigiraf|Farigiraf, L90, M|275/362 tox\n|-activate|p1a: Farigiraf|move: Sticky Web\n|-unboost|p1a: Farigiraf|spe|1\n|turn|13\n|\n|t:|1782745836\n|move|p2a: Ribombee|U-turn|p1a: Farigiraf\n|-supereffective|p1a: Farigiraf\n|-damage|p1a: Farigiraf|161/362 tox\n|\n|t:|1782745838\n|switch|p2a: Pecharunt|Pecharunt, L77|80/262|[from] U-turn\n|move|p1a: Farigiraf|Psychic Noise|p2a: Pecharunt\n|-supereffective|p2a: Pecharunt\n|-damage|p2a: Pecharunt|0 fnt\n|faint|p2a: Pecharunt\n|\n|-heal|p1a: Farigiraf|183/362 tox|[from] item: Leftovers\n|-damage|p1a: Farigiraf|161/362 tox|[from] psn\n|-fieldend|move: Psychic Terrain\n|upkeep\n|\n|t:|1782745840\n|switch|p2a: Frosmoth|Frosmoth, L82, F|249/249\n|turn|14\n|\n|t:|1782745846\n|move|p2a: Frosmoth|Quiver Dance|p2a: Frosmoth\n|-boost|p2a: Frosmoth|spa|1\n|-boost|p2a: Frosmoth|spd|1\n|-boost|p2a: Frosmoth|spe|1\n|move|p1a: Farigiraf|Body Slam|p2a: Frosmoth\n|-damage|p2a: Frosmoth|111/249\n|\n|-heal|p1a: Farigiraf|183/362 tox|[from] item: Leftovers\n|-damage|p1a: Farigiraf|139/362 tox|[from] psn\n|upkeep\n|turn|15\n|\n|t:|1782745852\n|move|p2a: Frosmoth|Ice Beam|p1a: Farigiraf\n|-damage|p1a: Farigiraf|0 fnt\n|faint|p1a: Farigiraf\n|\n|upkeep\n|\n|t:|1782745854\n|switch|p1a: Samurott|Samurott-Hisui, L77, M|33/265\n|-activate|p1a: Samurott|move: Sticky Web\n|-unboost|p1a: Samurott|spe|1\n|turn|16\n|\n|t:|1782745860\n|switch|p2a: Ribombee|Ribombee, L83, M|67/235\n|move|p1a: Samurott|Sucker Punch||[still]\n|-fail|p1a: Samurott\n|\n|upkeep\n|turn|17\n|\n|t:|1782745865\n|switch|p1a: Greninja|Greninja, L80, M|246/246\n|-activate|p1a: Greninja|move: Sticky Web\n|-unboost|p1a: Greninja|spe|1\n|move|p2a: Ribombee|Moonblast|p1a: Greninja\n|-supereffective|p1a: Greninja\n|-damage|p1a: Greninja|18/246\n|\n|upkeep\n|turn|18\n|\n|t:|1782745867\n|move|p2a: Ribombee|Moonblast|p1a: Greninja\n|-supereffective|p1a: Greninja\n|-damage|p1a: Greninja|0 fnt\n|faint|p1a: Greninja\n|\n|upkeep\n|\n|t:|1782745869\n|switch|p1a: Enamorus|Enamorus-Therian, L83, F|259/259\n|turn|19\n|\n|t:|1782745872\n|move|p2a: Ribombee|Stun Spore|p1a: Enamorus\n|-immune|p1a: Enamorus|[from] ability: Overcoat\n|move|p1a: Enamorus|Agility|p1a: Enamorus\n|-boost|p1a: Enamorus|spe|2\n|\n|upkeep\n|turn|20\n|\n|t:|1782745882\n|move|p2a: Ribombee|Moonblast|p1a: Enamorus\n|-damage|p1a: Enamorus|165/259\n|move|p1a: Enamorus|Moonblast|p2a: Ribombee\n|-damage|p2a: Ribombee|0 fnt\n|faint|p2a: Ribombee\n|\n|upkeep\n|\n|t:|1782745897\n|switch|p2a: Frosmoth|Frosmoth, L82, F|111/249\n|turn|21\n|\n|t:|1782745899\n|move|p1a: Enamorus|Mystical Fire|p2a: Frosmoth\n|-supereffective|p2a: Frosmoth\n|-damage|p2a: Frosmoth|0 fnt\n|faint|p2a: Frosmoth\n|\n|win|Chakraisgae\n|raw|Chakraisgae's rating: 2196 &rarr; <strong>2217</strong><br />(+21 for winning)\n|raw|justinprim's rating: 2208 &rarr; <strong>2187</strong><br />(-21 for losing)\n", "inputlog": ">version f8ac14003a5f27e1bdc8d8c59608a773c1cb96e5\n>start {\"formatid\":\"gen9randombattle\",\"seed\":\"sodium,e0d0f38d6a2d1f890104a05cb4dccd6b\",\"rated\":\"Rated battle\"}\n>player p1 {\"name\":\"Chakraisgae\",\"avatar\":\"102\",\"rating\":2196,\"seed\":\"sodium,32e7ab4f85cba9920ea71454d7acc6f6\"}\n>player p2 {\"name\":\"justinprim\",\"avatar\":\"102\",\"rating\":2208,\"seed\":\"sodium,9ea953eb5c4bd6dfbcfca0072dab39e3\"}\n>p1 move uturn\n>p2 move stickyweb\n>p1 switch 4\n>p1 move earthpower\n>p2 switch 3\n>p1 move energyball terastallize\n>p2 move swordsdance\n>p2 switch 5\n>p1 move meteorbeam\n>p2 move malignantchain\n>p1 switch 3\n>p2 move malignantchain\n>p1 switch 6\n>p2 switch 6\n>p1 move razorshell\n>p2 move sludgebomb\n>p1 move razorshell\n>p2 move sludgebomb\n>p2 switch 2\n>p1 switch 3\n>p2 move hypervoice\n>p1 switch 4\n>p1 move knockoff\n>p2 move psyshock\n>p2 switch 3\n>p1 move knockoff\n>p2 move moonblast\n>p1 move knockoff\n>p2 move moonblast\n>p1 switch 6\n>p1 move psychicnoise\n>p2 move uturn\n>p2 switch 6\n>p2 switch 4\n>p1 move bodyslam\n>p2 move quiverdance\n>p1 move bodyslam\n>p2 move icebeam\n>p1 switch 3\n>p1 move suckerpunch\n>p2 switch 6\n>p1 switch 2\n>p2 move moonblast\n>p1 move gunkshot\n>p2 move moonblast\n>p1 switch 5\n>p1 move agility\n>p2 move stunspore\n>p1 move moonblast\n>p2 move moonblast\n>p2 switch 6\n>p1 move mysticalfire\n>p2 move quiverdance", "uploadtime": 1782745899, "views": 6, "formatid": "gen9randombattle", "rating": 2187, "private": 0, "password": null, "player_dets": [{"name": "Chakraisgae", "avatar": "102", "rating": 2196, "seed": "sodium,32e7ab4f85cba9920ea71454d7acc6f6"}, {"name": "justinprim", "avatar": "102", "rating": 2208, "seed": "sodium,9ea953eb5c4bd6dfbcfca0072dab39e3"}], "teams_full": [{"Gumshoos": {"name": "Gumshoos", "species": "Gumshoos", "speciesId": "gumshoos", "gender": "F", "shiny": false, "level": 95, "moves": ["uturn", "earthquake", "doubleedge", "knockoff"], "ability": "Stakeout", "evs": {"hp": 85, "atk": 85, "def": 85, "spa": 85, "spd": 85, "spe": 85}, "ivs": {"hp": 31, "atk": 31, "def": 31, "spa": 31, "spd": 31, "spe": 31}, "item": "Choice Band", "teraType": "Normal", "role": "Wallbreaker", "bvs": {"hp": 88, "atk": 110, "def": 60, "spa": 55, "spd": 60, "spe": 45}, "stats": {"hp": 321, "atk": 263, "def": 168, "spa": 158, "spd": 168, "spe": 139}, "types": ["Normal"]}, "Greninja": {"name": "Greninja", "species": "Greninja", "speciesId": "greninja", "gender": "M", "shiny": false, "level": 80, "moves": ["uturn", "gunkshot", "hydropump", "grassknot"], "ability": "Protean", "evs": {"hp": 85, "atk": 85, "def": 85, "spa": 85, "spd": 85, "spe": 85}, "ivs": {"hp": 31, "atk": 31, "def": 31, "spa": 31, "spd": 31, "spe": 31}, "item": "Life Orb", "teraType": "Poison", "role": "Wallbreaker", "bvs": {"hp": 72, "atk": 95, "def": 67, "spa": 103, "spd": 71, "spe": 122}, "stats": {"hp": 246, "atk": 198, "def": 153, "spa": 211, "spd": 160, "spe": 241}, "types": ["Water", "Dark"]}, "Farigiraf": {"name": "Farigiraf", "species": "Farigiraf", "speciesId": "farigiraf", "gender": "M", "shiny": false, "level": 90, "moves": ["wish", "bodyslam", "psychicnoise", "protect"], "ability": "Sap Sipper", "evs": {"hp": 85, "atk": 85, "def": 85, "spa": 85, "spd": 85, "spe": 85}, "ivs": {"hp": 31, "atk": 31, "def": 31, "spa": 31, "spd": 31, "spe": 31}, "item": "Leftovers", "teraType": "Fairy", "role": "Bulky Support", "bvs": {"hp": 120, "atk": 90, "def": 70, "spa": 110, "spd": 70, "spe": 60}, "stats": {"hp": 362, "atk": 213, "def": 177, "spa": 249, "spd": 177, "spe": 159}, "types": ["Normal", "Psychic"]}, "Glimmora": {"name": "Glimmora", "species": "Glimmora", "speciesId": "glimmora", "gender": "M", "shiny": false, "level": 75, "moves": ["earthpower", "energyball", "meteorbeam", "sludgewave"], "ability": "Toxic Debris", "evs": {"hp": 85, "atk": 0, "def": 85, "spa": 85, "spd": 85, "spe": 85}, "ivs": {"hp": 31, "atk": 0, "def": 31, "spa": 31, "spd": 31, "spe": 31}, "item": "Power Herb", "teraType": "Grass", "role": "Setup Sweeper", "bvs": {"hp": 83, "atk": 55, "def": 90, "spa": 130, "spd": 81, "spe": 86}, "stats": {"hp": 248, "atk": 87, "def": 179, "spa": 239, "spd": 165, "spe": 173}, "types": ["Rock", "Poison"]}, "Enamorus": {"name": "Enamorus", "species": "Enamorus-Therian", "speciesId": "enamorustherian", "gender": "F", "shiny": false, "level": 83, "moves": ["agility", "mysticalfire", "earthpower", "moonblast"], "ability": "Overcoat", "evs": {"hp": 85, "atk": 0, "def": 85, "spa": 85, "spd": 85, "spe": 85}, "ivs": {"hp": 31, "atk": 0, "def": 31, "spa": 31, "spd": 31, "spe": 31}, "item": "Weakness Policy", "teraType": "Ground", "role": "Bulky Setup", "bvs": {"hp": 74, "atk": 115, "def": 110, "spa": 135, "spd": 100, "spe": 46}, "stats": {"hp": 259, "atk": 195, "def": 230, "spa": 272, "spd": 214, "spe": 124}, "types": ["Fairy", "Flying"]}, "Samurott": {"name": "Samurott", "species": "Samurott-Hisui", "speciesId": "samurotthisui", "gender": "M", "shiny": false, "level": 77, "moves": ["suckerpunch", "ceaselessedge", "razorshell", "swordsdance"], "ability": "Sharpness", "evs": {"hp": 85, "atk": 85, "def": 85, "spa": 85, "spd": 85, "spe": 85}, "ivs": {"hp": 31, "atk": 31, "def": 31, "spa": 31, "spd": 31, "spe": 31}, "item": "Life Orb", "teraType": "Poison", "role": "Fast Attacker", "bvs": {"hp": 90, "atk": 108, "def": 80, "spa": 100, "spd": 65, "spe": 85}, "stats": {"hp": 265, "atk": 211, "def": 168, "spa": 199, "spd": 145, "spe": 175}, "types": ["Water", "Dark"]}}, {"Ribombee": {"name": "Ribombee", "species": "Ribombee", "speciesId": "ribombee", "gender": "M", "shiny": false, "level": 83, "moves": ["stunspore", "moonblast", "stickyweb", "uturn"], "ability": "Shield Dust", "evs": {"hp": 85, "atk": 85, "def": 85, "spa": 85, "spd": 85, "spe": 85}, "ivs": {"hp": 31, "atk": 31, "def": 31, "spa": 31, "spd": 31, "spe": 31}, "item": "Focus Sash", "teraType": "Ghost", "role": "Fast Support", "bvs": {"hp": 60, "atk": 55, "def": 60, "spa": 95, "spd": 70, "spe": 124}, "stats": {"hp": 235, "atk": 139, "def": 147, "spa": 205, "spd": 164, "spe": 254}, "types": ["Bug", "Fairy"]}, "Indeedee": {"name": "Indeedee", "species": "Indeedee-F", "speciesId": "indeedeef", "gender": "F", "shiny": false, "level": 90, "moves": ["psyshock", "hypervoice", "calmmind", "dazzlinggleam"], "ability": "Psychic Surge", "evs": {"hp": 85, "atk": 0, "def": 85, "spa": 85, "spd": 85, "spe": 85}, "ivs": {"hp": 31, "atk": 0, "def": 31, "spa": 31, "spd": 31, "spe": 31}, "item": "Life Orb", "teraType": "Fairy", "role": "Fast Attacker", "bvs": {"hp": 70, "atk": 55, "def": 65, "spa": 95, "spd": 105, "spe": 85}, "stats": {"hp": 272, "atk": 104, "def": 168, "spa": 222, "spd": 240, "spe": 204}, "types": ["Psychic", "Normal"]}, "Groudon": {"name": "Groudon", "species": "Groudon", "speciesId": "groudon", "gender": "N", "shiny": false, "level": 72, "moves": ["swordsdance", "precipiceblades", "stoneedge", "heatcrash"], "ability": "Drought", "evs": {"hp": 85, "atk": 85, "def": 85, "spa": 85, "spd": 85, "spe": 85}, "ivs": {"hp": 31, "atk": 31, "def": 31, "spa": 31, "spd": 31, "spe": 31}, "item": "Leftovers", "teraType": "Fire", "role": "Bulky Setup", "bvs": {"hp": 100, "atk": 150, "def": 140, "spa": 100, "spd": 90, "spe": 90}, "stats": {"hp": 263, "atk": 258, "def": 244, "spa": 186, "spd": 172, "spe": 172}, "types": ["Ground"]}, "Frosmoth": {"name": "Frosmoth", "species": "Frosmoth", "speciesId": "frosmoth", "gender": "F", "shiny": false, "level": 82, "moves": ["icebeam", "quiverdance", "gigadrain", "terablast"], "ability": "Ice Scales", "evs": {"hp": 85, "atk": 0, "def": 85, "spa": 85, "spd": 85, "spe": 85}, "ivs": {"hp": 31, "atk": 0, "def": 31, "spa": 31, "spd": 31, "spe": 31}, "item": "Heavy-Duty Boots", "teraType": "Ground", "role": "Tera Blast user", "bvs": {"hp": 70, "atk": 65, "def": 60, "spa": 125, "spd": 90, "spe": 65}, "stats": {"hp": 249, "atk": 111, "def": 146, "spa": 252, "spd": 195, "spe": 154}, "types": ["Ice", "Bug"]}, "Pecharunt": {"name": "Pecharunt", "species": "Pecharunt", "speciesId": "pecharunt", "gender": "N", "shiny": false, "level": 77, "moves": ["malignantchain", "recover", "shadowball", "nastyplot"], "ability": "Poison Puppeteer", "evs": {"hp": 85, "atk": 0, "def": 85, "spa": 85, "spd": 85, "spe": 85}, "ivs": {"hp": 31, "atk": 0, "def": 31, "spa": 31, "spd": 31, "spe": 31}, "item": "Leftovers", "teraType": "Dark", "role": "Bulky Attacker", "bvs": {"hp": 88, "atk": 88, "def": 160, "spa": 88, "spd": 88, "spe": 88}, "stats": {"hp": 262, "atk": 140, "def": 291, "spa": 180, "spd": 180, "spe": 180}, "types": ["Poison", "Ghost"]}, "Darkrai": {"name": "Darkrai", "species": "Darkrai", "speciesId": "darkrai", "gender": "N", "shiny": false, "level": 77, "moves": ["nastyplot", "sludgebomb", "substitute", "darkpulse"], "ability": "Bad Dreams", "evs": {"hp": 85, "atk": 0, "def": 85, "spa": 85, "spd": 85, "spe": 85}, "ivs": {"hp": 31, "atk": 0, "def": 31, "spa": 31, "spd": 31, "spe": 31}, "item": "Leftovers", "teraType": "Poison", "role": "Setup Sweeper", "bvs": {"hp": 70, "atk": 90, "def": 90, "spa": 135, "spd": 90, "spe": 125}, "stats": {"hp": 234, "atk": 143, "def": 183, "spa": 252, "spd": 183, "spe": 237}, "types": ["Dark"]}}]}