{"id": "gen9randombattle-2641735056", "format": "[Gen 9] Random Battle", "players": ["aimKP", "Thorys"], "log": "|j|\u2606aimKP\n|j|\u2606Thorys\n|t:|1782835661\n|gametype|singles\n|player|p1|aimKP|cynthia-gen4|2073\n|player|p2|Thorys|policeman-gen4|2049\n|gen|9\n|tier|[Gen 9] Random Battle\n|rated|\n|rule|Species Clause: Limit one of each Pok\u00e9mon\n|rule|HP Percentage Mod: HP is shown in percentages\n|rule|Sleep Clause Mod: Limit one foe put to sleep\n|rule|Illusion Level Mod: Illusion disguises the Pok\u00e9mon's true level\n|\n|t:|1782835661\n|teamsize|p1|6\n|teamsize|p2|6\n|start\n|switch|p1a: Wo-Chien|Wo-Chien, L83|277/277\n|switch|p2a: Wigglytuff|Wigglytuff, L96, F|424/424\n|-ability|p1a: Wo-Chien|Tablets of Ruin\n|turn|1\n|inactive|Battle timer is ON: inactive players will automatically lose when time's up. (requested by Thorys)\n|inactive|aimKP has 120 seconds left.\n|\n|t:|1782835713\n|switch|p1a: Glimmora|Glimmora, L75, F|248/248\n|move|p2a: Wigglytuff|Knock Off|p1a: Glimmora\n|-damage|p1a: Glimmora|175/248\n|-activate|p1a: Glimmora|ability: Toxic Debris\n|-sidestart|p2: Thorys|move: Toxic Spikes\n|-enditem|p1a: Glimmora|Power Herb|[from] move: Knock Off|[of] p2a: Wigglytuff\n|\n|upkeep\n|turn|2\n|\n|t:|1782835740\n|switch|p2a: Glimmora|Glimmora, L75, M|248/248\n|-sideend|p2: Thorys|move: Toxic Spikes|[of] p2a: Glimmora\n|move|p1a: Glimmora|Sludge Wave|p2a: Glimmora\n|-resisted|p2a: Glimmora\n|-damage|p2a: Glimmora|218/248\n|\n|upkeep\n|turn|3\n|inactive|Thorys has 120 seconds left.\n|\n|t:|1782835775\n|move|p2a: Glimmora|Earth Power|p1a: Glimmora\n|-supereffective|p1a: Glimmora\n|-damage|p1a: Glimmora|0 fnt\n|faint|p1a: Glimmora\n|\n|upkeep\n|\n|t:|1782835780\n|switch|p1a: Ursaring|Ursaring, L84, F|288/288\n|turn|4\n|\n|t:|1782835792\n|move|p2a: Glimmora|Meteor Beam||[still]\n|-prepare|p2a: Glimmora|Meteor Beam\n|-boost|p2a: Glimmora|spa|1\n|-enditem|p2a: Glimmora|Power Herb\n|-anim|p2a: Glimmora|Meteor Beam|p1a: Ursaring|[miss]\n|-miss|p2a: Glimmora|p1a: Ursaring\n|move|p1a: Ursaring|Earthquake|p2a: Glimmora\n|-supereffective|p2a: Glimmora\n|-crit|p2a: Glimmora\n|-damage|p2a: Glimmora|0 fnt\n|-activate|p2a: Glimmora|ability: Toxic Debris\n|-sidestart|p1: aimKP|move: Toxic Spikes\n|faint|p2a: Glimmora\n|\n|upkeep\n|\n|t:|1782835808\n|switch|p2a: Malamar|Malamar, L82, M|275/275\n|turn|5\n|\n|t:|1782835818\n|move|p2a: Malamar|Superpower|p1a: Ursaring\n|-supereffective|p1a: Ursaring\n|-damage|p1a: Ursaring|164/288\n|-boost|p2a: Malamar|atk|1\n|-boost|p2a: Malamar|def|1\n|move|p1a: Ursaring|Body Slam|p2a: Malamar\n|-damage|p2a: Malamar|190/275\n|-status|p2a: Malamar|par\n|\n|upkeep\n|turn|6\n|\n|t:|1782835833\n|switch|p1a: Minun|Minun, L95, M|268/268\n|-status|p1a: Minun|psn\n|move|p2a: Malamar|Rest|p2a: Malamar\n|-status|p2a: Malamar|slp|[from] move: Rest\n|-heal|p2a: Malamar|275/275 slp|[silent]\n|-enditem|p2a: Malamar|Chesto Berry|[eat]\n|-curestatus|p2a: Malamar|slp|[msg]\n|\n|-damage|p1a: Minun|235/268 psn|[from] psn\n|upkeep\n|turn|7\n|\n|t:|1782835844\n|switch|p2a: Wigglytuff|Wigglytuff, L96, F|424/424\n|move|p1a: Minun|Alluring Voice|p2a: Wigglytuff\n|-damage|p2a: Wigglytuff|321/424\n|-damage|p1a: Minun|209/268 psn|[from] item: Life Orb\n|\n|-heal|p2a: Wigglytuff|347/424|[from] item: Leftovers\n|-damage|p1a: Minun|176/268 psn|[from] psn\n|upkeep\n|turn|8\n|\n|t:|1782835864\n|switch|p1a: Ursaring|Ursaring, L84, F|164/288\n|-status|p1a: Ursaring|psn\n|move|p2a: Wigglytuff|Wish|p2a: Wigglytuff\n|\n|-heal|p2a: Wigglytuff|373/424|[from] item: Leftovers\n|-damage|p1a: Ursaring|128/288 psn|[from] psn\n|upkeep\n|turn|9\n|\n|t:|1782835876\n|move|p1a: Ursaring|Body Slam|p2a: Wigglytuff\n|-damage|p2a: Wigglytuff|147/424\n|-status|p2a: Wigglytuff|par\n|cant|p2a: Wigglytuff|par\n|\n|-heal|p2a: Wigglytuff|359/424 par|[from] move: Wish|[wisher] Wigglytuff\n|-heal|p2a: Wigglytuff|385/424 par|[from] item: Leftovers\n|-damage|p1a: Ursaring|92/288 psn|[from] psn\n|upkeep\n|turn|10\n|\n|t:|1782835896\n|move|p1a: Ursaring|Rest|p1a: Ursaring\n|-status|p1a: Ursaring|slp|[from] move: Rest\n|-heal|p1a: Ursaring|288/288 slp|[silent]\n|move|p2a: Wigglytuff|Wish|p2a: Wigglytuff\n|\n|-heal|p2a: Wigglytuff|411/424 par|[from] item: Leftovers\n|upkeep\n|turn|11\n|\n|t:|1782835904\n|cant|p1a: Ursaring|slp\n|move|p1a: Ursaring|Sleep Talk|p1a: Ursaring\n|move|p1a: Ursaring|Earthquake|p2a: Wigglytuff|[from] move: Sleep Talk\n|-damage|p2a: Wigglytuff|227/424 par\n|cant|p2a: Wigglytuff|par\n|\n|-heal|p2a: Wigglytuff|424/424 par|[from] move: Wish|[wisher] Wigglytuff\n|upkeep\n|turn|12\n|inactive|aimKP has 120 seconds left.\n|inactive|aimKP has 90 seconds left.\n|\n|t:|1782835972\n|cant|p1a: Ursaring|slp\n|move|p1a: Ursaring|Sleep Talk|p1a: Ursaring\n|move|p1a: Ursaring|Earthquake|p2a: Wigglytuff|[from] move: Sleep Talk\n|-damage|p2a: Wigglytuff|240/424 par\n|move|p2a: Wigglytuff|Wish|p2a: Wigglytuff\n|\n|-heal|p2a: Wigglytuff|266/424 par|[from] item: Leftovers\n|upkeep\n|turn|13\n|inactive|aimKP has 90 seconds left.\n|\n|t:|1782835991\n|switch|p1a: Wo-Chien|Wo-Chien, L83|277/277\n|-status|p1a: Wo-Chien|psn\n|-ability|p1a: Wo-Chien|Tablets of Ruin\n|cant|p2a: Wigglytuff|par\n|\n|-heal|p2a: Wigglytuff|424/424 par|[from] move: Wish|[wisher] Wigglytuff\n|-damage|p1a: Wo-Chien|243/277 psn|[from] psn\n|upkeep\n|turn|14\n|\n|t:|1782836008\n|move|p1a: Wo-Chien|Knock Off|p2a: Wigglytuff\n|-resisted|p2a: Wigglytuff\n|-damage|p2a: Wigglytuff|358/424 par\n|-enditem|p2a: Wigglytuff|Leftovers|[from] move: Knock Off|[of] p1a: Wo-Chien\n|cant|p2a: Wigglytuff|par\n|\n|-heal|p1a: Wo-Chien|260/277 psn|[from] item: Leftovers\n|-damage|p1a: Wo-Chien|226/277 psn|[from] psn\n|upkeep\n|turn|15\n|\n|t:|1782836018\n|move|p1a: Wo-Chien|Leech Seed|p2a: Wigglytuff\n|-start|p2a: Wigglytuff|move: Leech Seed\n|move|p2a: Wigglytuff|Wish|p2a: Wigglytuff\n|\n|-heal|p1a: Wo-Chien|243/277 psn|[from] item: Leftovers\n|-damage|p2a: Wigglytuff|305/424 par|[from] Leech Seed|[of] p1a: Wo-Chien\n|-heal|p1a: Wo-Chien|277/277 psn|[silent]\n|-damage|p1a: Wo-Chien|243/277 psn|[from] psn\n|upkeep\n|turn|16\n|\n|t:|1782836034\n|-terastallize|p1a: Wo-Chien|Poison\n|move|p1a: Wo-Chien|Leech Seed||[still]\n|-fail|p1a: Wo-Chien\n|cant|p2a: Wigglytuff|par\n|\n|-heal|p2a: Wigglytuff|424/424 par|[from] move: Wish|[wisher] Wigglytuff\n|-heal|p1a: Wo-Chien|260/277 psn|[from] item: Leftovers\n|-damage|p2a: Wigglytuff|371/424 par|[from] Leech Seed|[of] p1a: Wo-Chien\n|-heal|p1a: Wo-Chien|277/277 psn|[silent]\n|-damage|p1a: Wo-Chien|243/277 psn|[from] psn\n|upkeep\n|turn|17\n|\n|t:|1782836050\n|move|p1a: Wo-Chien|Stun Spore|p2a: Wigglytuff\n|-fail|p2a: Wigglytuff|par\n|move|p2a: Wigglytuff|Knock Off|p1a: Wo-Chien\n|-damage|p1a: Wo-Chien|193/277 psn\n|-enditem|p1a: Wo-Chien|Leftovers|[from] move: Knock Off|[of] p2a: Wigglytuff\n|\n|-damage|p2a: Wigglytuff|318/424 par|[from] Leech Seed|[of] p1a: Wo-Chien\n|-heal|p1a: Wo-Chien|246/277 psn|[silent]\n|-damage|p1a: Wo-Chien|212/277 psn|[from] psn\n|upkeep\n|turn|18\n|\n|t:|1782836065\n|switch|p2a: Malamar|Malamar, L82, M|275/275\n|move|p1a: Wo-Chien|Stun Spore|p2a: Malamar\n|-status|p2a: Malamar|par\n|\n|-damage|p1a: Wo-Chien|178/277 psn|[from] psn\n|upkeep\n|turn|19\n|inactive|Thorys has 90 seconds left.\n|\n|t:|1782836085\n|move|p1a: Wo-Chien|Leech Seed|p2a: Malamar\n|-start|p2a: Malamar|move: Leech Seed\n|move|p2a: Malamar|Superpower|p1a: Wo-Chien\n|-resisted|p1a: Wo-Chien\n|-damage|p1a: Wo-Chien|153/277 psn\n|-boost|p2a: Malamar|atk|1\n|-boost|p2a: Malamar|def|1\n|\n|-damage|p2a: Malamar|241/275 par|[from] Leech Seed|[of] p1a: Wo-Chien\n|-heal|p1a: Wo-Chien|187/277 psn|[silent]\n|-damage|p1a: Wo-Chien|153/277 psn|[from] psn\n|upkeep\n|turn|20\n|inactive|Thorys has 90 seconds left.\n|inactive|aimKP has 90 seconds left.\n|\n|t:|1782836129\n|switch|p1a: Tropius|Tropius, L91, M|328/328\n|cant|p2a: Malamar|par\n|\n|-damage|p2a: Malamar|207/275 par|[from] Leech Seed|[of] p1a: Tropius\n|upkeep\n|turn|21\n|inactive|Thorys has 90 seconds left.\n|\n|t:|1782836159\n|switch|p2a: Cramorant|Cramorant, L86, M|261/261\n|move|p1a: Tropius|Substitute|p1a: Tropius\n|-start|p1a: Tropius|Substitute\n|-damage|p1a: Tropius|246/328\n|\n|upkeep\n|turn|22\n|inactive|aimKP has 60 seconds left.\n|\n|t:|1782836196\n|move|p2a: Cramorant|Brave Bird|p1a: Tropius\n|-supereffective|p1a: Tropius\n|-end|p1a: Tropius|Substitute\n|-damage|p2a: Cramorant|234/261|[from] Recoil|[of] p1a: Tropius\n|move|p1a: Tropius|Leech Seed|p2a: Cramorant\n|-start|p2a: Cramorant|move: Leech Seed\n|\n|-damage|p2a: Cramorant|202/261|[from] Leech Seed|[of] p1a: Tropius\n|-heal|p1a: Tropius|278/328|[silent]\n|upkeep\n|turn|23\n|inactive|aimKP has 60 seconds left.\n|inactive|Thorys has 60 seconds left.\n|\n|t:|1782836226\n|switch|p1a: Wo-Chien|Wo-Chien, L83, tera:Poison|153/277 psn\n|-sideend|p1: aimKP|move: Toxic Spikes|[of] p1a: Wo-Chien\n|-ability|p1a: Wo-Chien|Tablets of Ruin\n|move|p2a: Cramorant|Brave Bird|p1a: Wo-Chien\n|-crit|p1a: Wo-Chien\n|-damage|p1a: Wo-Chien|26/277 psn\n|-damage|p2a: Cramorant|160/261|[from] Recoil\n|\n|-damage|p2a: Cramorant|128/261|[from] Leech Seed|[of] p1a: Wo-Chien\n|-heal|p1a: Wo-Chien|58/277 psn|[silent]\n|-damage|p1a: Wo-Chien|24/277 psn|[from] psn\n|upkeep\n|turn|24\n|inactive|aimKP has 60 seconds left.\n|inactive|Thorys has 60 seconds left.\n|\n|t:|1782836256\n|switch|p1a: Minun|Minun, L95, M|176/268 psn\n|move|p2a: Cramorant|Surf|p1a: Minun\n|-formechange|p2a: Cramorant|Cramorant-Gorging|\n|-damage|p1a: Minun|100/268 psn\n|\n|-damage|p2a: Cramorant|96/261|[from] Leech Seed|[of] p1a: Minun\n|-heal|p1a: Minun|132/268 psn|[silent]\n|-damage|p1a: Minun|99/268 psn|[from] psn\n|upkeep\n|turn|25\n|inactive|Thorys has 60 seconds left.\n|\n|t:|1782836275\n|switch|p2a: Persian|Persian-Alola, L86, M|252/252\n|move|p1a: Minun|Thunderbolt|p2a: Persian\n|-damage|p2a: Persian|84/252\n|-damage|p1a: Minun|73/268 psn|[from] item: Life Orb\n|\n|-heal|p2a: Persian|99/252|[from] item: Leftovers\n|-damage|p1a: Minun|40/268 psn|[from] psn\n|upkeep\n|turn|26\n|\n|t:|1782836283\n|switch|p1a: Ursaring|Ursaring, L84, F|288/288 slp\n|move|p2a: Persian|Dark Pulse|p1a: Ursaring\n|-damage|p1a: Ursaring|236/288 slp\n|\n|-heal|p2a: Persian|114/252|[from] item: Leftovers\n|upkeep\n|turn|27\n|inactive|Thorys has 60 seconds left.\n|\n|t:|1782836296\n|move|p2a: Persian|Nasty Plot|p2a: Persian\n|-boost|p2a: Persian|spa|2\n|-curestatus|p1a: Ursaring|slp|[msg]\n|move|p1a: Ursaring|Body Slam|p2a: Persian\n|-damage|p2a: Persian|41/252\n|\n|-heal|p2a: Persian|56/252|[from] item: Leftovers\n|upkeep\n|turn|28\n|inactive|Thorys has 60 seconds left.\n|\n|t:|1782836313\n|move|p2a: Persian|Dark Pulse|p1a: Ursaring\n|-damage|p1a: Ursaring|116/288\n|move|p1a: Ursaring|Body Slam|p2a: Persian\n|-damage|p2a: Persian|0 fnt\n|faint|p2a: Persian\n|\n|upkeep\n|\n|t:|1782836322\n|switch|p2a: Typhlosion|Typhlosion, L84, M|267/267\n|turn|29\n|\n|t:|1782836337\n|switch|p1a: Wo-Chien|Wo-Chien, L83, tera:Poison|24/277 psn\n|-ability|p1a: Wo-Chien|Tablets of Ruin\n|move|p2a: Typhlosion|Eruption|p1a: Wo-Chien\n|-damage|p1a: Wo-Chien|0 fnt\n|faint|p1a: Wo-Chien\n|\n|upkeep\n|\n|t:|1782836346\n|switch|p1a: Minun|Minun, L95, M|40/268 psn\n|turn|30\n|\n|t:|1782836349\n|move|p2a: Typhlosion|Eruption|p1a: Minun\n|-damage|p1a: Minun|0 fnt\n|faint|p1a: Minun\n|\n|upkeep\n|\n|t:|1782836359\n|switch|p1a: Tropius|Tropius, L91, M|278/328\n|turn|31\n|\n|t:|1782836363\n|move|p1a: Tropius|Protect|p1a: Tropius\n|-singleturn|p1a: Tropius|Protect\n|move|p2a: Typhlosion|Eruption|p1a: Tropius\n|-activate|p1a: Tropius|move: Protect\n|\n|upkeep\n|turn|32\n|inactive|Thorys has 90 seconds left.\n|inactive|aimKP has 90 seconds left.\n|\n|t:|1782836383\n|move|p1a: Tropius|Protect|p1a: Tropius\n|-singleturn|p1a: Tropius|Protect\n|move|p2a: Typhlosion|Eruption|p1a: Tropius\n|-activate|p1a: Tropius|move: Protect\n|\n|upkeep\n|turn|33\n|inactive|aimKP has 90 seconds left.\n|\n|t:|1782836396\n|move|p1a: Tropius|Protect||[still]\n|-fail|p1a: Tropius\n|move|p2a: Typhlosion|Eruption|p1a: Tropius\n|-supereffective|p1a: Tropius\n|-damage|p1a: Tropius|0 fnt\n|faint|p1a: Tropius\n|\n|upkeep\n|\n|t:|1782836399\n|switch|p1a: Cloyster|Cloyster, L80, M|211/211\n|turn|34\n|-message|aimKP forfeited.\n|\n|win|Thorys\n|raw|aimKP's rating: 2073 &rarr; <strong>2052</strong><br />(-21 for losing)\n|raw|Thorys's rating: 2049 &rarr; <strong>2070</strong><br />(+21 for winning)\n", "inputlog": ">version f8ac14003a5f27e1bdc8d8c59608a773c1cb96e5\n>start {\"formatid\":\"gen9randombattle\",\"seed\":\"sodium,50f8bc7243b31bd8130aa895f9afb2c7\",\"rated\":\"Rated battle\"}\n>player p1 {\"name\":\"aimKP\",\"avatar\":\"cynthia-gen4\",\"rating\":2073,\"seed\":\"sodium,048e4f57314b79541c3d1ddaf73674ba\"}\n>player p2 {\"name\":\"Thorys\",\"avatar\":\"policeman-gen4\",\"rating\":2049,\"seed\":\"sodium,eb5eb3c28ec14b3fe327fdf2cc7dfd5b\"}\n>p1 switch 5\n>p2 move knockoff\n>p1 move sludgewave\n>p2 switch 3\n>p1 move earthpower\n>p2 move earthpower\n>p1 switch 2\n>p1 move earthquake\n>p2 move meteorbeam\n>p2 switch 2\n>p1 move bodyslam\n>p2 move superpower\n>p1 switch 3\n>p2 move rest\n>p1 move alluringvoice\n>p2 switch 3\n>p1 switch 3\n>p2 move wish\n>p1 move bodyslam\n>p2 move knockoff\n>p1 move rest\n>p2 move wish\n>p1 move sleeptalk\n>p2 move knockoff\n>p1 move sleeptalk\n>p2 move wish\n>p1 switch 5\n>p2 move knockoff\n>p1 move knockoff\n>p2 move alluringvoice\n>p1 move leechseed\n>p2 move wish\n>p1 move leechseed terastallize\n>p2 move knockoff\n>p1 move stunspore\n>p2 move knockoff\n>p1 move stunspore\n>p2 switch 3\n>p1 move leechseed\n>p2 move superpower\n>p1 switch 6\n>p2 move superpower\n>p1 move substitute\n>p2 switch 4\n>p1 move leechseed\n>p2 move bravebird\n>p1 switch 6\n>p2 move bravebird\n>p1 switch 3\n>p2 move surf\n>p1 move thunderbolt\n>p2 switch 5\n>p1 switch 5\n>p2 move darkpulse\n>p1 move bodyslam\n>p2 move nastyplot\n>p1 move bodyslam\n>p2 move darkpulse\n>p2 switch 6\n>p1 switch 3\n>p2 move eruption\n>p1 switch 5\n>p1 move thunderbolt\n>p2 move eruption\n>p1 switch 6\n>p1 move protect\n>p2 move eruption\n>p1 move protect\n>p2 move eruption\n>p1 move protect\n>p2 move eruption\n>p1 switch 4\n>forcelose p1", "uploadtime": 1782835665, "views": 5, "formatid": "gen9randombattle", "rating": 2052, "private": 0, "password": null, "player_dets": [{"name": "aimKP", "avatar": "cynthia-gen4", "rating": 2073, "seed": "sodium,048e4f57314b79541c3d1ddaf73674ba"}, {"name": "Thorys", "avatar": "policeman-gen4", "rating": 2049, "seed": "sodium,eb5eb3c28ec14b3fe327fdf2cc7dfd5b"}], "teams_full": [{"Wo-Chien": {"name": "Wo-Chien", "species": "Wo-Chien", "speciesId": "wochien", "gender": "N", "shiny": false, "level": 83, "moves": ["protect", "leechseed", "stunspore", "knockoff"], "ability": "Tablets of Ruin", "evs": {"hp": 85, "atk": 85, "def": 85, "spa": 85, "spd": 85, "spe": 85}, "ivs": {"hp": 31, "atk": 31, "def": 31, "spa": 31, "spd": 31, "spe": 31}, "item": "Leftovers", "teraType": "Poison", "role": "Bulky Support", "bvs": {"hp": 85, "atk": 85, "def": 100, "spa": 95, "spd": 135, "spe": 70}, "stats": {"hp": 277, "atk": 189, "def": 214, "spa": 205, "spd": 272, "spe": 164}, "types": ["Dark", "Grass"]}, "Ursaring": {"name": "Ursaring", "species": "Ursaring", "speciesId": "ursaring", "gender": "F", "shiny": false, "level": 84, "moves": ["rest", "earthquake", "sleeptalk", "bodyslam"], "ability": "Guts", "evs": {"hp": 85, "atk": 85, "def": 85, "spa": 85, "spd": 85, "spe": 85}, "ivs": {"hp": 31, "atk": 31, "def": 31, "spa": 31, "spd": 31, "spe": 31}, "item": "Eviolite", "teraType": "Ground", "role": "Bulky Attacker", "bvs": {"hp": 90, "atk": 130, "def": 75, "spa": 75, "spd": 75, "spe": 55}, "stats": {"hp": 288, "atk": 267, "def": 174, "spa": 174, "spd": 174, "spe": 141}, "types": ["Normal"]}, "Minun": {"name": "Minun", "species": "Minun", "speciesId": "minun", "gender": "M", "shiny": false, "level": 95, "moves": ["thunderbolt", "nastyplot", "grassknot", "alluringvoice"], "ability": "Volt Absorb", "evs": {"hp": 85, "atk": 0, "def": 85, "spa": 85, "spd": 85, "spe": 85}, "ivs": {"hp": 31, "atk": 0, "def": 31, "spa": 31, "spd": 31, "spe": 31}, "item": "Life Orb", "teraType": "Grass", "role": "Setup Sweeper", "bvs": {"hp": 60, "atk": 40, "def": 50, "spa": 75, "spd": 85, "spe": 95}, "stats": {"hp": 268, "atk": 81, "def": 149, "spa": 196, "spd": 215, "spe": 234}, "types": ["Electric"]}, "Cloyster": {"name": "Cloyster", "species": "Cloyster", "speciesId": "cloyster", "gender": "M", "shiny": false, "level": 80, "moves": ["drillrun", "iciclespear", "shellsmash", "rockblast"], "ability": "Skill Link", "evs": {"hp": 85, "atk": 85, "def": 85, "spa": 85, "spd": 85, "spe": 85}, "ivs": {"hp": 31, "atk": 31, "def": 31, "spa": 31, "spd": 31, "spe": 31}, "item": "White Herb", "teraType": "Ground", "role": "Fast Attacker", "bvs": {"hp": 50, "atk": 95, "def": 180, "spa": 85, "spd": 45, "spe": 70}, "stats": {"hp": 211, "atk": 198, "def": 334, "spa": 182, "spd": 118, "spe": 158}, "types": ["Water", "Ice"]}, "Glimmora": {"name": "Glimmora", "species": "Glimmora", "speciesId": "glimmora", "gender": "F", "shiny": false, "level": 75, "moves": ["earthpower", "sludgewave", "energyball", "meteorbeam"], "ability": "Toxic Debris", "evs": {"hp": 85, "atk": 0, "def": 85, "spa": 85, "spd": 85, "spe": 85}, "ivs": {"hp": 31, "atk": 0, "def": 31, "spa": 31, "spd": 31, "spe": 31}, "item": "Power Herb", "teraType": "Grass", "role": "Setup Sweeper", "bvs": {"hp": 83, "atk": 55, "def": 90, "spa": 130, "spd": 81, "spe": 86}, "stats": {"hp": 248, "atk": 87, "def": 179, "spa": 239, "spd": 165, "spe": 173}, "types": ["Rock", "Poison"]}, "Tropius": {"name": "Tropius", "species": "Tropius", "speciesId": "tropius", "gender": "M", "shiny": false, "level": 91, "moves": ["protect", "leechseed", "substitute", "airslash"], "ability": "Harvest", "evs": {"hp": 85, "atk": 0, "def": 85, "spa": 85, "spd": 85, "spe": 85}, "ivs": {"hp": 31, "atk": 0, "def": 31, "spa": 31, "spd": 31, "spe": 31}, "item": "Sitrus Berry", "teraType": "Steel", "role": "Bulky Support", "bvs": {"hp": 99, "atk": 68, "def": 83, "spa": 72, "spd": 87, "spe": 51}, "stats": {"hp": 328, "atk": 128, "def": 203, "spa": 183, "spd": 210, "spe": 145}, "types": ["Grass", "Flying"]}}, {"Wigglytuff": {"name": "Wigglytuff", "species": "Wigglytuff", "speciesId": "wigglytuff", "gender": "F", "shiny": false, "level": 96, "moves": ["protect", "wish", "alluringvoice", "knockoff"], "ability": "Competitive", "evs": {"hp": 85, "atk": 85, "def": 85, "spa": 85, "spd": 85, "spe": 85}, "ivs": {"hp": 31, "atk": 31, "def": 31, "spa": 31, "spd": 31, "spe": 31}, "item": "Leftovers", "teraType": "Steel", "role": "Bulky Support", "bvs": {"hp": 140, "atk": 70, "def": 45, "spa": 85, "spd": 50, "spe": 45}, "stats": {"hp": 424, "atk": 189, "def": 141, "spa": 218, "spd": 150, "spe": 141}, "types": ["Normal", "Fairy"]}, "Malamar": {"name": "Malamar", "species": "Malamar", "speciesId": "malamar", "gender": "M", "shiny": false, "level": 82, "moves": ["rest", "superpower", "knockoff", "psychocut"], "ability": "Contrary", "evs": {"hp": 85, "atk": 85, "def": 85, "spa": 85, "spd": 85, "spe": 85}, "ivs": {"hp": 31, "atk": 31, "def": 31, "spa": 31, "spd": 31, "spe": 31}, "item": "Chesto Berry", "teraType": "Fighting", "role": "Fast Bulky Setup", "bvs": {"hp": 86, "atk": 92, "def": 88, "spa": 68, "spd": 75, "spe": 73}, "stats": {"hp": 275, "atk": 198, "def": 191, "spa": 159, "spd": 170, "spe": 167}, "types": ["Dark", "Psychic"]}, "Glimmora": {"name": "Glimmora", "species": "Glimmora", "speciesId": "glimmora", "gender": "M", "shiny": false, "level": 75, "moves": ["meteorbeam", "sludgewave", "earthpower", "energyball"], "ability": "Toxic Debris", "evs": {"hp": 85, "atk": 0, "def": 85, "spa": 85, "spd": 85, "spe": 85}, "ivs": {"hp": 31, "atk": 0, "def": 31, "spa": 31, "spd": 31, "spe": 31}, "item": "Power Herb", "teraType": "Grass", "role": "Setup Sweeper", "bvs": {"hp": 83, "atk": 55, "def": 90, "spa": 130, "spd": 81, "spe": 86}, "stats": {"hp": 248, "atk": 87, "def": 179, "spa": 239, "spd": 165, "spe": 173}, "types": ["Rock", "Poison"]}, "Cramorant": {"name": "Cramorant", "species": "Cramorant", "speciesId": "cramorant", "gender": "M", "shiny": false, "level": 86, "moves": ["defog", "roost", "surf", "bravebird"], "ability": "Gulp Missile", "evs": {"hp": 85, "atk": 85, "def": 85, "spa": 85, "spd": 85, "spe": 85}, "ivs": {"hp": 31, "atk": 31, "def": 31, "spa": 31, "spd": 31, "spe": 31}, "item": "Heavy-Duty Boots", "teraType": "Ground", "role": "Bulky Support", "bvs": {"hp": 70, "atk": 85, "def": 55, "spa": 85, "spd": 95, "spe": 85}, "stats": {"hp": 261, "atk": 195, "def": 144, "spa": 195, "spd": 213, "spe": 195}, "types": ["Flying", "Water"]}, "Persian": {"name": "Persian", "species": "Persian-Alola", "speciesId": "persianalola", "gender": "M", "shiny": false, "level": 86, "moves": ["nastyplot", "darkpulse", "thunderbolt", "hypnosis"], "ability": "Fur Coat", "evs": {"hp": 85, "atk": 0, "def": 85, "spa": 85, "spd": 85, "spe": 85}, "ivs": {"hp": 31, "atk": 0, "def": 31, "spa": 31, "spd": 31, "spe": 31}, "item": "Leftovers", "teraType": "Electric", "role": "Fast Bulky Setup", "bvs": {"hp": 65, "atk": 60, "def": 60, "spa": 75, "spd": 65, "spe": 115}, "stats": {"hp": 252, "atk": 108, "def": 152, "spa": 178, "spd": 161, "spe": 247}, "types": ["Dark"]}, "Typhlosion": {"name": "Typhlosion", "species": "Typhlosion", "speciesId": "typhlosion", "gender": "M", "shiny": false, "level": 84, "moves": ["fireblast", "focusblast", "scorchingsands", "eruption"], "ability": "Blaze", "evs": {"hp": 81, "atk": 0, "def": 85, "spa": 85, "spd": 85, "spe": 85}, "ivs": {"hp": 31, "atk": 0, "def": 31, "spa": 31, "spd": 31, "spe": 31}, "item": "Choice Scarf", "teraType": "Fire", "role": "Fast Attacker", "bvs": {"hp": 78, "atk": 84, "def": 78, "spa": 109, "spd": 85, "spe": 100}, "stats": {"hp": 267, "atk": 146, "def": 179, "spa": 231, "spd": 191, "spe": 216}, "types": ["Fire"]}}]}