{"id": "gen9randombattle-2641459158", "format": "[Gen 9] Random Battle", "players": ["richard car", "Durdi_Dan"], "log": "|j|\u2606richard car\n|j|\u2606Durdi_Dan\n|t:|1782788006\n|gametype|singles\n|player|p1|richard car|169|1967\n|player|p2|Durdi_Dan|102|1923\n|gen|9\n|tier|[Gen 9] Random Battle\n|rated|\n|rule|Species Clause: Limit one of each Pok\u00e9mon\n|rule|HP Percentage Mod: HP is shown in percentages\n|rule|Sleep Clause Mod: Limit one foe put to sleep\n|rule|Illusion Level Mod: Illusion disguises the Pok\u00e9mon's true level\n|\n|t:|1782788006\n|teamsize|p1|6\n|teamsize|p2|6\n|start\n|switch|p1a: Gogoat|Gogoat, L88, F|360/360\n|switch|p2a: Dudunsparce|Dudunsparce, L83, F|343/343\n|turn|1\n|inactive|Battle timer is ON: inactive players will automatically lose when time's up. (requested by Durdi_Dan)\n|\n|t:|1782788022\n|move|p1a: Gogoat|Bulk Up|p1a: Gogoat\n|-boost|p1a: Gogoat|atk|1\n|-boost|p1a: Gogoat|def|1\n|move|p2a: Dudunsparce|Toxic|p1a: Gogoat\n|-status|p1a: Gogoat|tox\n|\n|-damage|p1a: Gogoat|338/360 tox|[from] psn\n|upkeep\n|turn|2\n|\n|t:|1782788028\n|move|p1a: Gogoat|Horn Leech|p2a: Dudunsparce\n|-damage|p2a: Dudunsparce|202/343\n|-heal|p1a: Gogoat|360/360 tox|[from] drain|[of] p2a: Dudunsparce\n|move|p2a: Dudunsparce|Boomburst|p1a: Gogoat\n|-damage|p1a: Gogoat|228/360 tox\n|\n|-heal|p1a: Gogoat|250/360 tox|[from] item: Leftovers\n|-heal|p2a: Dudunsparce|223/343|[from] item: Leftovers\n|-damage|p1a: Gogoat|206/360 tox|[from] psn\n|upkeep\n|turn|3\n|\n|t:|1782788032\n|move|p1a: Gogoat|Horn Leech|p2a: Dudunsparce\n|-damage|p2a: Dudunsparce|72/343\n|-heal|p1a: Gogoat|282/360 tox|[from] drain|[of] p2a: Dudunsparce\n|move|p2a: Dudunsparce|Roost|p2a: Dudunsparce\n|-heal|p2a: Dudunsparce|244/343\n|-singleturn|p2a: Dudunsparce|move: Roost\n|\n|-heal|p1a: Gogoat|304/360 tox|[from] item: Leftovers\n|-heal|p2a: Dudunsparce|265/343|[from] item: Leftovers\n|-damage|p1a: Gogoat|238/360 tox|[from] psn\n|upkeep\n|turn|4\n|\n|t:|1782788040\n|switch|p1a: Zekrom|Zekrom, L71|259/259\n|-ability|p1a: Zekrom|Teravolt\n|move|p2a: Dudunsparce|Roost|p2a: Dudunsparce\n|-heal|p2a: Dudunsparce|343/343\n|-singleturn|p2a: Dudunsparce|move: Roost\n|\n|upkeep\n|turn|5\n|\n|t:|1782788045\n|move|p1a: Zekrom|Substitute|p1a: Zekrom\n|-start|p1a: Zekrom|Substitute\n|-damage|p1a: Zekrom|195/259\n|move|p2a: Dudunsparce|Earthquake|p1a: Zekrom\n|-supereffective|p1a: Zekrom\n|-end|p1a: Zekrom|Substitute\n|\n|-heal|p1a: Zekrom|211/259|[from] item: Leftovers\n|upkeep\n|turn|6\n|\n|t:|1782788052\n|move|p1a: Zekrom|Dragon Dance|p1a: Zekrom\n|-boost|p1a: Zekrom|atk|1\n|-boost|p1a: Zekrom|spe|1\n|move|p2a: Dudunsparce|Earthquake|p1a: Zekrom\n|-supereffective|p1a: Zekrom\n|-damage|p1a: Zekrom|73/259\n|\n|-heal|p1a: Zekrom|89/259|[from] item: Leftovers\n|upkeep\n|turn|7\n|\n|t:|1782788058\n|switch|p2a: Trevenant|Trevenant, L89, F|296/296\n|move|p1a: Zekrom|Bolt Strike|p2a: Trevenant\n|-resisted|p2a: Trevenant\n|-damage|p2a: Trevenant|185/296\n|\n|-heal|p1a: Zekrom|105/259|[from] item: Leftovers\n|upkeep\n|turn|8\n|\n|t:|1782788066\n|move|p1a: Zekrom|Outrage|p2a: Trevenant\n|-damage|p2a: Trevenant|0 fnt\n|faint|p2a: Trevenant\n|\n|-heal|p1a: Zekrom|121/259|[from] item: Leftovers\n|upkeep\n|\n|t:|1782788087\n|switch|p2a: Dudunsparce|Dudunsparce, L83, F|343/343\n|turn|9\n|\n|t:|1782788089\n|move|p1a: Zekrom|Outrage|p2a: Dudunsparce|[from] lockedmove\n|-damage|p2a: Dudunsparce|112/343\n|move|p2a: Dudunsparce|Boomburst|p1a: Zekrom\n|-damage|p1a: Zekrom|0 fnt\n|faint|p1a: Zekrom\n|\n|-heal|p2a: Dudunsparce|133/343|[from] item: Leftovers\n|upkeep\n|\n|t:|1782788098\n|switch|p1a: Gothitelle|Gothitelle, L90, M|272/272\n|turn|10\n|\n|t:|1782788102\n|move|p1a: Gothitelle|Psychic Noise|p2a: Dudunsparce\n|-damage|p2a: Dudunsparce|30/343\n|-start|p2a: Dudunsparce|move: Heal Block\n|cant|p2a: Dudunsparce|move: Heal Block|Roost\n|\n|upkeep\n|turn|11\n|\n|t:|1782788107\n|move|p1a: Gothitelle|Thunderbolt|p2a: Dudunsparce\n|-damage|p2a: Dudunsparce|0 fnt\n|faint|p2a: Dudunsparce\n|\n|upkeep\n|\n|t:|1782788113\n|switch|p2a: Toucannon|Toucannon, L88, F|284/284\n|turn|12\n|\n|t:|1782788119\n|move|p1a: Gothitelle|Thunderbolt|p2a: Toucannon\n|-supereffective|p2a: Toucannon\n|-damage|p2a: Toucannon|122/284\n|move|p2a: Toucannon|Knock Off|p1a: Gothitelle\n|-supereffective|p1a: Gothitelle\n|-damage|p1a: Gothitelle|116/272\n|-enditem|p1a: Gothitelle|Leftovers|[from] move: Knock Off|[of] p2a: Toucannon\n|\n|upkeep\n|turn|13\n|\n|t:|1782788123\n|-singleturn|p2a: Toucannon|move: Beak Blast\n|move|p1a: Gothitelle|Thunderbolt|p2a: Toucannon\n|-supereffective|p2a: Toucannon\n|-damage|p2a: Toucannon|0 fnt\n|faint|p2a: Toucannon\n|\n|upkeep\n|\n|t:|1782788128\n|switch|p2a: Floatzel|Floatzel, L86, M|286/286\n|turn|14\n|\n|t:|1782788134\n|move|p2a: Floatzel|Wave Crash|p1a: Gothitelle\n|-damage|p1a: Gothitelle|0 fnt\n|faint|p1a: Gothitelle\n|-damage|p2a: Floatzel|248/286|[from] Recoil\n|\n|upkeep\n|\n|t:|1782788136\n|switch|p1a: Gogoat|Gogoat, L88, F|238/360 tox\n|turn|15\n|\n|t:|1782788142\n|switch|p2a: Tsareena|Tsareena, L87, F|267/267\n|move|p1a: Gogoat|Horn Leech|p2a: Tsareena\n|-resisted|p2a: Tsareena\n|-damage|p2a: Tsareena|225/267\n|-heal|p1a: Gogoat|259/360 tox|[from] drain|[of] p2a: Tsareena\n|\n|-heal|p1a: Gogoat|281/360 tox|[from] item: Leftovers\n|-damage|p1a: Gogoat|259/360 tox|[from] psn\n|upkeep\n|turn|16\n|\n|t:|1782788152\n|move|p2a: Tsareena|Rapid Spin|p1a: Gogoat\n|-damage|p1a: Gogoat|208/360 tox\n|-boost|p2a: Tsareena|spe|1\n|move|p1a: Gogoat|Horn Leech|p2a: Tsareena\n|-resisted|p2a: Tsareena\n|-damage|p2a: Tsareena|184/267\n|-heal|p1a: Gogoat|229/360 tox|[from] drain|[of] p2a: Tsareena\n|\n|-heal|p1a: Gogoat|251/360 tox|[from] item: Leftovers\n|-damage|p1a: Gogoat|207/360 tox|[from] psn\n|upkeep\n|turn|17\n|\n|t:|1782788155\n|move|p2a: Tsareena|Power Whip|p1a: Gogoat\n|-ability|p1a: Gogoat|Sap Sipper|boost\n|-boost|p1a: Gogoat|atk|1\n|move|p1a: Gogoat|Horn Leech|p2a: Tsareena\n|-resisted|p2a: Tsareena\n|-damage|p2a: Tsareena|128/267\n|-heal|p1a: Gogoat|235/360 tox|[from] drain|[of] p2a: Tsareena\n|\n|-heal|p1a: Gogoat|257/360 tox|[from] item: Leftovers\n|-damage|p1a: Gogoat|191/360 tox|[from] psn\n|upkeep\n|turn|18\n|\n|t:|1782788159\n|move|p2a: Tsareena|Synthesis|p2a: Tsareena\n|-heal|p2a: Tsareena|261/267\n|move|p1a: Gogoat|Horn Leech|p2a: Tsareena\n|-resisted|p2a: Tsareena\n|-damage|p2a: Tsareena|202/267\n|-heal|p1a: Gogoat|221/360 tox|[from] drain|[of] p2a: Tsareena\n|\n|-heal|p1a: Gogoat|243/360 tox|[from] item: Leftovers\n|-damage|p1a: Gogoat|155/360 tox|[from] psn\n|upkeep\n|turn|19\n|\n|t:|1782788163\n|switch|p1a: Glaceon|Glaceon, L94, F|275/275\n|move|p2a: Tsareena|High Jump Kick|p1a: Glaceon\n|-supereffective|p1a: Glaceon\n|-damage|p1a: Glaceon|103/275\n|\n|upkeep\n|turn|20\n|\n|t:|1782788169\n|move|p1a: Glaceon|Protect|p1a: Glaceon\n|-singleturn|p1a: Glaceon|Protect\n|move|p2a: Tsareena|Power Whip|p1a: Glaceon\n|-activate|p1a: Glaceon|move: Protect\n|\n|upkeep\n|turn|21\n|\n|t:|1782788174\n|switch|p1a: Gogoat|Gogoat, L88, F|155/360 tox\n|move|p2a: Tsareena|High Jump Kick|p1a: Gogoat\n|-damage|p1a: Gogoat|11/360 tox\n|\n|-heal|p1a: Gogoat|33/360 tox|[from] item: Leftovers\n|-damage|p1a: Gogoat|11/360 tox|[from] psn\n|upkeep\n|turn|22\n|\n|t:|1782788180\n|move|p2a: Tsareena|Rapid Spin|p1a: Gogoat\n|-damage|p1a: Gogoat|0 fnt\n|-boost|p2a: Tsareena|spe|1\n|faint|p1a: Gogoat\n|\n|upkeep\n|\n|t:|1782788192\n|switch|p1a: Feraligatr|Feraligatr, L79, F|264/264\n|turn|23\n|\n|t:|1782788197\n|-terastallize|p1a: Feraligatr|Steel\n|move|p2a: Tsareena|High Jump Kick|p1a: Feraligatr\n|-supereffective|p1a: Feraligatr\n|-crit|p1a: Feraligatr\n|-damage|p1a: Feraligatr|0 fnt\n|faint|p1a: Feraligatr\n|\n|upkeep\n|-message|richard car forfeited.\n|\n|win|Durdi_Dan\n", "inputlog": ">version f8ac14003a5f27e1bdc8d8c59608a773c1cb96e5\n>start {\"formatid\":\"gen9randombattle\",\"seed\":\"sodium,285e4486afde7781b4b43b245e923797\",\"rated\":\"Rated battle\"}\n>player p1 {\"name\":\"richard car\",\"avatar\":\"169\",\"rating\":1967,\"seed\":\"sodium,40dfbeb3631af08c83df703e72a88626\"}\n>player p2 {\"name\":\"Durdi_Dan\",\"avatar\":\"102\",\"rating\":1923,\"seed\":\"sodium,22d76152b5a63f68c23872df4a2d1884\"}\n>p1 move bulkup\n>p2 move toxic\n>p1 move hornleech\n>p2 move boomburst\n>p1 move hornleech\n>p2 move roost\n>p1 switch 4\n>p2 move roost\n>p1 move substitute\n>p2 move earthquake\n>p1 move dragondance\n>p2 move earthquake\n>p1 move boltstrike\n>p2 switch 3\n>p1 move outrage\n>p2 move poltergeist\n>p2 switch 3\n>p1 move outrage\n>p2 move boomburst\n>p1 switch 3\n>p1 move psychicnoise\n>p2 move roost\n>p1 move thunderbolt\n>p2 move toxic\n>p2 switch 4\n>p1 move thunderbolt\n>p2 move knockoff\n>p1 move thunderbolt\n>p2 move beakblast\n>p2 switch 5\n>p1 move thunderbolt\n>p2 move wavecrash\n>p1 switch 4\n>p1 move hornleech\n>p2 switch 2\n>p1 move hornleech\n>p2 move rapidspin\n>p1 move hornleech\n>p2 move powerwhip\n>p1 move hornleech\n>p2 move synthesis\n>p1 switch 5\n>p2 move highjumpkick\n>p1 move protect\n>p2 move powerwhip\n>p1 switch 5\n>p2 move highjumpkick\n>p1 move milkdrink\n>p2 move rapidspin\n>p1 switch 6\n>p1 move icepunch terastallize\n>p2 move highjumpkick\n>forcelose p1", "uploadtime": 1782788008, "views": 5, "formatid": "gen9randombattle", "rating": null, "private": 0, "password": null, "player_dets": [{"name": "richard car", "avatar": "169", "rating": 1967, "seed": "sodium,40dfbeb3631af08c83df703e72a88626"}, {"name": "Durdi_Dan", "avatar": "102", "rating": 1923, "seed": "sodium,22d76152b5a63f68c23872df4a2d1884"}], "teams_full": [{"Gogoat": {"name": "Gogoat", "species": "Gogoat", "speciesId": "gogoat", "gender": "F", "shiny": false, "level": 88, "moves": ["bulkup", "hornleech", "milkdrink", "earthquake"], "ability": "Sap Sipper", "evs": {"hp": 85, "atk": 85, "def": 85, "spa": 85, "spd": 85, "spe": 85}, "ivs": {"hp": 31, "atk": 31, "def": 31, "spa": 31, "spd": 31, "spe": 31}, "item": "Leftovers", "teraType": "Ground", "role": "Bulky Setup", "bvs": {"hp": 123, "atk": 100, "def": 62, "spa": 97, "spd": 81, "spe": 68}, "stats": {"hp": 360, "atk": 226, "def": 159, "spa": 221, "spd": 193, "spe": 170}, "types": ["Grass"]}, "Wo-Chien": {"name": "Wo-Chien", "species": "Wo-Chien", "speciesId": "wochien", "gender": "N", "shiny": false, "level": 83, "moves": ["protect", "leechseed", "ruination", "knockoff"], "ability": "Tablets of Ruin", "evs": {"hp": 85, "atk": 85, "def": 85, "spa": 85, "spd": 85, "spe": 85}, "ivs": {"hp": 31, "atk": 31, "def": 31, "spa": 31, "spd": 31, "spe": 31}, "item": "Leftovers", "teraType": "Poison", "role": "Bulky Support", "bvs": {"hp": 85, "atk": 85, "def": 100, "spa": 95, "spd": 135, "spe": 70}, "stats": {"hp": 277, "atk": 189, "def": 214, "spa": 205, "spd": 272, "spe": 164}, "types": ["Dark", "Grass"]}, "Gothitelle": {"name": "Gothitelle", "species": "Gothitelle", "speciesId": "gothitelle", "gender": "M", "shiny": false, "level": 90, "moves": ["thunderbolt", "psychicnoise", "calmmind", "darkpulse"], "ability": "Shadow Tag", "evs": {"hp": 85, "atk": 0, "def": 85, "spa": 85, "spd": 85, "spe": 85}, "ivs": {"hp": 31, "atk": 0, "def": 31, "spa": 31, "spd": 31, "spe": 31}, "item": "Leftovers", "teraType": "Flying", "role": "Bulky Setup", "bvs": {"hp": 70, "atk": 55, "def": 95, "spa": 95, "spd": 110, "spe": 65}, "stats": {"hp": 272, "atk": 104, "def": 222, "spa": 222, "spd": 249, "spe": 168}, "types": ["Psychic"]}, "Zekrom": {"name": "Zekrom", "species": "Zekrom", "speciesId": "zekrom", "gender": "N", "shiny": false, "level": 71, "moves": ["boltstrike", "outrage", "dragondance", "substitute"], "ability": "Teravolt", "evs": {"hp": 85, "atk": 85, "def": 85, "spa": 85, "spd": 85, "spe": 85}, "ivs": {"hp": 31, "atk": 31, "def": 31, "spa": 31, "spd": 31, "spe": 31}, "item": "Leftovers", "teraType": "Fairy", "role": "Setup Sweeper", "bvs": {"hp": 100, "atk": 150, "def": 120, "spa": 120, "spd": 100, "spe": 90}, "stats": {"hp": 259, "atk": 254, "def": 212, "spa": 212, "spd": 183, "spe": 169}, "types": ["Dragon", "Electric"]}, "Glaceon": {"name": "Glaceon", "species": "Glaceon", "speciesId": "glaceon", "gender": "F", "shiny": false, "level": 94, "moves": ["mudshot", "freezedry", "protect", "wish"], "ability": "Ice Body", "evs": {"hp": 85, "atk": 0, "def": 85, "spa": 85, "spd": 85, "spe": 85}, "ivs": {"hp": 31, "atk": 0, "def": 31, "spa": 31, "spd": 31, "spe": 31}, "item": "Heavy-Duty Boots", "teraType": "Ground", "role": "Bulky Attacker", "bvs": {"hp": 65, "atk": 60, "def": 110, "spa": 130, "spd": 95, "spe": 65}, "stats": {"hp": 275, "atk": 117, "def": 260, "spa": 298, "spd": 232, "spe": 176}, "types": ["Ice"]}, "Feraligatr": {"name": "Feraligatr", "species": "Feraligatr", "speciesId": "feraligatr", "gender": "F", "shiny": false, "level": 79, "moves": ["dragondance", "icepunch", "crunch", "liquidation"], "ability": "Sheer Force", "evs": {"hp": 85, "atk": 85, "def": 85, "spa": 85, "spd": 85, "spe": 85}, "ivs": {"hp": 31, "atk": 31, "def": 31, "spa": 31, "spd": 31, "spe": 31}, "item": "Life Orb", "teraType": "Steel", "role": "Fast Bulky Setup", "bvs": {"hp": 85, "atk": 105, "def": 100, "spa": 79, "spd": 83, "spe": 78}, "stats": {"hp": 264, "atk": 211, "def": 204, "spa": 170, "spd": 177, "spe": 169}, "types": ["Water"]}}, {"Dudunsparce": {"name": "Dudunsparce", "species": "Dudunsparce", "speciesId": "dudunsparce", "gender": "F", "shiny": false, "level": 83, "moves": ["earthquake", "boomburst", "toxic", "roost"], "ability": "Rattled", "evs": {"hp": 85, "atk": 85, "def": 85, "spa": 85, "spd": 85, "spe": 85}, "ivs": {"hp": 31, "atk": 31, "def": 31, "spa": 31, "spd": 31, "spe": 31}, "item": "Leftovers", "teraType": "Ghost", "role": "Bulky Attacker", "bvs": {"hp": 125, "atk": 100, "def": 80, "spa": 85, "spd": 75, "spe": 55}, "stats": {"hp": 343, "atk": 214, "def": 180, "spa": 189, "spd": 172, "spe": 139}, "types": ["Normal"]}, "Tsareena": {"name": "Tsareena", "species": "Tsareena", "speciesId": "tsareena", "gender": "F", "shiny": false, "level": 87, "moves": ["synthesis", "highjumpkick", "powerwhip", "rapidspin"], "ability": "Queenly Majesty", "evs": {"hp": 85, "atk": 85, "def": 85, "spa": 85, "spd": 85, "spe": 85}, "ivs": {"hp": 31, "atk": 31, "def": 31, "spa": 31, "spd": 31, "spe": 31}, "item": "Heavy-Duty Boots", "teraType": "Fighting", "role": "Fast Support", "bvs": {"hp": 72, "atk": 120, "def": 98, "spa": 50, "spd": 98, "spe": 72}, "stats": {"hp": 267, "atk": 259, "def": 220, "spa": 137, "spd": 220, "spe": 175}, "types": ["Grass"]}, "Trevenant": {"name": "Trevenant", "species": "Trevenant", "speciesId": "trevenant", "gender": "F", "shiny": false, "level": 89, "moves": ["woodhammer", "drainpunch", "poltergeist", "rest"], "ability": "Natural Cure", "evs": {"hp": 85, "atk": 85, "def": 85, "spa": 85, "spd": 85, "spe": 85}, "ivs": {"hp": 31, "atk": 31, "def": 31, "spa": 31, "spd": 31, "spe": 31}, "item": "Life Orb", "teraType": "Fighting", "role": "Wallbreaker", "bvs": {"hp": 85, "atk": 110, "def": 76, "spa": 65, "spd": 82, "spe": 56}, "stats": {"hp": 296, "atk": 247, "def": 186, "spa": 166, "spd": 197, "spe": 150}, "types": ["Ghost", "Grass"]}, "Toucannon": {"name": "Toucannon", "species": "Toucannon", "speciesId": "toucannon", "gender": "F", "shiny": false, "level": 88, "moves": ["roost", "beakblast", "boomburst", "knockoff"], "ability": "Keen Eye", "evs": {"hp": 85, "atk": 85, "def": 85, "spa": 85, "spd": 85, "spe": 85}, "ivs": {"hp": 31, "atk": 31, "def": 31, "spa": 31, "spd": 31, "spe": 31}, "item": "Heavy-Duty Boots", "teraType": "Steel", "role": "Bulky Support", "bvs": {"hp": 80, "atk": 120, "def": 75, "spa": 75, "spd": 75, "spe": 60}, "stats": {"hp": 284, "atk": 261, "def": 182, "spa": 182, "spd": 182, "spe": 156}, "types": ["Normal", "Flying"]}, "Floatzel": {"name": "Floatzel", "species": "Floatzel", "speciesId": "floatzel", "gender": "M", "shiny": false, "level": 86, "moves": ["wavecrash", "crunch", "icespinner", "flipturn"], "ability": "Water Veil", "evs": {"hp": 85, "atk": 85, "def": 85, "spa": 85, "spd": 85, "spe": 85}, "ivs": {"hp": 31, "atk": 31, "def": 31, "spa": 31, "spd": 31, "spe": 31}, "item": "Choice Band", "teraType": "Water", "role": "Wallbreaker", "bvs": {"hp": 85, "atk": 105, "def": 55, "spa": 85, "spd": 50, "spe": 115}, "stats": {"hp": 286, "atk": 230, "def": 144, "spa": 195, "spd": 135, "spe": 247}, "types": ["Water"]}, "Okidogi": {"name": "Okidogi", "species": "Okidogi", "speciesId": "okidogi", "gender": "M", "shiny": false, "level": 77, "moves": ["drainpunch", "knockoff", "gunkshot", "bulkup"], "ability": "Toxic Chain", "evs": {"hp": 85, "atk": 85, "def": 85, "spa": 85, "spd": 85, "spe": 85}, "ivs": {"hp": 31, "atk": 31, "def": 31, "spa": 31, "spd": 31, "spe": 31}, "item": "Leftovers", "teraType": "Dark", "role": "Bulky Setup", "bvs": {"hp": 88, "atk": 128, "def": 115, "spa": 58, "spd": 86, "spe": 80}, "stats": {"hp": 262, "atk": 242, "def": 222, "spa": 134, "spd": 177, "spe": 168}, "types": ["Poison", "Fighting"]}}]}