{"id": "gen9randombattle-2641639645", "format": "[Gen 9] Random Battle", "players": ["meme slurper", "soumatou_story"], "log": "|j|\u2606meme slurper\n|j|\u2606soumatou_story\n|t:|1782823263\n|gametype|singles\n|player|p1|meme slurper|burglar|2028\n|player|p2|soumatou_story|parasollady|2091\n|gen|9\n|tier|[Gen 9] Random Battle\n|rated|\n|rule|Species Clause: Limit one of each Pok\u00e9mon\n|rule|HP Percentage Mod: HP is shown in percentages\n|rule|Sleep Clause Mod: Limit one foe put to sleep\n|rule|Illusion Level Mod: Illusion disguises the Pok\u00e9mon's true level\n|\n|t:|1782823263\n|teamsize|p1|6\n|teamsize|p2|6\n|start\n|switch|p1a: Kilowattrel|Kilowattrel, L83, M|252/252\n|switch|p2a: Mimikyu|Mimikyu, L79, F|216/216\n|turn|1\n|inactive|Battle timer is ON: inactive players will automatically lose when time's up. (requested by meme slurper)\n|\n|t:|1782823273\n|switch|p2a: Garganacl|Garganacl, L80, M|291/291\n|move|p1a: Kilowattrel|U-turn|p2a: Garganacl\n|-damage|p2a: Garganacl|261/291\n|\n|t:|1782823280\n|switch|p1a: Flapple|Flapple, L88, F|266/266|[from] U-turn\n|\n|-heal|p2a: Garganacl|279/291|[from] item: Leftovers\n|upkeep\n|turn|2\n|\n|t:|1782823288\n|switch|p2a: Lurantis|Lurantis, L87, M|264/264\n|move|p1a: Flapple|Dragon Dance|p1a: Flapple\n|-boost|p1a: Flapple|atk|1\n|-boost|p1a: Flapple|spe|1\n|\n|upkeep\n|turn|3\n|\n|t:|1782823297\n|move|p1a: Flapple|Outrage|p2a: Lurantis\n|-damage|p2a: Lurantis|0 fnt\n|faint|p2a: Lurantis\n|\n|upkeep\n|\n|t:|1782823299\n|switch|p2a: Mimikyu|Mimikyu, L79, F|216/216\n|turn|4\n|\n|t:|1782823317\n|move|p1a: Flapple|Outrage|p2a: Mimikyu|[from] lockedmove\n|-immune|p2a: Mimikyu\n|move|p2a: Mimikyu|Swords Dance|p2a: Mimikyu\n|-boost|p2a: Mimikyu|atk|2\n|\n|upkeep\n|turn|5\n|\n|t:|1782823322\n|move|p1a: Flapple|Grav Apple|p2a: Mimikyu\n|-activate|p2a: Mimikyu|ability: Disguise\n|-damage|p2a: Mimikyu|216/216\n|-unboost|p2a: Mimikyu|def|1\n|detailschange|p2a: Mimikyu|Mimikyu-Busted, L79, F\n|-damage|p2a: Mimikyu|189/216|[from] pokemon: Mimikyu-Busted\n|move|p2a: Mimikyu|Play Rough|p1a: Flapple\n|-supereffective|p1a: Flapple\n|-damage|p1a: Flapple|0 fnt\n|faint|p1a: Flapple\n|-damage|p2a: Mimikyu|168/216|[from] item: Life Orb\n|\n|upkeep\n|\n|t:|1782823330\n|switch|p1a: Greedent|Greedent, L86, F|347/347\n|turn|6\n|\n|t:|1782823334\n|move|p2a: Mimikyu|Play Rough|p1a: Greedent\n|-damage|p1a: Greedent|152/347\n|-enditem|p1a: Greedent|Sitrus Berry|[eat]\n|-heal|p1a: Greedent|238/347|[from] item: Sitrus Berry\n|-heal|p1a: Greedent|347/347|[from] ability: Cheek Pouch\n|-damage|p2a: Mimikyu|147/216|[from] item: Life Orb\n|move|p1a: Greedent|Earthquake|p2a: Mimikyu\n|-damage|p2a: Mimikyu|28/216\n|\n|upkeep\n|turn|7\n|\n|t:|1782823339\n|move|p2a: Mimikyu|Play Rough|p1a: Greedent\n|-damage|p1a: Greedent|148/347\n|-damage|p2a: Mimikyu|7/216|[from] item: Life Orb\n|move|p1a: Greedent|Knock Off|p2a: Mimikyu\n|-damage|p2a: Mimikyu|0 fnt\n|-enditem|p2a: Mimikyu|Life Orb|[from] move: Knock Off|[of] p1a: Greedent\n|faint|p2a: Mimikyu\n|\n|upkeep\n|\n|t:|1782823344\n|switch|p2a: Maushold|Maushold, L76|238/238\n|turn|8\n|\n|t:|1782823357\n|move|p2a: Maushold|Population Bomb|p1a: Greedent\n|-damage|p1a: Greedent|127/347\n|-damage|p1a: Greedent|105/347\n|-damage|p1a: Greedent|83/347\n|-damage|p1a: Greedent|62/347\n|-damage|p1a: Greedent|38/347\n|-damage|p1a: Greedent|19/347\n|-damage|p1a: Greedent|0 fnt\n|faint|p1a: Greedent\n|-hitcount|p1: Greedent|7\n|\n|upkeep\n|\n|t:|1782823366\n|switch|p1a: Raichu|Raichu-Alola, L87, F|246/246\n|turn|9\n|\n|t:|1782823373\n|move|p1a: Raichu|Thunderbolt|p2a: Maushold\n|-damage|p2a: Maushold|82/238\n|-status|p2a: Maushold|par\n|-damage|p1a: Raichu|222/246|[from] item: Life Orb\n|cant|p2a: Maushold|par\n|\n|upkeep\n|turn|10\n|\n|t:|1782823381\n|switch|p2a: Latios|Latios, L78, M|253/253\n|move|p1a: Raichu|Thunderbolt|p2a: Latios\n|-resisted|p2a: Latios\n|-damage|p2a: Latios|191/253\n|-damage|p1a: Raichu|198/246|[from] item: Life Orb\n|\n|upkeep\n|turn|11\n|\n|t:|1782823385\n|switch|p1a: Kilowattrel|Kilowattrel, L83, M|252/252\n|move|p2a: Latios|Draco Meteor|p1a: Kilowattrel\n|-damage|p1a: Kilowattrel|0 fnt\n|-unboost|p2a: Latios|spa|2\n|faint|p1a: Kilowattrel\n|\n|upkeep\n|\n|t:|1782823387\n|switch|p1a: Blastoise|Blastoise, L80, F|258/258\n|turn|12\n|\n|t:|1782823392\n|move|p2a: Latios|Calm Mind|p2a: Latios\n|-boost|p2a: Latios|spa|1\n|-boost|p2a: Latios|spd|1\n|move|p1a: Blastoise|Shell Smash|p1a: Blastoise\n|-unboost|p1a: Blastoise|def|1\n|-unboost|p1a: Blastoise|spd|1\n|-boost|p1a: Blastoise|atk|2\n|-boost|p1a: Blastoise|spa|2\n|-boost|p1a: Blastoise|spe|2\n|-enditem|p1a: Blastoise|White Herb\n|-clearnegativeboost|p1a: Blastoise|[silent]\n|\n|upkeep\n|turn|13\n|\n|t:|1782823416\n|move|p1a: Blastoise|Ice Beam|p2a: Latios\n|-supereffective|p2a: Latios\n|-damage|p2a: Latios|59/253\n|move|p2a: Latios|Calm Mind|p2a: Latios\n|-boost|p2a: Latios|spa|1\n|-boost|p2a: Latios|spd|1\n|\n|upkeep\n|turn|14\n|\n|t:|1782823423\n|-terastallize|p2a: Latios|Steel\n|move|p1a: Blastoise|Ice Beam|p2a: Latios\n|-resisted|p2a: Latios\n|-damage|p2a: Latios|34/253\n|move|p2a: Latios|Recover|p2a: Latios\n|-heal|p2a: Latios|161/253\n|\n|upkeep\n|turn|15\n|\n|t:|1782823438\n|move|p1a: Blastoise|Hydro Pump|p2a: Latios\n|-damage|p2a: Latios|80/253\n|move|p2a: Latios|Calm Mind|p2a: Latios\n|-boost|p2a: Latios|spa|1\n|-boost|p2a: Latios|spd|1\n|\n|upkeep\n|turn|16\n|\n|t:|1782823446\n|move|p1a: Blastoise|Hydro Pump|p2a: Latios\n|-damage|p2a: Latios|10/253\n|move|p2a: Latios|Recover|p2a: Latios\n|-heal|p2a: Latios|137/253\n|\n|upkeep\n|turn|17\n|\n|t:|1782823449\n|move|p1a: Blastoise|Shell Smash|p1a: Blastoise\n|-unboost|p1a: Blastoise|def|1\n|-unboost|p1a: Blastoise|spd|1\n|-boost|p1a: Blastoise|atk|2\n|-boost|p1a: Blastoise|spa|2\n|-boost|p1a: Blastoise|spe|2\n|move|p2a: Latios|Recover|p2a: Latios\n|-heal|p2a: Latios|253/253\n|\n|upkeep\n|turn|18\n|\n|t:|1782823451\n|move|p1a: Blastoise|Hydro Pump|p2a: Latios\n|-damage|p2a: Latios|150/253\n|move|p2a: Latios|Calm Mind|p2a: Latios\n|-boost|p2a: Latios|spa|1\n|-boost|p2a: Latios|spd|1\n|\n|upkeep\n|turn|19\n|\n|t:|1782823454\n|move|p1a: Blastoise|Hydro Pump|p2a: Latios\n|-damage|p2a: Latios|57/253\n|move|p2a: Latios|Recover|p2a: Latios\n|-heal|p2a: Latios|184/253\n|\n|upkeep\n|turn|20\n|\n|t:|1782823466\n|move|p1a: Blastoise|Hydro Pump|p2a: Latios\n|-damage|p2a: Latios|91/253\n|move|p2a: Latios|Draco Meteor|p1a: Blastoise\n|-damage|p1a: Blastoise|0 fnt\n|-unboost|p2a: Latios|spa|2\n|faint|p1a: Blastoise\n|\n|upkeep\n|\n|t:|1782823470\n|switch|p1a: Manaphy|Manaphy, L78|284/284\n|turn|21\n|-message|meme slurper forfeited.\n|\n|win|soumatou_story\n", "inputlog": ">version f8ac14003a5f27e1bdc8d8c59608a773c1cb96e5\n>start {\"formatid\":\"gen9randombattle\",\"seed\":\"sodium,9a92a9e38726a2748f82b65ab91d697c\",\"rated\":\"Rated battle\"}\n>player p1 {\"name\":\"meme slurper\",\"avatar\":\"burglar\",\"rating\":2028,\"seed\":\"sodium,18e056f4e29f7866795a2353eaab29a8\"}\n>player p2 {\"name\":\"soumatou_story\",\"avatar\":\"parasollady\",\"rating\":2091,\"seed\":\"sodium,a2eb3d084c85f6febe1d28783b2264b7\"}\n>p1 move uturn\n>p2 switch 2\n>p1 switch 4\n>p1 move dragondance\n>p2 switch 5\n>p1 move outrage\n>p2 move superpower\n>p2 switch 2\n>p1 move outrage\n>p2 move swordsdance\n>p1 move gravapple\n>p2 move playrough\n>p1 switch 6\n>p1 move earthquake\n>p2 move playrough\n>p1 move knockoff\n>p2 move playrough\n>p2 switch 3\n>p1 move knockoff\n>p2 move populationbomb\n>p1 switch 5\n>p1 move thunderbolt\n>p2 move tidyup\n>p1 move thunderbolt\n>p2 switch 6\n>p1 switch 4\n>p2 move dracometeor\n>p1 switch 2\n>p1 move shellsmash\n>p2 move calmmind\n>p1 move icebeam\n>p2 move calmmind\n>p1 move icebeam\n>p2 move recover terastallize\n>p1 move hydropump\n>p2 move calmmind\n>p1 move hydropump\n>p2 move recover\n>p1 move shellsmash\n>p2 move recover\n>p1 move hydropump\n>p2 move calmmind\n>p1 move hydropump\n>p2 move recover\n>p1 move hydropump\n>p2 move dracometeor\n>p1 switch 3\n>forcelose p1", "uploadtime": 1782823267, "views": 5, "formatid": "gen9randombattle", "rating": null, "private": 0, "password": null, "player_dets": [{"name": "meme slurper", "avatar": "burglar", "rating": 2028, "seed": "sodium,18e056f4e29f7866795a2353eaab29a8"}, {"name": "soumatou_story", "avatar": "parasollady", "rating": 2091, "seed": "sodium,a2eb3d084c85f6febe1d28783b2264b7"}], "teams_full": [{"Kilowattrel": {"name": "Kilowattrel", "species": "Kilowattrel", "speciesId": "kilowattrel", "gender": "M", "shiny": false, "level": 83, "moves": ["uturn", "discharge", "hurricane", "roost"], "ability": "Volt Absorb", "evs": {"hp": 85, "atk": 85, "def": 85, "spa": 85, "spd": 85, "spe": 85}, "ivs": {"hp": 31, "atk": 31, "def": 31, "spa": 31, "spd": 31, "spe": 31}, "item": "Heavy-Duty Boots", "teraType": "Steel", "role": "Bulky Attacker", "bvs": {"hp": 70, "atk": 70, "def": 60, "spa": 105, "spd": 60, "spe": 125}, "stats": {"hp": 252, "atk": 164, "def": 147, "spa": 222, "spd": 147, "spe": 255}, "types": ["Electric", "Flying"]}, "Blastoise": {"name": "Blastoise", "species": "Blastoise", "speciesId": "blastoise", "gender": "F", "shiny": false, "level": 80, "moves": ["shellsmash", "hydropump", "icebeam", "earthquake"], "ability": "Torrent", "evs": {"hp": 85, "atk": 85, "def": 85, "spa": 85, "spd": 85, "spe": 85}, "ivs": {"hp": 31, "atk": 31, "def": 31, "spa": 31, "spd": 31, "spe": 31}, "item": "White Herb", "teraType": "Steel", "role": "Setup Sweeper", "bvs": {"hp": 79, "atk": 83, "def": 100, "spa": 85, "spd": 105, "spe": 78}, "stats": {"hp": 258, "atk": 179, "def": 206, "spa": 182, "spd": 214, "spe": 171}, "types": ["Water"]}, "Manaphy": {"name": "Manaphy", "species": "Manaphy", "speciesId": "manaphy", "gender": "N", "shiny": false, "level": 78, "moves": ["icebeam", "surf", "energyball", "tailglow"], "ability": "Hydration", "evs": {"hp": 85, "atk": 0, "def": 85, "spa": 85, "spd": 85, "spe": 85}, "ivs": {"hp": 31, "atk": 0, "def": 31, "spa": 31, "spd": 31, "spe": 31}, "item": "Leftovers", "teraType": "Water", "role": "Bulky Setup", "bvs": {"hp": 100, "atk": 100, "def": 100, "spa": 100, "spd": 100, "spe": 100}, "stats": {"hp": 284, "atk": 161, "def": 201, "spa": 201, "spd": 201, "spe": 201}, "types": ["Water"]}, "Flapple": {"name": "Flapple", "species": "Flapple", "speciesId": "flapple", "gender": "F", "shiny": false, "level": 88, "moves": ["terablast", "dragondance", "outrage", "gravapple"], "ability": "Hustle", "evs": {"hp": 85, "atk": 85, "def": 85, "spa": 85, "spd": 85, "spe": 85}, "ivs": {"hp": 31, "atk": 31, "def": 31, "spa": 31, "spd": 31, "spe": 31}, "item": "Wide Lens", "teraType": "Fire", "role": "Tera Blast user", "bvs": {"hp": 70, "atk": 110, "def": 80, "spa": 95, "spd": 60, "spe": 70}, "stats": {"hp": 266, "atk": 244, "def": 191, "spa": 217, "spd": 156, "spe": 173}, "types": ["Grass", "Dragon"]}, "Raichu": {"name": "Raichu", "species": "Raichu-Alola", "speciesId": "raichualola", "gender": "F", "shiny": false, "level": 87, "moves": ["thunderbolt", "psyshock", "nastyplot", "grassknot"], "ability": "Surge Surfer", "evs": {"hp": 85, "atk": 0, "def": 85, "spa": 85, "spd": 85, "spe": 85}, "ivs": {"hp": 31, "atk": 0, "def": 31, "spa": 31, "spd": 31, "spe": 31}, "item": "Life Orb", "teraType": "Grass", "role": "Setup Sweeper", "bvs": {"hp": 60, "atk": 85, "def": 50, "spa": 95, "spd": 85, "spe": 110}, "stats": {"hp": 246, "atk": 152, "def": 137, "spa": 215, "spd": 198, "spe": 241}, "types": ["Electric", "Psychic"]}, "Greedent": {"name": "Greedent", "species": "Greedent", "speciesId": "greedent", "gender": "F", "shiny": false, "level": 86, "moves": ["swordsdance", "earthquake", "knockoff", "doubleedge"], "ability": "Cheek Pouch", "evs": {"hp": 85, "atk": 85, "def": 85, "spa": 85, "spd": 85, "spe": 85}, "ivs": {"hp": 31, "atk": 31, "def": 31, "spa": 31, "spd": 31, "spe": 31}, "item": "Sitrus Berry", "teraType": "Ground", "role": "Bulky Setup", "bvs": {"hp": 120, "atk": 95, "def": 95, "spa": 55, "spd": 75, "spe": 20}, "stats": {"hp": 347, "atk": 213, "def": 213, "spa": 144, "spd": 178, "spe": 84}, "types": ["Normal"]}}, {"Mimikyu": {"name": "Mimikyu", "species": "Mimikyu", "speciesId": "mimikyu", "gender": "F", "shiny": false, "level": 79, "moves": ["shadowsneak", "playrough", "shadowclaw", "swordsdance"], "ability": "Disguise", "evs": {"hp": 85, "atk": 85, "def": 85, "spa": 85, "spd": 85, "spe": 85}, "ivs": {"hp": 31, "atk": 31, "def": 31, "spa": 31, "spd": 31, "spe": 31}, "item": "Life Orb", "teraType": "Fairy", "role": "Fast Bulky Setup", "bvs": {"hp": 55, "atk": 90, "def": 80, "spa": 50, "spd": 105, "spe": 96}, "stats": {"hp": 216, "atk": 188, "def": 172, "spa": 125, "spd": 211, "spe": 197}, "types": ["Ghost", "Fairy"]}, "Garganacl": {"name": "Garganacl", "species": "Garganacl", "speciesId": "garganacl", "gender": "M", "shiny": false, "level": 80, "moves": ["protect", "recover", "saltcure", "stealthrock"], "ability": "Purifying Salt", "evs": {"hp": 85, "atk": 85, "def": 85, "spa": 85, "spd": 85, "spe": 85}, "ivs": {"hp": 31, "atk": 31, "def": 31, "spa": 31, "spd": 31, "spe": 31}, "item": "Leftovers", "teraType": "Dragon", "role": "Bulky Support", "bvs": {"hp": 100, "atk": 100, "def": 130, "spa": 45, "spd": 90, "spe": 35}, "stats": {"hp": 291, "atk": 206, "def": 254, "spa": 118, "spd": 190, "spe": 102}, "types": ["Rock"]}, "Maushold": {"name": "Maushold", "species": "Maushold", "speciesId": "maushold", "gender": "N", "shiny": false, "level": 76, "moves": ["encore", "bite", "populationbomb", "tidyup"], "ability": "Technician", "evs": {"hp": 85, "atk": 85, "def": 85, "spa": 85, "spd": 85, "spe": 85}, "ivs": {"hp": 31, "atk": 31, "def": 31, "spa": 31, "spd": 31, "spe": 31}, "item": "Wide Lens", "teraType": "Normal", "role": "Setup Sweeper", "bvs": {"hp": 74, "atk": 75, "def": 70, "spa": 65, "spd": 75, "spe": 111}, "stats": {"hp": 238, "atk": 158, "def": 150, "spa": 143, "spd": 158, "spe": 213}, "types": ["Normal"]}, "Lycanroc": {"name": "Lycanroc", "species": "Lycanroc-Dusk", "speciesId": "lycanrocdusk", "gender": "F", "shiny": false, "level": 81, "moves": ["accelerock", "throatchop", "closecombat", "stoneedge"], "ability": "Tough Claws", "evs": {"hp": 85, "atk": 85, "def": 85, "spa": 85, "spd": 85, "spe": 85}, "ivs": {"hp": 31, "atk": 31, "def": 31, "spa": 31, "spd": 31, "spe": 31}, "item": "Choice Band", "teraType": "Fighting", "role": "Wallbreaker", "bvs": {"hp": 75, "atk": 117, "def": 65, "spa": 55, "spd": 65, "spe": 110}, "stats": {"hp": 254, "atk": 236, "def": 152, "spa": 136, "spd": 152, "spe": 225}, "types": ["Rock"]}, "Lurantis": {"name": "Lurantis", "species": "Lurantis", "speciesId": "lurantis", "gender": "M", "shiny": false, "level": 87, "moves": ["superpower", "leechlife", "leafstorm", "knockoff"], "ability": "Contrary", "evs": {"hp": 85, "atk": 85, "def": 85, "spa": 85, "spd": 85, "spe": 85}, "ivs": {"hp": 31, "atk": 31, "def": 31, "spa": 31, "spd": 31, "spe": 31}, "item": "Assault Vest", "teraType": "Water", "role": "AV Pivot", "bvs": {"hp": 70, "atk": 105, "def": 90, "spa": 80, "spd": 90, "spe": 45}, "stats": {"hp": 264, "atk": 232, "def": 206, "spa": 189, "spd": 206, "spe": 128}, "types": ["Grass"]}, "Latios": {"name": "Latios", "species": "Latios", "speciesId": "latios", "gender": "M", "shiny": false, "level": 78, "moves": ["dracometeor", "calmmind", "recover", "psyshock"], "ability": "Levitate", "evs": {"hp": 85, "atk": 0, "def": 85, "spa": 85, "spd": 85, "spe": 85}, "ivs": {"hp": 31, "atk": 0, "def": 31, "spa": 31, "spd": 31, "spe": 31}, "item": "Soul Dew", "teraType": "Steel", "role": "Bulky Setup", "bvs": {"hp": 80, "atk": 90, "def": 80, "spa": 130, "spd": 110, "spe": 110}, "stats": {"hp": 253, "atk": 145, "def": 170, "spa": 248, "spd": 217, "spe": 217}, "types": ["Dragon", "Psychic"]}}]}