{"id": "gen9randombattle-2641482546", "format": "[Gen 9] Random Battle", "players": ["pocketmuensters", "vanitas9702"], "log": "|j|\u2606pocketmuensters\n|j|\u2606vanitas9702\n|t:|1782791964\n|gametype|singles\n|player|p1|pocketmuensters|2|1980\n|player|p2|vanitas9702|clair|1959\n|gen|9\n|tier|[Gen 9] Random Battle\n|rated|\n|rule|Species Clause: Limit one of each Pok\u00e9mon\n|rule|HP Percentage Mod: HP is shown in percentages\n|rule|Sleep Clause Mod: Limit one foe put to sleep\n|rule|Illusion Level Mod: Illusion disguises the Pok\u00e9mon's true level\n|\n|t:|1782791964\n|teamsize|p1|6\n|teamsize|p2|6\n|start\n|switch|p1a: Latias|Latias, L79, F|256/256\n|switch|p2a: Mabosstiff|Mabosstiff, L86, M|278/278\n|turn|1\n|inactive|Battle timer is ON: inactive players will automatically lose when time's up. (requested by pocketmuensters)\n|\n|t:|1782791972\n|switch|p1a: Granbull|Granbull, L88, M|302/302\n|-ability|p1a: Granbull|Intimidate|boost\n|-unboost|p2a: Mabosstiff|atk|1\n|move|p2a: Mabosstiff|Crunch|p1a: Granbull\n|-resisted|p1a: Granbull\n|-damage|p1a: Granbull|183/302\n|-unboost|p1a: Granbull|def|1\n|\n|-heal|p1a: Granbull|201/302|[from] item: Leftovers\n|upkeep\n|turn|2\n|\n|t:|1782791982\n|switch|p2a: Gliscor|Gliscor, L76, F|239/239\n|move|p1a: Granbull|Thunder Wave|p2a: Gliscor\n|-immune|p2a: Gliscor\n|\n|-heal|p1a: Granbull|219/302|[from] item: Leftovers\n|-status|p2a: Gliscor|tox|[from] item: Toxic Orb\n|upkeep\n|turn|3\n|\n|t:|1782791992\n|move|p2a: Gliscor|Toxic Spikes|p1a: Granbull\n|-sidestart|p1: pocketmuensters|move: Toxic Spikes\n|move|p1a: Granbull|Encore|p2a: Gliscor\n|-start|p2a: Gliscor|Encore\n|\n|-heal|p1a: Granbull|237/302|[from] item: Leftovers\n|upkeep\n|turn|4\n|\n|t:|1782792007\n|switch|p2a: Porygon2|Porygon2, L81|270/270\n|-ability|p2a: Porygon2|Download|boost\n|-boost|p2a: Porygon2|atk|1\n|switch|p1a: Latias|Latias, L79, F|256/256\n|\n|upkeep\n|turn|5\n|\n|t:|1782792024\n|move|p1a: Latias|Calm Mind|p1a: Latias\n|-boost|p1a: Latias|spa|1\n|-boost|p1a: Latias|spd|1\n|move|p2a: Porygon2|Ice Beam|p1a: Latias\n|-supereffective|p1a: Latias\n|-crit|p1a: Latias\n|-damage|p1a: Latias|114/256\n|\n|upkeep\n|turn|6\n|\n|t:|1782792035\n|switch|p2a: Salazzle|Salazzle, L83, F|249/249\n|move|p1a: Latias|Recover|p1a: Latias\n|-heal|p1a: Latias|242/256\n|\n|upkeep\n|turn|7\n|\n|t:|1782792040\n|move|p2a: Salazzle|Toxic|p1a: Latias\n|-status|p1a: Latias|tox\n|move|p1a: Latias|Psyshock|p2a: Salazzle\n|-supereffective|p2a: Salazzle\n|-damage|p2a: Salazzle|0 fnt\n|faint|p2a: Salazzle\n|\n|-damage|p1a: Latias|226/256 tox|[from] psn\n|upkeep\n|\n|t:|1782792053\n|switch|p2a: Venusaur|Venusaur, L84, M|272/272\n|turn|8\n|\n|t:|1782792055\n|move|p1a: Latias|Psyshock|p2a: Venusaur\n|-supereffective|p2a: Venusaur\n|-damage|p2a: Venusaur|0 fnt\n|faint|p2a: Venusaur\n|\n|-damage|p1a: Latias|194/256 tox|[from] psn\n|upkeep\n|\n|t:|1782792058\n|switch|p2a: Porygon2|Porygon2, L81|270/270\n|-ability|p2a: Porygon2|Download|boost\n|-boost|p2a: Porygon2|atk|1\n|turn|9\n|\n|t:|1782792065\n|move|p1a: Latias|Draco Meteor|p2a: Porygon2\n|-damage|p2a: Porygon2|119/270\n|-unboost|p1a: Latias|spa|2\n|move|p2a: Porygon2|Ice Beam|p1a: Latias\n|-supereffective|p1a: Latias\n|-damage|p1a: Latias|130/256 tox\n|\n|-damage|p1a: Latias|82/256 tox|[from] psn\n|upkeep\n|turn|10\n|\n|t:|1782792080\n|move|p1a: Latias|Recover|p1a: Latias\n|-heal|p1a: Latias|210/256 tox\n|move|p2a: Porygon2|Recover|p2a: Porygon2\n|-heal|p2a: Porygon2|254/270\n|\n|-damage|p1a: Latias|146/256 tox|[from] psn\n|upkeep\n|turn|11\n|\n|t:|1782792093\n|switch|p1a: Venomoth|Venomoth, L84, F|255/255\n|-sideend|p1: pocketmuensters|move: Toxic Spikes|[of] p1a: Venomoth\n|move|p2a: Porygon2|Ice Beam|p1a: Venomoth\n|-damage|p1a: Venomoth|181/255\n|\n|upkeep\n|turn|12\n|\n|t:|1782792100\n|switch|p2a: Gliscor|Gliscor, L76, F|239/239 tox\n|move|p1a: Venomoth|Quiver Dance|p1a: Venomoth\n|-boost|p1a: Venomoth|spa|1\n|-boost|p1a: Venomoth|spd|1\n|-boost|p1a: Venomoth|spe|1\n|\n|upkeep\n|turn|13\n|\n|t:|1782792112\n|move|p1a: Venomoth|Bug Buzz|p2a: Gliscor\n|-resisted|p2a: Gliscor\n|-damage|p2a: Gliscor|63/239 tox\n|move|p2a: Gliscor|Earthquake|p1a: Venomoth\n|-damage|p1a: Venomoth|61/255\n|\n|-heal|p2a: Gliscor|92/239 tox|[from] ability: Poison Heal\n|upkeep\n|turn|14\n|\n|t:|1782792122\n|move|p2a: Gliscor|Protect|p2a: Gliscor\n|-singleturn|p2a: Gliscor|Protect\n|move|p1a: Venomoth|Bug Buzz|p2a: Gliscor\n|-activate|p2a: Gliscor|move: Protect\n|\n|-heal|p2a: Gliscor|121/239 tox|[from] ability: Poison Heal\n|upkeep\n|turn|15\n|\n|t:|1782792130\n|move|p1a: Venomoth|Bug Buzz|p2a: Gliscor\n|-resisted|p2a: Gliscor\n|-damage|p2a: Gliscor|0 fnt\n|faint|p2a: Gliscor\n|\n|upkeep\n|\n|t:|1782792133\n|switch|p2a: Porygon2|Porygon2, L81|254/270\n|-ability|p2a: Porygon2|Download|boost\n|-boost|p2a: Porygon2|atk|1\n|turn|16\n|\n|t:|1782792138\n|move|p1a: Venomoth|Sludge Wave|p2a: Porygon2\n|-crit|p2a: Porygon2\n|-damage|p2a: Porygon2|115/270\n|move|p2a: Porygon2|Tri Attack|p1a: Venomoth\n|-damage|p1a: Venomoth|0 fnt\n|faint|p1a: Venomoth\n|\n|upkeep\n|\n|t:|1782792153\n|switch|p1a: Lycanroc|Lycanroc, L86, M|269/269\n|turn|17\n|\n|t:|1782792157\n|move|p1a: Lycanroc|Stealth Rock|p2a: Porygon2\n|-sidestart|p2: vanitas9702|move: Stealth Rock\n|move|p2a: Porygon2|Recover|p2a: Porygon2\n|-heal|p2a: Porygon2|250/270\n|\n|upkeep\n|turn|18\n|\n|t:|1782792164\n|move|p1a: Lycanroc|Close Combat|p2a: Porygon2\n|-supereffective|p2a: Porygon2\n|-damage|p2a: Porygon2|81/270\n|-unboost|p1a: Lycanroc|def|1\n|-unboost|p1a: Lycanroc|spd|1\n|-damage|p1a: Lycanroc|243/269|[from] item: Life Orb\n|move|p2a: Porygon2|Ice Beam|p1a: Lycanroc\n|-damage|p1a: Lycanroc|130/269\n|\n|upkeep\n|turn|19\n|\n|t:|1782792174\n|move|p1a: Lycanroc|Close Combat|p2a: Porygon2\n|-supereffective|p2a: Porygon2\n|-damage|p2a: Porygon2|0 fnt\n|-unboost|p1a: Lycanroc|def|1\n|-unboost|p1a: Lycanroc|spd|1\n|faint|p2a: Porygon2\n|-damage|p1a: Lycanroc|104/269|[from] item: Life Orb\n|\n|upkeep\n|\n|t:|1782792175\n|switch|p2a: Eiscue|Eiscue, L88, F|274/274\n|-damage|p2a: Eiscue|206/274|[from] Stealth Rock\n|turn|20\n|\n|t:|1782792190\n|switch|p1a: Latias|Latias, L79, F|146/256 tox\n|move|p2a: Eiscue|Ice Spinner|p1a: Latias\n|-supereffective|p1a: Latias\n|-crit|p1a: Latias\n|-damage|p1a: Latias|0 fnt\n|faint|p1a: Latias\n|\n|upkeep\n|\n|t:|1782792199\n|switch|p1a: Mewtwo|Mewtwo, L72|272/272\n|-ability|p1a: Mewtwo|Unnerve\n|turn|21\n|\n|t:|1782792205\n|switch|p2a: Mabosstiff|Mabosstiff, L86, M|278/278\n|-damage|p2a: Mabosstiff|244/278|[from] Stealth Rock\n|move|p1a: Mewtwo|Psystrike|p2a: Mabosstiff\n|-immune|p2a: Mabosstiff\n|\n|upkeep\n|turn|22\n|\n|t:|1782792216\n|switch|p1a: Lycanroc|Lycanroc, L86, M|104/269\n|move|p2a: Mabosstiff|Crunch|p1a: Lycanroc\n|-damage|p1a: Lycanroc|0 fnt\n|faint|p1a: Lycanroc\n|\n|upkeep\n|\n|t:|1782792222\n|switch|p1a: Granbull|Granbull, L88, M|237/302\n|-ability|p1a: Granbull|Intimidate|boost\n|-unboost|p2a: Mabosstiff|atk|1\n|turn|23\n|\n|t:|1782792227\n|switch|p2a: Eiscue|Eiscue, L88, F|206/274\n|-damage|p2a: Eiscue|138/274|[from] Stealth Rock\n|move|p1a: Granbull|Thunder Wave|p2a: Eiscue\n|-status|p2a: Eiscue|par\n|\n|-heal|p1a: Granbull|255/302|[from] item: Leftovers\n|upkeep\n|turn|24\n|\n|t:|1782792241\n|switch|p1a: Mewtwo|Mewtwo, L72|272/272\n|-ability|p1a: Mewtwo|Unnerve\n|move|p2a: Eiscue|Belly Drum|p2a: Eiscue\n|-damage|p2a: Eiscue|1/274 par\n|-setboost|p2a: Eiscue|atk|6|[from] move: Belly Drum\n|\n|upkeep\n|turn|25\n|\n|t:|1782792253\n|move|p1a: Mewtwo|Aura Sphere|p2a: Eiscue\n|-supereffective|p2a: Eiscue\n|-damage|p2a: Eiscue|0 fnt\n|faint|p2a: Eiscue\n|-damage|p1a: Mewtwo|245/272|[from] item: Life Orb\n|\n|upkeep\n|\n|t:|1782792254\n|switch|p2a: Mabosstiff|Mabosstiff, L86, M|244/278\n|-damage|p2a: Mabosstiff|210/278|[from] Stealth Rock\n|turn|26\n|\n|t:|1782792263\n|-terastallize|p2a: Mabosstiff|Dark\n|move|p1a: Mewtwo|Aura Sphere|p2a: Mabosstiff\n|-supereffective|p2a: Mabosstiff\n|-damage|p2a: Mabosstiff|44/278\n|-damage|p1a: Mewtwo|218/272|[from] item: Life Orb\n|move|p2a: Mabosstiff|Crunch|p1a: Mewtwo\n|-supereffective|p1a: Mewtwo\n|-damage|p1a: Mewtwo|0 fnt\n|faint|p1a: Mewtwo\n|\n|upkeep\n|-message|vanitas9702 forfeited.\n|\n|win|pocketmuensters\n|raw|pocketmuensters's rating: 1980 &rarr; <strong>1999</strong><br />(+19 for winning)\n|raw|vanitas9702's rating: 1959 &rarr; <strong>1940</strong><br />(-19 for losing)\n", "inputlog": ">version f8ac14003a5f27e1bdc8d8c59608a773c1cb96e5\n>start {\"formatid\":\"gen9randombattle\",\"seed\":\"sodium,bc04776a98d108200324a051352deeb2\",\"rated\":\"Rated battle\"}\n>player p1 {\"name\":\"pocketmuensters\",\"avatar\":\"2\",\"rating\":1980,\"seed\":\"sodium,de14166c46751b0d0abfa151a5e66054\"}\n>player p2 {\"name\":\"vanitas9702\",\"avatar\":\"clair\",\"rating\":1959,\"seed\":\"sodium,fac9dcd0532137e7558f7e05f7958fd3\"}\n>p1 switch 3\n>p2 move crunch\n>p1 move thunderwave\n>p2 switch 4\n>p1 move encore\n>p2 move toxicspikes\n>p1 switch 3\n>p2 switch 3\n>p1 move calmmind\n>p2 move icebeam\n>p1 move recover\n>p2 switch 5\n>p1 move psyshock\n>p2 move toxic\n>p2 switch 6\n>p1 move psyshock\n>p2 move knockoff\n>p2 switch 5\n>p1 move dracometeor\n>p2 move icebeam\n>p1 move recover\n>p2 move recover\n>p1 switch 5\n>p2 move icebeam\n>p1 move quiverdance\n>p2 switch 3\n>p1 move bugbuzz\n>p2 move earthquake\n>p1 move bugbuzz\n>p2 move protect\n>p1 move bugbuzz\n>p2 move earthquake\n>p2 switch 3\n>p1 move sludgewave\n>p2 move triattack\n>p1 switch 2\n>p1 move stealthrock\n>p2 move recover\n>p1 move closecombat\n>p2 move icebeam\n>p1 move closecombat\n>p2 move icebeam\n>p2 switch 2\n>p1 switch 5\n>p2 move icespinner\n>p1 switch 4\n>p1 move psystrike\n>p2 switch 4\n>p1 switch 5\n>p2 move crunch\n>p1 switch 3\n>p1 move thunderwave\n>p2 switch 4\n>p1 switch 5\n>p2 move bellydrum\n>p1 move aurasphere\n>p2 move liquidation\n>p2 switch 4\n>p1 move aurasphere\n>p2 move crunch terastallize\n>forcelose p2", "uploadtime": 1782791967, "views": 4, "formatid": "gen9randombattle", "rating": 1940, "private": 0, "password": null, "player_dets": [{"name": "pocketmuensters", "avatar": "2", "rating": 1980, "seed": "sodium,de14166c46751b0d0abfa151a5e66054"}, {"name": "vanitas9702", "avatar": "clair", "rating": 1959, "seed": "sodium,fac9dcd0532137e7558f7e05f7958fd3"}], "teams_full": [{"Latias": {"name": "Latias", "species": "Latias", "speciesId": "latias", "gender": "F", "shiny": false, "level": 79, "moves": ["calmmind", "psyshock", "dracometeor", "recover"], "ability": "Levitate", "evs": {"hp": 85, "atk": 0, "def": 85, "spa": 85, "spd": 85, "spe": 85}, "ivs": {"hp": 31, "atk": 0, "def": 31, "spa": 31, "spd": 31, "spe": 31}, "item": "Soul Dew", "teraType": "Steel", "role": "Fast Bulky Setup", "bvs": {"hp": 80, "atk": 80, "def": 90, "spa": 110, "spd": 130, "spe": 110}, "stats": {"hp": 256, "atk": 131, "def": 188, "spa": 219, "spd": 251, "spe": 219}, "types": ["Dragon", "Psychic"]}, "Lycanroc": {"name": "Lycanroc", "species": "Lycanroc", "speciesId": "lycanroc", "gender": "M", "shiny": false, "level": 86, "moves": ["psychicfangs", "stealthrock", "closecombat", "stoneedge"], "ability": "Sand Rush", "evs": {"hp": 85, "atk": 85, "def": 85, "spa": 85, "spd": 85, "spe": 85}, "ivs": {"hp": 31, "atk": 31, "def": 31, "spa": 31, "spd": 31, "spe": 31}, "item": "Life Orb", "teraType": "Fighting", "role": "Fast Attacker", "bvs": {"hp": 75, "atk": 115, "def": 65, "spa": 55, "spd": 65, "spe": 112}, "stats": {"hp": 269, "atk": 247, "def": 161, "spa": 144, "spd": 161, "spe": 242}, "types": ["Rock"]}, "Granbull": {"name": "Granbull", "species": "Granbull", "speciesId": "granbull", "gender": "M", "shiny": false, "level": 88, "moves": ["earthquake", "thunderwave", "encore", "playrough"], "ability": "Intimidate", "evs": {"hp": 85, "atk": 85, "def": 85, "spa": 85, "spd": 85, "spe": 85}, "ivs": {"hp": 31, "atk": 31, "def": 31, "spa": 31, "spd": 31, "spe": 31}, "item": "Leftovers", "teraType": "Ground", "role": "Bulky Attacker", "bvs": {"hp": 90, "atk": 120, "def": 75, "spa": 60, "spd": 60, "spe": 45}, "stats": {"hp": 302, "atk": 261, "def": 182, "spa": 156, "spd": 156, "spe": 129}, "types": ["Fairy"]}, "Mewtwo": {"name": "Mewtwo", "species": "Mewtwo", "speciesId": "mewtwo", "gender": "N", "shiny": false, "level": 72, "moves": ["nastyplot", "psystrike", "aurasphere", "recover"], "ability": "Unnerve", "evs": {"hp": 85, "atk": 0, "def": 85, "spa": 85, "spd": 85, "spe": 85}, "ivs": {"hp": 31, "atk": 0, "def": 31, "spa": 31, "spd": 31, "spe": 31}, "item": "Life Orb", "teraType": "Fighting", "role": "Setup Sweeper", "bvs": {"hp": 106, "atk": 110, "def": 90, "spa": 154, "spd": 90, "spe": 130}, "stats": {"hp": 272, "atk": 163, "def": 172, "spa": 264, "spd": 172, "spe": 229}, "types": ["Psychic"]}, "Venomoth": {"name": "Venomoth", "species": "Venomoth", "speciesId": "venomoth", "gender": "F", "shiny": false, "level": 84, "moves": ["sleeppowder", "sludgewave", "bugbuzz", "quiverdance"], "ability": "Tinted Lens", "evs": {"hp": 85, "atk": 0, "def": 85, "spa": 85, "spd": 85, "spe": 85}, "ivs": {"hp": 31, "atk": 0, "def": 31, "spa": 31, "spd": 31, "spe": 31}, "item": "Heavy-Duty Boots", "teraType": "Bug", "role": "Setup Sweeper", "bvs": {"hp": 70, "atk": 65, "def": 60, "spa": 90, "spd": 75, "spe": 90}, "stats": {"hp": 255, "atk": 114, "def": 149, "spa": 199, "spd": 174, "spe": 199}, "types": ["Bug", "Poison"]}, "Heracross": {"name": "Heracross", "species": "Heracross", "speciesId": "heracross", "gender": "F", "shiny": false, "level": 80, "moves": ["earthquake", "megahorn", "closecombat", "stoneedge"], "ability": "Moxie", "evs": {"hp": 85, "atk": 85, "def": 85, "spa": 85, "spd": 85, "spe": 85}, "ivs": {"hp": 31, "atk": 31, "def": 31, "spa": 31, "spd": 31, "spe": 31}, "item": "Choice Scarf", "teraType": "Rock", "role": "Fast Attacker", "bvs": {"hp": 80, "atk": 125, "def": 75, "spa": 40, "spd": 95, "spe": 85}, "stats": {"hp": 259, "atk": 246, "def": 166, "spa": 110, "spd": 198, "spe": 182}, "types": ["Bug", "Fighting"]}}, {"Mabosstiff": {"name": "Mabosstiff", "species": "Mabosstiff", "speciesId": "mabosstiff", "gender": "M", "shiny": false, "level": 86, "moves": ["wildcharge", "playrough", "crunch", "psychicfangs"], "ability": "Stakeout", "evs": {"hp": 85, "atk": 85, "def": 85, "spa": 85, "spd": 85, "spe": 85}, "ivs": {"hp": 31, "atk": 31, "def": 31, "spa": 31, "spd": 31, "spe": 31}, "item": "Choice Band", "teraType": "Dark", "role": "Bulky Attacker", "bvs": {"hp": 80, "atk": 120, "def": 90, "spa": 60, "spd": 70, "spe": 85}, "stats": {"hp": 278, "atk": 256, "def": 204, "spa": 152, "spd": 170, "spe": 195}, "types": ["Dark"]}, "Eiscue": {"name": "Eiscue", "species": "Eiscue", "speciesId": "eiscue", "gender": "F", "shiny": false, "level": 88, "moves": ["terablast", "liquidation", "bellydrum", "icespinner"], "ability": "Ice Face", "evs": {"hp": 81, "atk": 85, "def": 85, "spa": 85, "spd": 85, "spe": 85}, "ivs": {"hp": 31, "atk": 31, "def": 31, "spa": 31, "spd": 31, "spe": 31}, "item": "Sitrus Berry", "teraType": "Ground", "role": "Tera Blast user", "bvs": {"hp": 75, "atk": 80, "def": 110, "spa": 65, "spd": 90, "spe": 50}, "stats": {"hp": 274, "atk": 191, "def": 244, "spa": 165, "spd": 209, "spe": 138}, "types": ["Ice"]}, "Porygon2": {"name": "Porygon2", "species": "Porygon2", "speciesId": "porygon2", "gender": "N", "shiny": false, "level": 81, "moves": ["triattack", "recover", "icebeam", "discharge"], "ability": "Download", "evs": {"hp": 85, "atk": 0, "def": 85, "spa": 85, "spd": 85, "spe": 85}, "ivs": {"hp": 31, "atk": 0, "def": 31, "spa": 31, "spd": 31, "spe": 31}, "item": "Eviolite", "teraType": "Electric", "role": "Bulky Support", "bvs": {"hp": 85, "atk": 80, "def": 90, "spa": 105, "spd": 95, "spe": 60}, "stats": {"hp": 270, "atk": 134, "def": 192, "spa": 217, "spd": 201, "spe": 144}, "types": ["Normal"]}, "Gliscor": {"name": "Gliscor", "species": "Gliscor", "speciesId": "gliscor", "gender": "F", "shiny": false, "level": 76, "moves": ["earthquake", "protect", "knockoff", "toxicspikes"], "ability": "Poison Heal", "evs": {"hp": 85, "atk": 85, "def": 85, "spa": 85, "spd": 85, "spe": 85}, "ivs": {"hp": 31, "atk": 31, "def": 31, "spa": 31, "spd": 31, "spe": 31}, "item": "Toxic Orb", "teraType": "Water", "role": "Bulky Support", "bvs": {"hp": 75, "atk": 95, "def": 125, "spa": 45, "spd": 75, "spe": 95}, "stats": {"hp": 239, "atk": 188, "def": 234, "spa": 112, "spd": 158, "spe": 188}, "types": ["Ground", "Flying"]}, "Salazzle": {"name": "Salazzle", "species": "Salazzle", "speciesId": "salazzle", "gender": "F", "shiny": false, "level": 83, "moves": ["flamethrower", "substitute", "protect", "toxic"], "ability": "Corrosion", "evs": {"hp": 85, "atk": 0, "def": 85, "spa": 85, "spd": 85, "spe": 85}, "ivs": {"hp": 31, "atk": 0, "def": 31, "spa": 31, "spd": 31, "spe": 31}, "item": "Leftovers", "teraType": "Flying", "role": "Fast Support", "bvs": {"hp": 68, "atk": 64, "def": 60, "spa": 111, "spd": 60, "spe": 117}, "stats": {"hp": 249, "atk": 111, "def": 147, "spa": 232, "spd": 147, "spe": 242}, "types": ["Poison", "Fire"]}, "Venusaur": {"name": "Venusaur", "species": "Venusaur", "speciesId": "venusaur", "gender": "M", "shiny": false, "level": 84, "moves": ["sludgebomb", "knockoff", "synthesis", "toxic"], "ability": "Chlorophyll", "evs": {"hp": 85, "atk": 85, "def": 85, "spa": 85, "spd": 85, "spe": 85}, "ivs": {"hp": 31, "atk": 31, "def": 31, "spa": 31, "spd": 31, "spe": 31}, "item": "Leftovers", "teraType": "Dark", "role": "Bulky Attacker", "bvs": {"hp": 80, "atk": 82, "def": 83, "spa": 100, "spd": 100, "spe": 80}, "stats": {"hp": 272, "atk": 186, "def": 188, "spa": 216, "spd": 216, "spe": 183}, "types": ["Grass", "Poison"]}}]}