{"id": "gen9randombattle-2641512685", "format": "[Gen 9] Random Battle", "players": ["testbotcif", "zachachoo"], "log": "|j|\u2606testbotcif\n|j|\u2606zachachoo\n|t:|1782797948\n|gametype|singles\n|player|p1|testbotcif|266|1279\n|player|p2|zachachoo|170|1279\n|gen|9\n|tier|[Gen 9] Random Battle\n|rated|\n|rule|Species Clause: Limit one of each Pok\u00e9mon\n|rule|HP Percentage Mod: HP is shown in percentages\n|rule|Sleep Clause Mod: Limit one foe put to sleep\n|rule|Illusion Level Mod: Illusion disguises the Pok\u00e9mon's true level\n|\n|t:|1782797948\n|teamsize|p1|6\n|teamsize|p2|6\n|start\n|switch|p1a: Klawf|Klawf, L90, M|272/272\n|switch|p2a: Archaludon|Archaludon, L78, F|268/268\n|turn|1\n|inactive|Battle timer is ON: inactive players will automatically lose when time's up. (requested by testbotcif)\n|c|\u2606testbotcif|rlhf\n|\n|t:|1782797958\n|-terastallize|p1a: Klawf|Water\n|move|p1a: Klawf|Swords Dance|p1a: Klawf\n|-boost|p1a: Klawf|atk|2\n|move|p2a: Archaludon|Flash Cannon|p1a: Klawf\n|-resisted|p1a: Klawf\n|-damage|p1a: Klawf|217/272\n|\n|upkeep\n|turn|2\n|\n|t:|1782797962\n|move|p1a: Klawf|Knock Off|p2a: Archaludon\n|-damage|p2a: Archaludon|136/268\n|-ability|p2a: Archaludon|Stamina|boost\n|-boost|p2a: Archaludon|def|1\n|-enditem|p2a: Archaludon|Assault Vest|[from] move: Knock Off|[of] p1a: Klawf\n|move|p2a: Archaludon|Thunderbolt|p1a: Klawf\n|-supereffective|p1a: Klawf\n|-damage|p1a: Klawf|49/272\n|-status|p1a: Klawf|par\n|-ability|p1a: Klawf|Anger Shell|boost\n|-boost|p1a: Klawf|atk|1\n|-boost|p1a: Klawf|spa|1\n|-boost|p1a: Klawf|spe|1\n|-unboost|p1a: Klawf|def|1\n|-unboost|p1a: Klawf|spd|1\n|-enditem|p1a: Klawf|Sitrus Berry|[eat]\n|-heal|p1a: Klawf|117/272 par|[from] item: Sitrus Berry\n|\n|upkeep\n|turn|3\n|\n|t:|1782797968\n|move|p2a: Archaludon|Thunderbolt|p1a: Klawf\n|-supereffective|p1a: Klawf\n|-damage|p1a: Klawf|0 fnt\n|faint|p1a: Klawf\n|\n|upkeep\n|\n|t:|1782797968\n|switch|p1a: Toedscruel|Toedscruel, L87, M|281/281\n|turn|4\n|\n|t:|1782797988\n|move|p1a: Toedscruel|Earth Power|p2a: Archaludon\n|-supereffective|p2a: Archaludon\n|-damage|p2a: Archaludon|0 fnt\n|faint|p2a: Archaludon\n|\n|upkeep\n|\n|t:|1782798004\n|switch|p2a: Primarina|Primarina, L83, F|268/268\n|turn|5\n|\n|t:|1782798012\n|move|p1a: Toedscruel|Leaf Storm|p2a: Primarina\n|-supereffective|p2a: Primarina\n|-damage|p2a: Primarina|70/268\n|-unboost|p1a: Toedscruel|spa|2\n|move|p2a: Primarina|Sparkling Aria|p1a: Toedscruel\n|-damage|p1a: Toedscruel|160/281\n|\n|-heal|p1a: Toedscruel|177/281|[from] item: Leftovers\n|-heal|p2a: Primarina|86/268|[from] item: Leftovers\n|upkeep\n|turn|6\n|\n|t:|1782798019\n|move|p2a: Primarina|Draining Kiss|p1a: Toedscruel\n|-damage|p1a: Toedscruel|126/281\n|-heal|p2a: Primarina|124/268|[from] drain|[of] p1a: Toedscruel\n|move|p1a: Toedscruel|Toxic|p2a: Primarina|[miss]\n|-miss|p1a: Toedscruel|p2a: Primarina\n|\n|-heal|p1a: Toedscruel|143/281|[from] item: Leftovers\n|-heal|p2a: Primarina|140/268|[from] item: Leftovers\n|upkeep\n|turn|7\n|\n|t:|1782798024\n|move|p1a: Toedscruel|Leaf Storm|p2a: Primarina\n|-supereffective|p2a: Primarina\n|-damage|p2a: Primarina|42/268\n|-unboost|p1a: Toedscruel|spa|2\n|move|p2a: Primarina|Draining Kiss|p1a: Toedscruel\n|-damage|p1a: Toedscruel|97/281\n|-heal|p2a: Primarina|77/268|[from] drain|[of] p1a: Toedscruel\n|\n|-heal|p1a: Toedscruel|114/281|[from] item: Leftovers\n|-heal|p2a: Primarina|93/268|[from] item: Leftovers\n|upkeep\n|turn|8\n|\n|t:|1782798033\n|move|p1a: Toedscruel|Leaf Storm|p2a: Primarina\n|-supereffective|p2a: Primarina\n|-damage|p2a: Primarina|25/268\n|-unboost|p1a: Toedscruel|spa|2\n|move|p2a: Primarina|Sparkling Aria|p1a: Toedscruel\n|-damage|p1a: Toedscruel|0 fnt\n|faint|p1a: Toedscruel\n|\n|-heal|p2a: Primarina|41/268|[from] item: Leftovers\n|upkeep\n|\n|t:|1782798034\n|switch|p1a: Decidueye|Decidueye, L88, F|281/281\n|turn|9\n|\n|t:|1782798045\n|move|p1a: Decidueye|Swords Dance|p1a: Decidueye\n|-boost|p1a: Decidueye|atk|2\n|move|p2a: Primarina|Draining Kiss|p1a: Decidueye\n|-crit|p1a: Decidueye\n|-damage|p1a: Decidueye|191/281\n|-heal|p2a: Primarina|109/268|[from] drain|[of] p1a: Decidueye\n|\n|-heal|p2a: Primarina|125/268|[from] item: Leftovers\n|upkeep\n|turn|10\n|\n|t:|1782798048\n|move|p1a: Decidueye|Leaf Blade|p2a: Primarina\n|-supereffective|p2a: Primarina\n|-damage|p2a: Primarina|0 fnt\n|faint|p2a: Primarina\n|-damage|p1a: Decidueye|163/281|[from] item: Life Orb\n|\n|upkeep\n|\n|t:|1782798052\n|switch|p2a: Misdreavus|Misdreavus, L90, M|254/254\n|turn|11\n|\n|t:|1782798057\n|move|p2a: Misdreavus|Shadow Ball|p1a: Decidueye\n|-supereffective|p1a: Decidueye\n|-damage|p1a: Decidueye|19/281\n|move|p1a: Decidueye|Poltergeist|p2a: Misdreavus|[miss]\n|-miss|p1a: Decidueye|p2a: Misdreavus\n|\n|upkeep\n|turn|12\n|\n|t:|1782798063\n|move|p1a: Decidueye|Shadow Sneak|p2a: Misdreavus\n|-supereffective|p2a: Misdreavus\n|-damage|p2a: Misdreavus|20/254\n|-damage|p1a: Decidueye|0 fnt|[from] item: Life Orb\n|faint|p1a: Decidueye\n|move|p2a: Misdreavus|Shadow Ball|p1: Decidueye|[notarget]\n|-fail|p2a: Misdreavus\n|\n|upkeep\n|\n|t:|1782798063\n|switch|p1a: Ambipom|Ambipom, L84, F|263/263\n|turn|13\n|\n|t:|1782798070\n|move|p1a: Ambipom|Knock Off|p2a: Misdreavus\n|-supereffective|p2a: Misdreavus\n|-damage|p2a: Misdreavus|0 fnt\n|-enditem|p2a: Misdreavus|Eviolite|[from] move: Knock Off|[of] p1a: Ambipom\n|faint|p2a: Misdreavus\n|\n|upkeep\n|\n|t:|1782798078\n|switch|p2a: Amoonguss|Amoonguss, L82, F|321/321\n|turn|14\n|\n|t:|1782798081\n|move|p1a: Ambipom|Double-Edge|p2a: Amoonguss\n|-damage|p2a: Amoonguss|125/321\n|-damage|p1a: Ambipom|220/263|[from] item: Rocky Helmet|[of] p2a: Amoonguss\n|-damage|p1a: Ambipom|155/263|[from] Recoil\n|move|p2a: Amoonguss|Spore|p1a: Ambipom\n|-status|p1a: Ambipom|slp|[from] move: Spore\n|\n|upkeep\n|turn|15\n|\n|t:|1782798089\n|cant|p1a: Ambipom|slp\n|move|p2a: Amoonguss|Sludge Bomb|p1a: Ambipom\n|-damage|p1a: Ambipom|55/263 slp\n|\n|upkeep\n|turn|16\n|\n|t:|1782798094\n|cant|p1a: Ambipom|slp\n|move|p2a: Amoonguss|Giga Drain|p1a: Ambipom\n|-damage|p1a: Ambipom|0 fnt\n|-heal|p2a: Amoonguss|153/321|[from] drain|[of] p1a: Ambipom\n|faint|p1a: Ambipom\n|\n|upkeep\n|\n|t:|1782798094\n|switch|p1a: Ninetales|Ninetales, L85, F|263/263\n|-weather|SunnyDay|[from] ability: Drought|[of] p1a: Ninetales\n|turn|17\n|\n|t:|1782798105\n|move|p1a: Ninetales|Nasty Plot|p1a: Ninetales\n|-boost|p1a: Ninetales|spa|2\n|move|p2a: Amoonguss|Sludge Bomb|p1a: Ninetales\n|-damage|p1a: Ninetales|187/263\n|-status|p1a: Ninetales|psn\n|\n|-weather|SunnyDay|[upkeep]\n|-damage|p1a: Ninetales|155/263 psn|[from] psn\n|upkeep\n|turn|18\n|\n|t:|1782798110\n|move|p1a: Ninetales|Fire Blast|p2a: Amoonguss\n|-supereffective|p2a: Amoonguss\n|-crit|p2a: Amoonguss\n|-damage|p2a: Amoonguss|0 fnt\n|faint|p2a: Amoonguss\n|\n|-weather|SunnyDay|[upkeep]\n|-damage|p1a: Ninetales|123/263 psn|[from] psn\n|upkeep\n|\n|t:|1782798116\n|switch|p2a: Spiritomb|Spiritomb, L89, M|234/234\n|turn|19\n|\n|t:|1782798120\n|move|p2a: Spiritomb|Sucker Punch|p1a: Ninetales\n|-damage|p1a: Ninetales|38/263 psn\n|move|p1a: Ninetales|Fire Blast|p2a: Spiritomb\n|-damage|p2a: Spiritomb|0 fnt\n|faint|p2a: Spiritomb\n|\n|-weather|SunnyDay|[upkeep]\n|-damage|p1a: Ninetales|6/263 psn|[from] psn\n|upkeep\n|\n|t:|1782798128\n|switch|p2a: Carbink|Carbink, L90|236/236\n|turn|20\n|\n|t:|1782798142\n|move|p1a: Ninetales|Solar Beam||[still]\n|-prepare|p1a: Ninetales|Solar Beam\n|-anim|p1a: Ninetales|Solar Beam|p2a: Carbink\n|-supereffective|p2a: Carbink\n|-damage|p2a: Carbink|40/236\n|move|p2a: Carbink|Rock Polish|p2a: Carbink\n|-boost|p2a: Carbink|spe|2\n|\n|-weather|SunnyDay|[upkeep]\n|-heal|p2a: Carbink|54/236|[from] item: Leftovers\n|-damage|p1a: Ninetales|0 fnt|[from] psn\n|faint|p1a: Ninetales\n|upkeep\n|\n|t:|1782798142\n|switch|p1a: Banette|Banette, L93, F|270/270\n|turn|21\n|\n|t:|1782798157\n|move|p2a: Carbink|Moonblast|p1a: Banette\n|-damage|p1a: Banette|185/270\n|move|p1a: Banette|Poltergeist|p2a: Carbink\n|-activate|p2a: Carbink|move: Poltergeist|Leftovers\n|-crit|p2a: Carbink\n|-damage|p2a: Carbink|0 fnt\n|faint|p2a: Carbink\n|-damage|p1a: Banette|158/270|[from] item: Life Orb\n|\n|win|testbotcif\n|raw|testbotcif's rating: 1279 &rarr; <strong>1304</strong><br />(+25 for winning)\n|raw|zachachoo's rating: 1279 &rarr; <strong>1254</strong><br />(-25 for losing)\n", "inputlog": ">version f8ac14003a5f27e1bdc8d8c59608a773c1cb96e5\n>start {\"formatid\":\"gen9randombattle\",\"seed\":\"sodium,5df696e4ca9dacf3174d4d9226d10780\",\"rated\":\"Rated battle\"}\n>player p1 {\"name\":\"testbotcif\",\"avatar\":\"266\",\"rating\":1279,\"seed\":\"sodium,2be6c94d7d748a8e40955a24f0b8fd64\"}\n>player p2 {\"name\":\"zachachoo\",\"avatar\":\"170\",\"rating\":1279,\"seed\":\"sodium,56bcccec701416d24ad74e22fb575319\"}\n>chat \u2606testbotcif|rlhf\n>p1 move swordsdance terastallize\n>p2 move flashcannon\n>p1 move knockoff\n>p2 move thunderbolt\n>p1 move crabhammer\n>p2 move thunderbolt\n>p1 switch 2\n>p1 move earthpower\n>p2 move dracometeor\n>p2 switch 4\n>p1 move leafstorm\n>p2 move sparklingaria\n>p1 move toxic\n>p2 move drainingkiss\n>p1 move leafstorm\n>p2 move drainingkiss\n>p1 move leafstorm\n>p2 move sparklingaria\n>p1 switch 4\n>p1 move swordsdance\n>p2 move drainingkiss\n>p1 move leafblade\n>p2 move drainingkiss\n>p2 switch 5\n>p1 move poltergeist\n>p2 move shadowball\n>p1 move shadowsneak\n>p2 move shadowball\n>p1 switch 5\n>p1 move knockoff\n>p2 move willowisp\n>p2 switch 6\n>p1 move doubleedge\n>p2 move spore\n>p1 move doubleedge\n>p2 move sludgebomb\n>p1 move doubleedge\n>p2 move gigadrain\n>p1 switch 3\n>p1 move nastyplot\n>p2 move sludgebomb\n>p1 move fireblast\n>p2 move gigadrain\n>p2 switch 3\n>p1 move fireblast\n>p2 move suckerpunch\n>p2 switch 2\n>p1 move solarbeam\n>p2 move rockpolish\n>p1 switch 6\n>p1 move poltergeist\n>p2 move moonblast", "uploadtime": 1782798157, "views": 3, "formatid": "gen9randombattle", "rating": 1254, "private": 0, "password": null, "player_dets": [{"name": "testbotcif", "avatar": "266", "rating": 1279, "seed": "sodium,2be6c94d7d748a8e40955a24f0b8fd64"}, {"name": "zachachoo", "avatar": "170", "rating": 1279, "seed": "sodium,56bcccec701416d24ad74e22fb575319"}], "teams_full": [{"Klawf": {"name": "Klawf", "species": "Klawf", "speciesId": "klawf", "gender": "M", "shiny": false, "level": 90, "moves": ["swordsdance", "knockoff", "crabhammer", "stoneedge"], "ability": "Anger Shell", "evs": {"hp": 85, "atk": 85, "def": 85, "spa": 85, "spd": 85, "spe": 85}, "ivs": {"hp": 31, "atk": 31, "def": 31, "spa": 31, "spd": 31, "spe": 31}, "item": "Sitrus Berry", "teraType": "Water", "role": "Setup Sweeper", "bvs": {"hp": 70, "atk": 100, "def": 115, "spa": 35, "spd": 55, "spe": 75}, "stats": {"hp": 272, "atk": 231, "def": 258, "spa": 114, "spd": 150, "spe": 186}, "types": ["Rock"]}, "Toedscruel": {"name": "Toedscruel", "species": "Toedscruel", "speciesId": "toedscruel", "gender": "M", "shiny": false, "level": 87, "moves": ["rapidspin", "leafstorm", "earthpower", "toxic"], "ability": "Mycelium Might", "evs": {"hp": 85, "atk": 85, "def": 85, "spa": 85, "spd": 85, "spe": 85}, "ivs": {"hp": 31, "atk": 31, "def": 31, "spa": 31, "spd": 31, "spe": 31}, "item": "Leftovers", "teraType": "Water", "role": "Bulky Support", "bvs": {"hp": 80, "atk": 70, "def": 65, "spa": 80, "spd": 120, "spe": 100}, "stats": {"hp": 281, "atk": 172, "def": 163, "spa": 189, "spd": 259, "spe": 224}, "types": ["Ground", "Grass"]}, "Ninetales": {"name": "Ninetales", "species": "Ninetales", "speciesId": "ninetales", "gender": "F", "shiny": false, "level": 85, "moves": ["nastyplot", "fireblast", "scorchingsands", "solarbeam"], "ability": "Drought", "evs": {"hp": 85, "atk": 0, "def": 85, "spa": 85, "spd": 85, "spe": 85}, "ivs": {"hp": 31, "atk": 0, "def": 31, "spa": 31, "spd": 31, "spe": 31}, "item": "Heavy-Duty Boots", "teraType": "Fire", "role": "Setup Sweeper", "bvs": {"hp": 73, "atk": 76, "def": 75, "spa": 81, "spd": 100, "spe": 100}, "stats": {"hp": 263, "atk": 134, "def": 176, "spa": 186, "spd": 219, "spe": 219}, "types": ["Fire"]}, "Decidueye": {"name": "Decidueye", "species": "Decidueye", "speciesId": "decidueye", "gender": "F", "shiny": false, "level": 88, "moves": ["shadowsneak", "leafblade", "swordsdance", "poltergeist"], "ability": "Overgrow", "evs": {"hp": 85, "atk": 85, "def": 85, "spa": 85, "spd": 85, "spe": 85}, "ivs": {"hp": 31, "atk": 31, "def": 31, "spa": 31, "spd": 31, "spe": 31}, "item": "Life Orb", "teraType": "Ghost", "role": "Setup Sweeper", "bvs": {"hp": 78, "atk": 107, "def": 75, "spa": 100, "spd": 100, "spe": 70}, "stats": {"hp": 281, "atk": 239, "def": 182, "spa": 226, "spd": 226, "spe": 173}, "types": ["Grass", "Ghost"]}, "Ambipom": {"name": "Ambipom", "species": "Ambipom", "speciesId": "ambipom", "gender": "F", "shiny": false, "level": 84, "moves": ["uturn", "knockoff", "doubleedge", "fakeout"], "ability": "Technician", "evs": {"hp": 85, "atk": 85, "def": 85, "spa": 85, "spd": 85, "spe": 85}, "ivs": {"hp": 31, "atk": 31, "def": 31, "spa": 31, "spd": 31, "spe": 31}, "item": "Silk Scarf", "teraType": "Normal", "role": "Wallbreaker", "bvs": {"hp": 75, "atk": 100, "def": 66, "spa": 60, "spd": 66, "spe": 115}, "stats": {"hp": 263, "atk": 216, "def": 159, "spa": 149, "spd": 159, "spe": 241}, "types": ["Normal"]}, "Banette": {"name": "Banette", "species": "Banette", "speciesId": "banette", "gender": "F", "shiny": false, "level": 93, "moves": ["gunkshot", "swordsdance", "poltergeist", "shadowsneak"], "ability": "Insomnia", "evs": {"hp": 85, "atk": 85, "def": 85, "spa": 85, "spd": 85, "spe": 85}, "ivs": {"hp": 31, "atk": 31, "def": 31, "spa": 31, "spd": 31, "spe": 31}, "item": "Life Orb", "teraType": "Ghost", "role": "Wallbreaker", "bvs": {"hp": 64, "atk": 115, "def": 65, "spa": 83, "spd": 63, "spe": 65}, "stats": {"hp": 270, "atk": 267, "def": 174, "spa": 207, "spd": 170, "spe": 174}, "types": ["Ghost"]}}, {"Archaludon": {"name": "Archaludon", "species": "Archaludon", "speciesId": "archaludon", "gender": "F", "shiny": false, "level": 78, "moves": ["bodypress", "dracometeor", "thunderbolt", "flashcannon"], "ability": "Stamina", "evs": {"hp": 85, "atk": 0, "def": 85, "spa": 85, "spd": 85, "spe": 85}, "ivs": {"hp": 31, "atk": 0, "def": 31, "spa": 31, "spd": 31, "spe": 31}, "item": "Assault Vest", "teraType": "Fighting", "role": "Bulky Attacker", "bvs": {"hp": 90, "atk": 105, "def": 130, "spa": 125, "spd": 65, "spe": 85}, "stats": {"hp": 268, "atk": 168, "def": 248, "spa": 240, "spd": 146, "spe": 178}, "types": ["Steel", "Dragon"]}, "Carbink": {"name": "Carbink", "species": "Carbink", "speciesId": "carbink", "gender": "N", "shiny": false, "level": 90, "moves": ["rockpolish", "irondefense", "moonblast", "bodypress"], "ability": "Clear Body", "evs": {"hp": 85, "atk": 0, "def": 85, "spa": 85, "spd": 85, "spe": 85}, "ivs": {"hp": 31, "atk": 0, "def": 31, "spa": 31, "spd": 31, "spe": 31}, "item": "Leftovers", "teraType": "Fighting", "role": "Fast Bulky Setup", "bvs": {"hp": 50, "atk": 50, "def": 150, "spa": 50, "spd": 150, "spe": 50}, "stats": {"hp": 236, "atk": 95, "def": 321, "spa": 141, "spd": 321, "spe": 141}, "types": ["Rock", "Fairy"]}, "Spiritomb": {"name": "Spiritomb", "species": "Spiritomb", "speciesId": "spiritomb", "gender": "M", "shiny": false, "level": 89, "moves": ["foulplay", "suckerpunch", "poltergeist", "painsplit"], "ability": "Infiltrator", "evs": {"hp": 85, "atk": 85, "def": 85, "spa": 85, "spd": 85, "spe": 85}, "ivs": {"hp": 31, "atk": 31, "def": 31, "spa": 31, "spd": 31, "spe": 31}, "item": "Leftovers", "teraType": "Poison", "role": "Bulky Support", "bvs": {"hp": 50, "atk": 92, "def": 108, "spa": 92, "spd": 108, "spe": 35}, "stats": {"hp": 234, "atk": 215, "def": 243, "spa": 215, "spd": 243, "spe": 113}, "types": ["Ghost", "Dark"]}, "Primarina": {"name": "Primarina", "species": "Primarina", "speciesId": "primarina", "gender": "F", "shiny": false, "level": 83, "moves": ["calmmind", "drainingkiss", "psychic", "sparklingaria"], "ability": "Torrent", "evs": {"hp": 85, "atk": 0, "def": 85, "spa": 85, "spd": 85, "spe": 85}, "ivs": {"hp": 31, "atk": 0, "def": 31, "spa": 31, "spd": 31, "spe": 31}, "item": "Leftovers", "teraType": "Fairy", "role": "Bulky Attacker", "bvs": {"hp": 80, "atk": 74, "def": 74, "spa": 126, "spd": 116, "spe": 60}, "stats": {"hp": 268, "atk": 127, "def": 171, "spa": 257, "spd": 240, "spe": 147}, "types": ["Water", "Fairy"]}, "Misdreavus": {"name": "Misdreavus", "species": "Misdreavus", "speciesId": "misdreavus", "gender": "M", "shiny": false, "level": 90, "moves": ["willowisp", "shadowball", "calmmind", "drainingkiss"], "ability": "Levitate", "evs": {"hp": 85, "atk": 0, "def": 85, "spa": 85, "spd": 85, "spe": 85}, "ivs": {"hp": 31, "atk": 0, "def": 31, "spa": 31, "spd": 31, "spe": 31}, "item": "Eviolite", "teraType": "Fairy", "role": "Bulky Setup", "bvs": {"hp": 60, "atk": 60, "def": 60, "spa": 85, "spd": 85, "spe": 85}, "stats": {"hp": 254, "atk": 113, "def": 159, "spa": 204, "spd": 204, "spe": 204}, "types": ["Ghost"]}, "Amoonguss": {"name": "Amoonguss", "species": "Amoonguss", "speciesId": "amoonguss", "gender": "F", "shiny": false, "level": 82, "moves": ["gigadrain", "spore", "clearsmog", "sludgebomb"], "ability": "Regenerator", "evs": {"hp": 85, "atk": 0, "def": 85, "spa": 85, "spd": 85, "spe": 85}, "ivs": {"hp": 31, "atk": 0, "def": 31, "spa": 31, "spd": 31, "spe": 31}, "item": "Rocky Helmet", "teraType": "Water", "role": "Bulky Support", "bvs": {"hp": 114, "atk": 85, "def": 70, "spa": 85, "spd": 80, "spe": 30}, "stats": {"hp": 321, "atk": 144, "def": 162, "spa": 187, "spd": 178, "spe": 96}, "types": ["Grass", "Poison"]}}]}