{"id": "gen9randombattle-2641064890", "format": "[Gen 9] Random Battle", "players": ["LewisBavin", "Pablo Etabar"], "log": "|j|\u2606LewisBavin\n|j|\u2606Pablo Etabar\n|t:|1782735092\n|gametype|singles\n|player|p1|LewisBavin|169|1972\n|player|p2|Pablo Etabar|harlequin|1928\n|gen|9\n|tier|[Gen 9] Random Battle\n|rated|\n|rule|Species Clause: Limit one of each Pok\u00e9mon\n|rule|HP Percentage Mod: HP is shown in percentages\n|rule|Sleep Clause Mod: Limit one foe put to sleep\n|rule|Illusion Level Mod: Illusion disguises the Pok\u00e9mon's true level\n|\n|t:|1782735092\n|teamsize|p1|6\n|teamsize|p2|6\n|start\n|switch|p1a: Dragapult|Dragapult, L77, M|262/262\n|switch|p2a: Frosmoth|Frosmoth, L82, M|249/249\n|turn|1\n|inactive|Battle timer is ON: inactive players will automatically lose when time's up. (requested by Pablo Etabar)\n|inactive|LewisBavin also wants the timer to be on.\n|inactive|Pablo Etabar has 120 seconds left.\n|\n|t:|1782735138\n|move|p1a: Dragapult|U-turn|p2a: Frosmoth\n|-damage|p2a: Frosmoth|179/249\n|\n|t:|1782735146\n|switch|p1a: Gumshoos|Gumshoos, L95, M|321/321|[from] U-turn\n|move|p2a: Frosmoth|Quiver Dance|p2a: Frosmoth\n|-boost|p2a: Frosmoth|spa|1\n|-boost|p2a: Frosmoth|spd|1\n|-boost|p2a: Frosmoth|spe|1\n|\n|upkeep\n|turn|2\n|\n|t:|1782735155\n|switch|p2a: Toxapex|Toxapex, L82, M|216/216\n|move|p1a: Gumshoos|Double-Edge|p2a: Toxapex\n|-damage|p2a: Toxapex|0 fnt\n|-damage|p1a: Gumshoos|268/321|[from] item: Rocky Helmet|[of] p2a: Toxapex\n|faint|p2a: Toxapex\n|-damage|p1a: Gumshoos|197/321|[from] Recoil\n|\n|upkeep\n|c|\u2606LewisBavin|I would have just got some damage\n|c|\u2606LewisBavin|But ok\n|\n|t:|1782735183\n|switch|p2a: Politoed|Politoed, L88, F|302/302\n|-weather|RainDance|[from] ability: Drizzle|[of] p2a: Politoed\n|turn|3\n|\n|t:|1782735188\n|switch|p1a: Dragapult|Dragapult, L77, M|262/262\n|move|p2a: Politoed|Surf|p1a: Dragapult\n|-resisted|p1a: Dragapult\n|-damage|p1a: Dragapult|169/262\n|\n|-weather|RainDance|[upkeep]\n|upkeep\n|turn|4\n|\n|t:|1782735196\n|move|p1a: Dragapult|U-turn|p2a: Politoed\n|-damage|p2a: Politoed|249/302\n|\n|t:|1782735198\n|switch|p1a: Slowking|Slowking-Galar, L85, M|300/300|[from] U-turn\n|move|p2a: Politoed|Hypnosis|p1a: Slowking|[miss]\n|-miss|p2a: Politoed|p1a: Slowking\n|\n|-weather|RainDance|[upkeep]\n|upkeep\n|turn|5\n|\n|t:|1782735204\n|move|p2a: Politoed|Hypnosis|p1a: Slowking\n|-status|p1a: Slowking|slp|[from] move: Hypnosis\n|cant|p1a: Slowking|slp\n|\n|-weather|RainDance|[upkeep]\n|upkeep\n|turn|6\n|\n|t:|1782735211\n|move|p2a: Politoed|Surf|p1a: Slowking\n|-damage|p1a: Slowking|165/300 slp\n|-curestatus|p1a: Slowking|slp|[msg]\n|move|p1a: Slowking|Sludge Bomb|p2a: Politoed\n|-damage|p2a: Politoed|155/302\n|\n|-weather|RainDance|[upkeep]\n|-heal|p1a: Slowking|183/300|[from] item: Leftovers\n|upkeep\n|turn|7\n|\n|t:|1782735222\n|move|p2a: Politoed|Surf|p1a: Slowking\n|-damage|p1a: Slowking|57/300\n|move|p1a: Slowking|Slack Off|p1a: Slowking\n|-heal|p1a: Slowking|207/300\n|\n|-weather|none\n|-heal|p1a: Slowking|225/300|[from] item: Leftovers\n|upkeep\n|turn|8\n|\n|t:|1782735227\n|move|p2a: Politoed|Hypnosis|p1a: Slowking\n|-status|p1a: Slowking|slp|[from] move: Hypnosis\n|cant|p1a: Slowking|slp\n|\n|-heal|p1a: Slowking|243/300 slp|[from] item: Leftovers\n|upkeep\n|turn|9\n|\n|t:|1782735234\n|switch|p2a: Farigiraf|Farigiraf, L90, F|362/362\n|cant|p1a: Slowking|slp\n|\n|-heal|p1a: Slowking|261/300 slp|[from] item: Leftovers\n|upkeep\n|turn|10\n|\n|t:|1782735242\n|move|p2a: Farigiraf|Psychic Noise|p1a: Slowking\n|-damage|p1a: Slowking|171/300 slp\n|-start|p1a: Slowking|move: Heal Block\n|-curestatus|p1a: Slowking|slp|[msg]\n|move|p1a: Slowking|Sludge Bomb|p2a: Farigiraf\n|-damage|p2a: Farigiraf|250/362\n|\n|-heal|p2a: Farigiraf|272/362|[from] item: Leftovers\n|upkeep\n|turn|11\n|\n|t:|1782735254\n|move|p2a: Farigiraf|Psychic Noise|p1a: Slowking\n|-damage|p1a: Slowking|89/300\n|move|p1a: Slowking|Sludge Bomb|p2a: Farigiraf\n|-damage|p2a: Farigiraf|161/362\n|\n|-heal|p2a: Farigiraf|183/362|[from] item: Leftovers\n|-end|p1a: Slowking|move: Heal Block\n|upkeep\n|turn|12\n|inactive|Pablo Etabar has 120 seconds left.\n|\n|t:|1782735302\n|switch|p1a: Umbreon|Umbreon, L84, F|297/297\n|move|p2a: Farigiraf|Psychic Noise|p1a: Umbreon\n|-immune|p1a: Umbreon\n|\n|-heal|p2a: Farigiraf|205/362|[from] item: Leftovers\n|upkeep\n|turn|13\n|\n|t:|1782735307\n|move|p2a: Farigiraf|Body Slam|p1a: Umbreon\n|-damage|p1a: Umbreon|213/297\n|move|p1a: Umbreon|Toxic|p2a: Farigiraf|[miss]\n|-miss|p1a: Umbreon|p2a: Farigiraf\n|\n|-heal|p2a: Farigiraf|227/362|[from] item: Leftovers\n|-heal|p1a: Umbreon|231/297|[from] item: Leftovers\n|upkeep\n|turn|14\n|inactive|Pablo Etabar has 120 seconds left.\n|\n|t:|1782735314\n|switch|p2a: Grafaiai|Grafaiai, L86, F|249/249\n|move|p1a: Umbreon|Toxic|p2a: Grafaiai\n|-immune|p2a: Grafaiai\n|\n|-heal|p1a: Umbreon|249/297|[from] item: Leftovers\n|upkeep\n|turn|15\n|inactive|Pablo Etabar has 120 seconds left.\n|\n|t:|1782735328\n|move|p2a: Grafaiai|Swords Dance|p2a: Grafaiai\n|-boost|p2a: Grafaiai|atk|2\n|move|p1a: Umbreon|Foul Play|p2a: Grafaiai\n|-damage|p2a: Grafaiai|0 fnt\n|faint|p2a: Grafaiai\n|\n|-heal|p1a: Umbreon|267/297|[from] item: Leftovers\n|upkeep\n|inactive|Pablo Etabar has 120 seconds left.\n|inactive|Pablo Etabar has 90 seconds left.\n|l|\u2606Pablo Etabar\n|inactive|Pablo Etabar disconnected and has a minute to reconnect!\n|player|p2|\n|inactive|Pablo Etabar has 30 seconds to reconnect!\n|inactive|Pablo Etabar has 20 seconds to reconnect!\n|inactive|Pablo Etabar has 15 seconds to reconnect!\n|inactive|Pablo Etabar has 10 seconds to reconnect!\n|inactive|Pablo Etabar has 5 seconds to reconnect!\n|-message|Pablo Etabar lost due to inactivity.\n|\n|win|LewisBavin\n", "inputlog": ">version 3f8ef8cf60cebd2b18892af2794d10415e14a302\n>start {\"formatid\":\"gen9randombattle\",\"seed\":\"sodium,ba6a07389b70594bdc474e4548617f21\",\"rated\":\"Rated battle\"}\n>player p1 {\"name\":\"LewisBavin\",\"avatar\":\"169\",\"rating\":1972,\"seed\":\"sodium,46d91f7f6f26d20187568594218fa0a8\"}\n>player p2 {\"name\":\"Pablo Etabar\",\"avatar\":\"harlequin\",\"rating\":1928,\"seed\":\"sodium,36927dab9c401d10257d23e99de0e81d\"}\n>p1 move uturn\n>p2 move quiverdance\n>p1 switch 6\n>p1 move doubleedge\n>p2 switch 2\n>chat \u2606LewisBavin|I would have just got some damage\n>chat \u2606LewisBavin|But ok\n>p2 switch 5\n>p1 switch 6\n>p2 move surf\n>p1 move uturn\n>p2 move hypnosis\n>p1 switch 2\n>p1 move sludgebomb\n>p2 move hypnosis\n>p1 move sludgebomb\n>p2 move surf\n>p1 move slackoff\n>p2 move surf\n>p1 move sludgebomb\n>p2 move hypnosis\n>p1 move fireblast\n>p2 switch 3\n>p1 move sludgebomb\n>p2 move psychicnoise\n>p1 move sludgebomb\n>p2 move psychicnoise\n>p1 switch 5\n>p2 move psychicnoise\n>p1 move toxic\n>p2 move bodyslam\n>p1 move toxic\n>p2 switch 4\n>p1 move foulplay\n>p2 move swordsdance\n>forcelose p2", "uploadtime": 1782735093, "views": 4, "formatid": "gen9randombattle", "rating": null, "private": 0, "password": null, "player_dets": [{"name": "LewisBavin", "avatar": "169", "rating": 1972, "seed": "sodium,46d91f7f6f26d20187568594218fa0a8"}, {"name": "Pablo Etabar", "avatar": "harlequin", "rating": 1928, "seed": "sodium,36927dab9c401d10257d23e99de0e81d"}], "teams_full": [{"Dragapult": {"name": "Dragapult", "species": "Dragapult", "speciesId": "dragapult", "gender": "M", "shiny": false, "level": 77, "moves": ["hex", "dragondarts", "uturn", "willowisp"], "ability": "Cursed Body", "evs": {"hp": 85, "atk": 85, "def": 85, "spa": 85, "spd": 85, "spe": 85}, "ivs": {"hp": 31, "atk": 31, "def": 31, "spa": 31, "spd": 31, "spe": 31}, "item": "Heavy-Duty Boots", "teraType": "Dragon", "role": "Fast Support", "bvs": {"hp": 88, "atk": 120, "def": 75, "spa": 100, "spd": 75, "spe": 142}, "stats": {"hp": 262, "atk": 229, "def": 160, "spa": 199, "spd": 160, "spe": 263}, "types": ["Dragon", "Ghost"]}, "Slowking": {"name": "Slowking", "species": "Slowking-Galar", "speciesId": "slowkinggalar", "gender": "M", "shiny": false, "level": 85, "moves": ["slackoff", "psyshock", "sludgebomb", "fireblast"], "ability": "Regenerator", "evs": {"hp": 85, "atk": 0, "def": 85, "spa": 85, "spd": 85, "spe": 85}, "ivs": {"hp": 31, "atk": 0, "def": 31, "spa": 31, "spd": 31, "spe": 31}, "item": "Leftovers", "teraType": "Dark", "role": "Bulky Attacker", "bvs": {"hp": 95, "atk": 65, "def": 80, "spa": 110, "spd": 110, "spe": 30}, "stats": {"hp": 300, "atk": 115, "def": 185, "spa": 236, "spd": 236, "spe": 100}, "types": ["Poison", "Psychic"]}, "Conkeldurr": {"name": "Conkeldurr", "species": "Conkeldurr", "speciesId": "conkeldurr", "gender": "F", "shiny": false, "level": 80, "moves": ["facade", "closecombat", "knockoff", "machpunch"], "ability": "Guts", "evs": {"hp": 85, "atk": 85, "def": 85, "spa": 85, "spd": 85, "spe": 85}, "ivs": {"hp": 31, "atk": 31, "def": 31, "spa": 31, "spd": 31, "spe": 31}, "item": "Flame Orb", "teraType": "Normal", "role": "Wallbreaker", "bvs": {"hp": 105, "atk": 140, "def": 95, "spa": 55, "spd": 65, "spe": 45}, "stats": {"hp": 299, "atk": 270, "def": 198, "spa": 134, "spd": 150, "spe": 118}, "types": ["Fighting"]}, "Mimikyu": {"name": "Mimikyu", "species": "Mimikyu", "speciesId": "mimikyu", "gender": "M", "shiny": false, "level": 79, "moves": ["swordsdance", "playrough", "shadowsneak", "shadowclaw"], "ability": "Disguise", "evs": {"hp": 85, "atk": 85, "def": 85, "spa": 85, "spd": 85, "spe": 85}, "ivs": {"hp": 31, "atk": 31, "def": 31, "spa": 31, "spd": 31, "spe": 31}, "item": "Life Orb", "teraType": "Fairy", "role": "Fast Bulky Setup", "bvs": {"hp": 55, "atk": 90, "def": 80, "spa": 50, "spd": 105, "spe": 96}, "stats": {"hp": 216, "atk": 188, "def": 172, "spa": 125, "spd": 211, "spe": 197}, "types": ["Ghost", "Fairy"]}, "Umbreon": {"name": "Umbreon", "species": "Umbreon", "speciesId": "umbreon", "gender": "F", "shiny": false, "level": 84, "moves": ["toxic", "protect", "foulplay", "wish"], "ability": "Synchronize", "evs": {"hp": 85, "atk": 0, "def": 85, "spa": 85, "spd": 85, "spe": 85}, "ivs": {"hp": 31, "atk": 0, "def": 31, "spa": 31, "spd": 31, "spe": 31}, "item": "Leftovers", "teraType": "Poison", "role": "Bulky Support", "bvs": {"hp": 95, "atk": 65, "def": 110, "spa": 60, "spd": 130, "spe": 65}, "stats": {"hp": 297, "atk": 114, "def": 233, "spa": 149, "spd": 267, "spe": 157}, "types": ["Dark"]}, "Gumshoos": {"name": "Gumshoos", "species": "Gumshoos", "speciesId": "gumshoos", "gender": "M", "shiny": false, "level": 95, "moves": ["doubleedge", "earthquake", "knockoff", "uturn"], "ability": "Adaptability", "evs": {"hp": 85, "atk": 85, "def": 85, "spa": 85, "spd": 85, "spe": 85}, "ivs": {"hp": 31, "atk": 31, "def": 31, "spa": 31, "spd": 31, "spe": 31}, "item": "Choice Band", "teraType": "Ground", "role": "Fast Attacker", "bvs": {"hp": 88, "atk": 110, "def": 60, "spa": 55, "spd": 60, "spe": 45}, "stats": {"hp": 321, "atk": 263, "def": 168, "spa": 158, "spd": 168, "spe": 139}, "types": ["Normal"]}}, {"Frosmoth": {"name": "Frosmoth", "species": "Frosmoth", "speciesId": "frosmoth", "gender": "M", "shiny": false, "level": 82, "moves": ["hurricane", "gigadrain", "icebeam", "quiverdance"], "ability": "Ice Scales", "evs": {"hp": 85, "atk": 0, "def": 85, "spa": 85, "spd": 85, "spe": 85}, "ivs": {"hp": 31, "atk": 0, "def": 31, "spa": 31, "spd": 31, "spe": 31}, "item": "Heavy-Duty Boots", "teraType": "Water", "role": "Setup Sweeper", "bvs": {"hp": 70, "atk": 65, "def": 60, "spa": 125, "spd": 90, "spe": 65}, "stats": {"hp": 249, "atk": 111, "def": 146, "spa": 252, "spd": 195, "spe": 154}, "types": ["Ice", "Bug"]}, "Toxapex": {"name": "Toxapex", "species": "Toxapex", "speciesId": "toxapex", "gender": "M", "shiny": false, "level": 82, "moves": ["haze", "toxicspikes", "recover", "liquidation"], "ability": "Regenerator", "evs": {"hp": 85, "atk": 85, "def": 85, "spa": 85, "spd": 85, "spe": 85}, "ivs": {"hp": 31, "atk": 31, "def": 31, "spa": 31, "spd": 31, "spe": 31}, "item": "Rocky Helmet", "teraType": "Grass", "role": "Bulky Support", "bvs": {"hp": 50, "atk": 63, "def": 152, "spa": 53, "spd": 142, "spe": 35}, "stats": {"hp": 216, "atk": 150, "def": 296, "spa": 134, "spd": 280, "spe": 105}, "types": ["Poison", "Water"]}, "Farigiraf": {"name": "Farigiraf", "species": "Farigiraf", "speciesId": "farigiraf", "gender": "F", "shiny": false, "level": 90, "moves": ["wish", "bodyslam", "psychicnoise", "protect"], "ability": "Sap Sipper", "evs": {"hp": 85, "atk": 85, "def": 85, "spa": 85, "spd": 85, "spe": 85}, "ivs": {"hp": 31, "atk": 31, "def": 31, "spa": 31, "spd": 31, "spe": 31}, "item": "Leftovers", "teraType": "Ground", "role": "Bulky Support", "bvs": {"hp": 120, "atk": 90, "def": 70, "spa": 110, "spd": 70, "spe": 60}, "stats": {"hp": 362, "atk": 213, "def": 177, "spa": 249, "spd": 177, "spe": 159}, "types": ["Normal", "Psychic"]}, "Grafaiai": {"name": "Grafaiai", "species": "Grafaiai", "speciesId": "grafaiai", "gender": "F", "shiny": false, "level": 86, "moves": ["swordsdance", "knockoff", "gunkshot", "lowkick"], "ability": "Poison Touch", "evs": {"hp": 85, "atk": 85, "def": 85, "spa": 85, "spd": 85, "spe": 85}, "ivs": {"hp": 31, "atk": 31, "def": 31, "spa": 31, "spd": 31, "spe": 31}, "item": "Life Orb", "teraType": "Dark", "role": "Setup Sweeper", "bvs": {"hp": 63, "atk": 95, "def": 65, "spa": 80, "spd": 72, "spe": 110}, "stats": {"hp": 249, "atk": 213, "def": 161, "spa": 187, "spd": 173, "spe": 238}, "types": ["Poison", "Normal"]}, "Politoed": {"name": "Politoed", "species": "Politoed", "speciesId": "politoed", "gender": "F", "shiny": false, "level": 88, "moves": ["surf", "icebeam", "hypnosis", "rest"], "ability": "Drizzle", "evs": {"hp": 85, "atk": 0, "def": 85, "spa": 85, "spd": 85, "spe": 85}, "ivs": {"hp": 31, "atk": 0, "def": 31, "spa": 31, "spd": 31, "spe": 31}, "item": "Chesto Berry", "teraType": "Water", "role": "Bulky Attacker", "bvs": {"hp": 90, "atk": 75, "def": 75, "spa": 90, "spd": 100, "spe": 70}, "stats": {"hp": 302, "atk": 137, "def": 182, "spa": 209, "spd": 226, "spe": 173}, "types": ["Water"]}, "Haxorus": {"name": "Haxorus", "species": "Haxorus", "speciesId": "haxorus", "gender": "F", "shiny": false, "level": 77, "moves": ["swordsdance", "ironhead", "earthquake", "scaleshot"], "ability": "Mold Breaker", "evs": {"hp": 85, "atk": 85, "def": 85, "spa": 85, "spd": 85, "spe": 85}, "ivs": {"hp": 31, "atk": 31, "def": 31, "spa": 31, "spd": 31, "spe": 31}, "item": "Loaded Dice", "teraType": "Steel", "role": "Fast Bulky Setup", "bvs": {"hp": 76, "atk": 147, "def": 90, "spa": 60, "spd": 70, "spe": 97}, "stats": {"hp": 244, "atk": 271, "def": 183, "spa": 137, "spd": 152, "spe": 194}, "types": ["Dragon"]}}]}