{"id": "gen9randombattle-2641561952", "format": "[Gen 9] Random Battle", "players": ["testbotcif", "Mr Trollmano"], "log": "|j|\u2606testbotcif\n|j|\u2606Mr Trollmano\n|t:|1782808496\n|gametype|singles\n|player|p1|testbotcif|266|1183\n|player|p2|Mr Trollmano|170|1209\n|gen|9\n|tier|[Gen 9] Random Battle\n|rated|\n|rule|Species Clause: Limit one of each Pok\u00e9mon\n|rule|HP Percentage Mod: HP is shown in percentages\n|rule|Sleep Clause Mod: Limit one foe put to sleep\n|rule|Illusion Level Mod: Illusion disguises the Pok\u00e9mon's true level\n|\n|t:|1782808496\n|teamsize|p1|6\n|teamsize|p2|6\n|start\n|switch|p1a: Altaria|Altaria, L89, F|278/278\n|switch|p2a: Delphox|Delphox, L84, F|263/263\n|turn|1\n|inactive|Battle timer is ON: inactive players will automatically lose when time's up. (requested by testbotcif)\n|c|\u2606testbotcif|rlhf\n|\n|t:|1782808506\n|switch|p2a: Klawf|Klawf, L90, M|272/272\n|move|p1a: Altaria|Brave Bird|p2a: Klawf\n|-resisted|p2a: Klawf\n|-damage|p2a: Klawf|230/272\n|-damage|p1a: Altaria|264/278|[from] Recoil\n|\n|upkeep\n|turn|2\n|\n|t:|1782808509\n|switch|p1a: Mabosstiff|Mabosstiff, L86, M|278/278\n|move|p2a: Klawf|Stone Edge|p1a: Mabosstiff|[miss]\n|-miss|p2a: Klawf|p1a: Mabosstiff\n|\n|upkeep\n|turn|3\n|\n|t:|1782808518\n|move|p1a: Mabosstiff|Crunch|p2a: Klawf\n|-damage|p2a: Klawf|155/272\n|-unboost|p2a: Klawf|def|1\n|move|p2a: Klawf|Swords Dance|p2a: Klawf\n|-boost|p2a: Klawf|atk|2\n|\n|upkeep\n|turn|4\n|\n|t:|1782808526\n|move|p1a: Mabosstiff|Crunch|p2a: Klawf\n|-damage|p2a: Klawf|44/272\n|-ability|p2a: Klawf|Anger Shell|boost\n|-boost|p2a: Klawf|atk|1\n|-boost|p2a: Klawf|spa|1\n|-boost|p2a: Klawf|spe|1\n|-unboost|p2a: Klawf|def|1\n|-unboost|p2a: Klawf|spd|1\n|move|p2a: Klawf|Stone Edge|p1a: Mabosstiff\n|-damage|p1a: Mabosstiff|0 fnt\n|faint|p1a: Mabosstiff\n|\n|upkeep\n|\n|t:|1782808526\n|switch|p1a: Weezing|Weezing, L88, F|258/258\n|turn|5\n|\n|t:|1782808538\n|move|p2a: Klawf|Knock Off|p1a: Weezing\n|-crit|p1a: Weezing\n|-damage|p1a: Weezing|35/258\n|-enditem|p1a: Weezing|Leftovers|[from] move: Knock Off|[of] p2a: Klawf\n|move|p1a: Weezing|Fire Blast|p2a: Klawf\n|-resisted|p2a: Klawf\n|-damage|p2a: Klawf|0 fnt\n|faint|p2a: Klawf\n|\n|upkeep\n|\n|t:|1782808546\n|switch|p2a: Delphox|Delphox, L84, F|263/263\n|turn|6\n|\n|t:|1782808549\n|move|p2a: Delphox|Psyshock|p1a: Weezing\n|-supereffective|p1a: Weezing\n|-damage|p1a: Weezing|0 fnt\n|faint|p1a: Weezing\n|\n|upkeep\n|\n|t:|1782808549\n|switch|p1a: Delphox|Delphox, L84, F|263/263\n|turn|7\n|\n|t:|1782808555\n|move|p2a: Delphox|Psyshock|p1a: Delphox\n|-resisted|p1a: Delphox\n|-damage|p1a: Delphox|203/263\n|move|p1a: Delphox|Fire Blast|p2a: Delphox\n|-resisted|p2a: Delphox\n|-damage|p2a: Delphox|168/263\n|\n|upkeep\n|turn|8\n|\n|t:|1782808562\n|move|p2a: Delphox|Psyshock|p1a: Delphox\n|-resisted|p1a: Delphox\n|-damage|p1a: Delphox|149/263\n|move|p1a: Delphox|Fire Blast|p2a: Delphox\n|-resisted|p2a: Delphox\n|-damage|p2a: Delphox|83/263\n|\n|upkeep\n|turn|9\n|\n|t:|1782808568\n|switch|p2a: Basculin|Basculin-Blue-Striped, L86, M|261/261\n|move|p1a: Delphox|Fire Blast|p2a: Basculin\n|-resisted|p2a: Basculin\n|-damage|p2a: Basculin|123/261\n|\n|upkeep\n|turn|10\n|\n|t:|1782808576\n|switch|p1a: Altaria|Altaria, L89, F|264/278\n|move|p2a: Basculin|Aqua Jet|p1a: Altaria\n|-resisted|p1a: Altaria\n|-damage|p1a: Altaria|225/278\n|\n|upkeep\n|turn|11\n|\n|t:|1782808581\n|switch|p2a: Goodra|Goodra-Hisui, L82, F|265/265\n|move|p1a: Altaria|Brave Bird|p2a: Goodra\n|-resisted|p2a: Goodra\n|-damage|p2a: Goodra|211/265\n|-damage|p1a: Altaria|207/278|[from] Recoil\n|\n|upkeep\n|turn|12\n|\n|t:|1782808587\n|switch|p1a: Volcarona|Volcarona, L77, F|257/257\n|move|p2a: Goodra|Draco Meteor|p1a: Volcarona\n|-damage|p1a: Volcarona|116/257\n|-unboost|p2a: Goodra|spa|2\n|\n|upkeep\n|turn|13\n|\n|t:|1782808593\n|move|p1a: Volcarona|Quiver Dance|p1a: Volcarona\n|-boost|p1a: Volcarona|spa|1\n|-boost|p1a: Volcarona|spd|1\n|-boost|p1a: Volcarona|spe|1\n|move|p2a: Goodra|Earthquake|p1a: Volcarona\n|-damage|p1a: Volcarona|26/257\n|\n|upkeep\n|turn|14\n|\n|t:|1782808595\n|move|p1a: Volcarona|Fire Blast|p2a: Goodra\n|-damage|p2a: Goodra|126/265\n|move|p2a: Goodra|Earthquake|p1a: Volcarona\n|-damage|p1a: Volcarona|0 fnt\n|faint|p1a: Volcarona\n|\n|upkeep\n|\n|t:|1782808595\n|switch|p1a: Delphox|Delphox, L84, F|149/263\n|turn|15\n|\n|t:|1782808598\n|move|p1a: Delphox|Fire Blast|p2a: Goodra|[miss]\n|-miss|p1a: Delphox|p2a: Goodra\n|move|p2a: Goodra|Earthquake|p1a: Delphox\n|-supereffective|p1a: Delphox\n|-damage|p1a: Delphox|0 fnt\n|faint|p1a: Delphox\n|\n|upkeep\n|\n|t:|1782808598\n|switch|p1a: Blissey|Blissey, L85, F|572/572\n|turn|16\n|\n|t:|1782808601\n|move|p2a: Goodra|Heavy Slam|p1a: Blissey\n|-damage|p1a: Blissey|223/572\n|move|p1a: Blissey|Seismic Toss|p2a: Goodra\n|-damage|p2a: Goodra|41/265\n|\n|-heal|p1a: Blissey|258/572|[from] item: Leftovers\n|upkeep\n|turn|17\n|\n|t:|1782808606\n|move|p2a: Goodra|Heavy Slam|p1a: Blissey\n|-damage|p1a: Blissey|0 fnt\n|faint|p1a: Blissey\n|\n|upkeep\n|\n|t:|1782808606\n|switch|p1a: Altaria|Altaria, L89, F|207/278\n|turn|18\n|\n|t:|1782808609\n|move|p1a: Altaria|Roost|p1a: Altaria\n|-heal|p1a: Altaria|278/278\n|-singleturn|p1a: Altaria|move: Roost\n|move|p2a: Goodra|Draco Meteor|p1a: Altaria\n|-supereffective|p1a: Altaria\n|-damage|p1a: Altaria|158/278\n|-unboost|p2a: Goodra|spa|2\n|\n|upkeep\n|turn|19\n|\n|t:|1782808615\n|switch|p2a: Delphox|Delphox, L84, F|83/263\n|move|p1a: Altaria|Roost|p1a: Altaria\n|-heal|p1a: Altaria|278/278\n|-singleturn|p1a: Altaria|move: Roost\n|\n|upkeep\n|turn|20\n|\n|t:|1782808622\n|-terastallize|p1a: Altaria|Steel\n|move|p2a: Delphox|Psyshock|p1a: Altaria\n|-resisted|p1a: Altaria\n|-damage|p1a: Altaria|236/278\n|move|p1a: Altaria|Brave Bird|p2a: Delphox\n|-damage|p2a: Delphox|0 fnt\n|faint|p2a: Delphox\n|-damage|p1a: Altaria|209/278|[from] Recoil\n|\n|upkeep\n|\n|t:|1782808627\n|switch|p2a: Basculin|Basculin-Blue-Striped, L86, M|123/261\n|turn|21\n|\n|t:|1782808630\n|move|p2a: Basculin|Wave Crash|p1a: Altaria\n|-damage|p1a: Altaria|0 fnt\n|faint|p1a: Altaria\n|-damage|p2a: Basculin|54/261|[from] Recoil\n|\n|win|Mr Trollmano\n|raw|testbotcif's rating: 1183 &rarr; <strong>1160</strong><br />(-23 for losing)\n|raw|Mr Trollmano's rating: 1209 &rarr; <strong>1232</strong><br />(+23 for winning)\n", "inputlog": ">version f8ac14003a5f27e1bdc8d8c59608a773c1cb96e5\n>start {\"formatid\":\"gen9randombattle\",\"seed\":\"sodium,1ef1602d78629f70afa083e8032fba41\",\"rated\":\"Rated battle\"}\n>player p1 {\"name\":\"testbotcif\",\"avatar\":\"266\",\"rating\":1183,\"seed\":\"sodium,a4095f8e42075d5c557809392fc0874c\"}\n>player p2 {\"name\":\"Mr Trollmano\",\"avatar\":\"170\",\"rating\":1209,\"seed\":\"sodium,289a6e80460d9077fe55f0588007b1f5\"}\n>chat \u2606testbotcif|rlhf\n>p1 move bravebird\n>p2 switch 4\n>p1 switch 4\n>p2 move stoneedge\n>p1 move crunch\n>p2 move swordsdance\n>p1 move crunch\n>p2 move stoneedge\n>p1 switch 3\n>p1 move fireblast\n>p2 move knockoff\n>p2 switch 4\n>p1 move gunkshot\n>p2 move psyshock\n>p1 switch 2\n>p1 move fireblast\n>p2 move psyshock\n>p1 move fireblast\n>p2 move psyshock\n>p1 move fireblast\n>p2 switch 5\n>p1 switch 4\n>p2 move aquajet\n>p1 move bravebird\n>p2 switch 2\n>p1 switch 5\n>p2 move dracometeor\n>p1 move quiverdance\n>p2 move earthquake\n>p1 move fireblast\n>p2 move earthquake\n>p1 switch 4\n>p1 move fireblast\n>p2 move earthquake\n>p1 switch 6\n>p1 move seismictoss\n>p2 move heavyslam\n>p1 move softboiled\n>p2 move heavyslam\n>p1 switch 5\n>p1 move roost\n>p2 move dracometeor\n>p1 move roost\n>p2 switch 5\n>p1 move bravebird terastallize\n>p2 move psyshock\n>p2 switch 2\n>p1 move roost\n>p2 move wavecrash", "uploadtime": 1782808631, "views": 6, "formatid": "gen9randombattle", "rating": 1160, "private": 0, "password": null, "player_dets": [{"name": "testbotcif", "avatar": "266", "rating": 1183, "seed": "sodium,a4095f8e42075d5c557809392fc0874c"}, {"name": "Mr Trollmano", "avatar": "170", "rating": 1209, "seed": "sodium,289a6e80460d9077fe55f0588007b1f5"}], "teams_full": [{"Altaria": {"name": "Altaria", "species": "Altaria", "speciesId": "altaria", "gender": "F", "shiny": false, "level": 89, "moves": ["bravebird", "defog", "roost", "willowisp"], "ability": "Natural Cure", "evs": {"hp": 85, "atk": 85, "def": 85, "spa": 85, "spd": 85, "spe": 85}, "ivs": {"hp": 31, "atk": 31, "def": 31, "spa": 31, "spd": 31, "spe": 31}, "item": "Heavy-Duty Boots", "teraType": "Steel", "role": "Bulky Support", "bvs": {"hp": 75, "atk": 70, "def": 90, "spa": 70, "spd": 105, "spe": 80}, "stats": {"hp": 278, "atk": 175, "def": 211, "spa": 175, "spd": 238, "spe": 193}, "types": ["Dragon", "Flying"]}, "Delphox": {"name": "Delphox", "species": "Delphox", "speciesId": "delphox", "gender": "F", "shiny": false, "level": 84, "moves": ["focusblast", "fireblast", "grassknot", "psyshock"], "ability": "Blaze", "evs": {"hp": 85, "atk": 0, "def": 85, "spa": 85, "spd": 85, "spe": 85}, "ivs": {"hp": 31, "atk": 0, "def": 31, "spa": 31, "spd": 31, "spe": 31}, "item": "Choice Specs", "teraType": "Grass", "role": "Fast Attacker", "bvs": {"hp": 75, "atk": 69, "def": 72, "spa": 114, "spd": 100, "spe": 104}, "stats": {"hp": 263, "atk": 120, "def": 169, "spa": 240, "spd": 216, "spe": 223}, "types": ["Fire", "Psychic"]}, "Weezing": {"name": "Weezing", "species": "Weezing", "speciesId": "weezing", "gender": "F", "shiny": false, "level": 88, "moves": ["fireblast", "gunkshot", "painsplit", "willowisp"], "ability": "Levitate", "evs": {"hp": 85, "atk": 85, "def": 85, "spa": 85, "spd": 85, "spe": 85}, "ivs": {"hp": 31, "atk": 31, "def": 31, "spa": 31, "spd": 31, "spe": 31}, "item": "Leftovers", "teraType": "Steel", "role": "Bulky Attacker", "bvs": {"hp": 65, "atk": 90, "def": 120, "spa": 85, "spd": 70, "spe": 60}, "stats": {"hp": 258, "atk": 209, "def": 261, "spa": 200, "spd": 173, "spe": 156}, "types": ["Poison"]}, "Mabosstiff": {"name": "Mabosstiff", "species": "Mabosstiff", "speciesId": "mabosstiff", "gender": "M", "shiny": false, "level": 86, "moves": ["psychicfangs", "crunch", "wildcharge", "playrough"], "ability": "Stakeout", "evs": {"hp": 85, "atk": 85, "def": 85, "spa": 85, "spd": 85, "spe": 85}, "ivs": {"hp": 31, "atk": 31, "def": 31, "spa": 31, "spd": 31, "spe": 31}, "item": "Choice Scarf", "teraType": "Fairy", "role": "Bulky Attacker", "bvs": {"hp": 80, "atk": 120, "def": 90, "spa": 60, "spd": 70, "spe": 85}, "stats": {"hp": 278, "atk": 256, "def": 204, "spa": 152, "spd": 170, "spe": 195}, "types": ["Dark"]}, "Volcarona": {"name": "Volcarona", "species": "Volcarona", "speciesId": "volcarona", "gender": "F", "shiny": false, "level": 77, "moves": ["terablast", "quiverdance", "bugbuzz", "fireblast"], "ability": "Flame Body", "evs": {"hp": 85, "atk": 0, "def": 85, "spa": 85, "spd": 85, "spe": 85}, "ivs": {"hp": 31, "atk": 0, "def": 31, "spa": 31, "spd": 31, "spe": 31}, "item": "Heavy-Duty Boots", "teraType": "Water", "role": "Tera Blast user", "bvs": {"hp": 85, "atk": 60, "def": 65, "spa": 135, "spd": 105, "spe": 100}, "stats": {"hp": 257, "atk": 97, "def": 145, "spa": 252, "spd": 206, "spe": 199}, "types": ["Bug", "Fire"]}, "Blissey": {"name": "Blissey", "species": "Blissey", "speciesId": "blissey", "gender": "F", "shiny": false, "level": 85, "moves": ["healbell", "seismictoss", "thunderwave", "softboiled"], "ability": "Natural Cure", "evs": {"hp": 85, "atk": 0, "def": 85, "spa": 85, "spd": 85, "spe": 85}, "ivs": {"hp": 31, "atk": 0, "def": 31, "spa": 31, "spd": 31, "spe": 31}, "item": "Leftovers", "teraType": "Dark", "role": "Bulky Support", "bvs": {"hp": 255, "atk": 10, "def": 10, "spa": 75, "spd": 135, "spe": 55}, "stats": {"hp": 572, "atk": 22, "def": 66, "spa": 176, "spd": 278, "spe": 142}, "types": ["Normal"]}}, {"Delphox": {"name": "Delphox", "species": "Delphox", "speciesId": "delphox", "gender": "F", "shiny": false, "level": 84, "moves": ["psyshock", "focusblast", "grassknot", "fireblast"], "ability": "Blaze", "evs": {"hp": 85, "atk": 0, "def": 85, "spa": 85, "spd": 85, "spe": 85}, "ivs": {"hp": 31, "atk": 0, "def": 31, "spa": 31, "spd": 31, "spe": 31}, "item": "Choice Scarf", "teraType": "Fire", "role": "Fast Attacker", "bvs": {"hp": 75, "atk": 69, "def": 72, "spa": 114, "spd": 100, "spe": 104}, "stats": {"hp": 263, "atk": 120, "def": 169, "spa": 240, "spd": 216, "spe": 223}, "types": ["Fire", "Psychic"]}, "Goodra": {"name": "Goodra", "species": "Goodra-Hisui", "speciesId": "goodrahisui", "gender": "F", "shiny": false, "level": 82, "moves": ["hydropump", "dracometeor", "earthquake", "heavyslam"], "ability": "Sap Sipper", "evs": {"hp": 85, "atk": 85, "def": 85, "spa": 85, "spd": 85, "spe": 85}, "ivs": {"hp": 31, "atk": 31, "def": 31, "spa": 31, "spd": 31, "spe": 31}, "item": "Assault Vest", "teraType": "Water", "role": "AV Pivot", "bvs": {"hp": 80, "atk": 100, "def": 100, "spa": 110, "spd": 150, "spe": 60}, "stats": {"hp": 265, "atk": 211, "def": 211, "spa": 228, "spd": 293, "spe": 146}, "types": ["Steel", "Dragon"]}, "Azelf": {"name": "Azelf", "species": "Azelf", "speciesId": "azelf", "gender": "N", "shiny": false, "level": 82, "moves": ["taunt", "fireblast", "knockoff", "psychic"], "ability": "Levitate", "evs": {"hp": 85, "atk": 85, "def": 85, "spa": 85, "spd": 85, "spe": 85}, "ivs": {"hp": 31, "atk": 31, "def": 31, "spa": 31, "spd": 31, "spe": 31}, "item": "Life Orb", "teraType": "Dark", "role": "Fast Support", "bvs": {"hp": 75, "atk": 125, "def": 70, "spa": 125, "spd": 70, "spe": 115}, "stats": {"hp": 257, "atk": 252, "def": 162, "spa": 252, "spd": 162, "spe": 236}, "types": ["Psychic"]}, "Klawf": {"name": "Klawf", "species": "Klawf", "speciesId": "klawf", "gender": "M", "shiny": false, "level": 90, "moves": ["swordsdance", "knockoff", "highhorsepower", "stoneedge"], "ability": "Anger Shell", "evs": {"hp": 85, "atk": 85, "def": 85, "spa": 85, "spd": 85, "spe": 85}, "ivs": {"hp": 31, "atk": 31, "def": 31, "spa": 31, "spd": 31, "spe": 31}, "item": "Scope Lens", "teraType": "Ground", "role": "Setup Sweeper", "bvs": {"hp": 70, "atk": 100, "def": 115, "spa": 35, "spd": 55, "spe": 75}, "stats": {"hp": 272, "atk": 231, "def": 258, "spa": 114, "spd": 150, "spe": 186}, "types": ["Rock"]}, "Basculin": {"name": "Basculin", "species": "Basculin-Blue-Striped", "speciesId": "basculin", "gender": "M", "shiny": false, "level": 86, "moves": ["aquajet", "doubleedge", "flipturn", "wavecrash"], "ability": "Adaptability", "evs": {"hp": 85, "atk": 85, "def": 85, "spa": 85, "spd": 85, "spe": 85}, "ivs": {"hp": 31, "atk": 31, "def": 31, "spa": 31, "spd": 31, "spe": 31}, "item": "Choice Band", "teraType": "Water", "role": "Wallbreaker", "bvs": {"hp": 70, "atk": 92, "def": 65, "spa": 80, "spd": 55, "spe": 98}, "stats": {"hp": 261, "atk": 207, "def": 161, "spa": 187, "spd": 144, "spe": 218}, "types": ["Water"]}, "Polteageist": {"name": "Polteageist", "species": "Polteageist-Antique", "speciesId": "polteageist", "gender": "N", "shiny": false, "level": 78, "moves": ["strengthsap", "shadowball", "shellsmash", "storedpower"], "ability": "Cursed Body", "evs": {"hp": 85, "atk": 0, "def": 85, "spa": 85, "spd": 85, "spe": 85}, "ivs": {"hp": 31, "atk": 0, "def": 31, "spa": 31, "spd": 31, "spe": 31}, "item": "White Herb", "teraType": "Psychic", "role": "Setup Sweeper", "bvs": {"hp": 60, "atk": 65, "def": 65, "spa": 134, "spd": 114, "spe": 70}, "stats": {"hp": 222, "atk": 106, "def": 146, "spa": 254, "spd": 223, "spe": 154}, "types": ["Ghost"]}}]}