{"id": "gen9randombattle-2641153246", "format": "[Gen 9] Random Battle", "players": ["velvet", "hot meat"], "log": "|badge|p1|silver|gen9randombattle|30-9\n|html|<div class=\"broadcast-red\"><strong>This battle is required to be public due to one or more player having a season medal.</strong><br />During the public phase, you can discuss the state of the ladder <a href=\"/seasondiscussion\">in a special chatroom.</a></div>\n|uhtml|medal-msg|<div class=\"broadcast-blue\">Curious what those medals under the avatar are? PS now has Ladder Seasons! For more information, check out the <a href=\"https://www.smogon.com/forums/threads/3740067/\">thread on Smogon.</a></div>\n|badge|p2|bronze|gen9randombattle|100-9\n|uhtml|medal-msg|<div class=\"broadcast-blue\">Curious what those medals under the avatar are? PS now has Ladder Seasons! For more information, check out the <a href=\"https://www.smogon.com/forums/threads/3740067/\">thread on Smogon.</a></div>\n|raw|<div class=\"broadcast-blue\"><strong>This battle is required to be public due to a player having a name starting with 'medal'.</div>\n|j|\u2606velvet\n|j|\u2606hot meat\n|t:|1782747082\n|gametype|singles\n|player|p1|velvet|winona-gen3|2401\n|player|p2|hot meat|266|2357\n|gen|9\n|tier|[Gen 9] Random Battle\n|rated|\n|rule|Species Clause: Limit one of each Pok\u00e9mon\n|rule|HP Percentage Mod: HP is shown in percentages\n|rule|Sleep Clause Mod: Limit one foe put to sleep\n|rule|Illusion Level Mod: Illusion disguises the Pok\u00e9mon's true level\n|\n|t:|1782747082\n|teamsize|p1|6\n|teamsize|p2|6\n|start\n|switch|p1a: Reshiram|Reshiram, L76|277/277\n|switch|p2a: Araquanid|Araquanid, L82, F|246/246\n|-ability|p1a: Reshiram|Turboblaze\n|turn|1\n|\n|t:|1782747104\n|switch|p1a: Zapdos|Zapdos-Galar, L77|265/265\n|move|p2a: Araquanid|Liquidation|p1a: Zapdos\n|-damage|p1a: Zapdos|120/265\n|-unboost|p1a: Zapdos|def|1\n|-ability|p1a: Zapdos|Defiant|boost\n|-boost|p1a: Zapdos|atk|2\n|\n|upkeep\n|turn|2\n|inactive|Battle timer is ON: inactive players will automatically lose when time's up. (requested by velvet)\n|\n|t:|1782747126\n|switch|p2a: Empoleon|Empoleon, L84, F|278/278\n|move|p1a: Zapdos|Brave Bird|p2a: Empoleon\n|-resisted|p2a: Empoleon\n|-damage|p2a: Empoleon|92/278\n|-damage|p1a: Zapdos|59/265|[from] Recoil\n|\n|-heal|p2a: Empoleon|109/278|[from] item: Leftovers\n|upkeep\n|turn|3\n|\n|t:|1782747135\n|move|p1a: Zapdos|Brave Bird|p2a: Empoleon\n|-resisted|p2a: Empoleon\n|-damage|p2a: Empoleon|0 fnt\n|faint|p2a: Empoleon\n|-damage|p1a: Zapdos|23/265|[from] Recoil\n|\n|upkeep\n|\n|t:|1782747146\n|switch|p2a: Magearna|Magearna, L77|250/250\n|turn|4\n|\n|t:|1782747148\n|move|p1a: Zapdos|Brave Bird|p2a: Magearna\n|-resisted|p2a: Magearna\n|-damage|p2a: Magearna|88/250\n|-damage|p1a: Zapdos|0 fnt|[from] Recoil\n|faint|p1a: Zapdos\n|-ability|p2a: Magearna|Soul-Heart|boost\n|-boost|p2a: Magearna|spa|1\n|move|p2a: Magearna|Shift Gear|p2a: Magearna\n|-boost|p2a: Magearna|spe|2\n|-boost|p2a: Magearna|atk|1\n|\n|upkeep\n|\n|t:|1782747155\n|switch|p1a: Luxray|Luxray, L88, F|284/284\n|-ability|p1a: Luxray|Intimidate|boost\n|-unboost|p2a: Magearna|atk|1\n|turn|5\n|\n|t:|1782747173\n|-terastallize|p2a: Magearna|Ground\n|move|p2a: Magearna|Tera Blast|p1a: Luxray|[anim] Tera Blast Ground\n|-supereffective|p1a: Luxray\n|-damage|p1a: Luxray|98/284\n|move|p1a: Luxray|Wild Charge|p2a: Magearna\n|-immune|p2a: Magearna\n|\n|upkeep\n|turn|6\n|\n|t:|1782747185\n|switch|p1a: Exeggutor|Exeggutor-Alola, L89, M|314/314\n|-item|p2a: Magearna|Weakness Policy|[from] ability: Frisk|[of] p1a: Exeggutor\n|move|p2a: Magearna|Fleur Cannon|p1a: Exeggutor\n|-supereffective|p1a: Exeggutor\n|-damage|p1a: Exeggutor|0 fnt\n|-unboost|p2a: Magearna|spa|2\n|faint|p1a: Exeggutor\n|-ability|p2a: Magearna|Soul-Heart|boost\n|-boost|p2a: Magearna|spa|1\n|\n|upkeep\n|\n|t:|1782747195\n|switch|p1a: Calyrex|Calyrex-Ice, L72|263/263\n|-ability|p1a: Calyrex|As One\n|-ability|p1a: Calyrex|Unnerve\n|turn|7\n|\n|t:|1782747209\n|move|p2a: Magearna|Fleur Cannon|p1a: Calyrex\n|-damage|p1a: Calyrex|128/263\n|-unboost|p2a: Magearna|spa|2\n|move|p1a: Calyrex|Glacial Lance|p2a: Magearna\n|-supereffective|p2a: Magearna\n|-damage|p2a: Magearna|0 fnt\n|faint|p2a: Magearna\n|-ability|p1a: Calyrex|Chilling Neigh|boost\n|-boost|p1a: Calyrex|atk|1\n|\n|upkeep\n|j| 10th_phoenix\n|\n|t:|1782747225\n|switch|p2a: Typhlosion|Typhlosion, L84, F|267/267\n|turn|8\n|\n|t:|1782747229\n|switch|p1a: Luxray|Luxray, L88, F|98/284\n|-ability|p1a: Luxray|Intimidate|boost\n|-unboost|p2a: Typhlosion|atk|1\n|move|p2a: Typhlosion|Eruption|p1a: Luxray\n|-damage|p1a: Luxray|0 fnt\n|faint|p1a: Luxray\n|\n|upkeep\n|\n|t:|1782747231\n|switch|p1a: Blaziken|Blaziken, L76, M|247/247\n|turn|9\n|\n|t:|1782747243\n|move|p2a: Typhlosion|Eruption|p1a: Blaziken\n|-resisted|p1a: Blaziken\n|-damage|p1a: Blaziken|67/247\n|move|p1a: Blaziken|Swords Dance|p1a: Blaziken\n|-boost|p1a: Blaziken|atk|2\n|\n|-ability|p1a: Blaziken|Speed Boost|boost\n|-boost|p1a: Blaziken|spe|1\n|upkeep\n|turn|10\n|\n|t:|1782747253\n|move|p1a: Blaziken|Close Combat|p2a: Typhlosion\n|-damage|p2a: Typhlosion|0 fnt\n|-unboost|p1a: Blaziken|def|1\n|-unboost|p1a: Blaziken|spd|1\n|faint|p2a: Typhlosion\n|-damage|p1a: Blaziken|43/247|[from] item: Life Orb\n|\n|-ability|p1a: Blaziken|Speed Boost|boost\n|-boost|p1a: Blaziken|spe|1\n|upkeep\n|\n|t:|1782747264\n|switch|p2a: Hydrapple|Hydrapple, L83, F|312/312\n|turn|11\n|\n|t:|1782747273\n|move|p1a: Blaziken|Close Combat|p2a: Hydrapple\n|-damage|p2a: Hydrapple|47/312\n|-unboost|p1a: Blaziken|def|1\n|-unboost|p1a: Blaziken|spd|1\n|-damage|p1a: Blaziken|19/247|[from] item: Life Orb\n|move|p2a: Hydrapple|Earth Power|p1a: Blaziken\n|-supereffective|p1a: Blaziken\n|-damage|p1a: Blaziken|0 fnt\n|faint|p1a: Blaziken\n|\n|upkeep\n|\n|t:|1782747282\n|switch|p1a: Calyrex|Calyrex-Ice, L72|128/263\n|-ability|p1a: Calyrex|As One\n|-ability|p1a: Calyrex|Unnerve\n|turn|12\n|\n|t:|1782747292\n|move|p2a: Hydrapple|Fickle Beam|p1a: Calyrex\n|-damage|p1a: Calyrex|38/263\n|move|p1a: Calyrex|Agility|p1a: Calyrex\n|-boost|p1a: Calyrex|spe|2\n|\n|upkeep\n|turn|13\n|l| 10th_phoenix\n|\n|t:|1782747311\n|move|p1a: Calyrex|Glacial Lance|p2a: Hydrapple\n|-supereffective|p2a: Hydrapple\n|-damage|p2a: Hydrapple|0 fnt\n|faint|p2a: Hydrapple\n|-ability|p1a: Calyrex|Chilling Neigh|boost\n|-boost|p1a: Calyrex|atk|1\n|\n|upkeep\n|\n|t:|1782747314\n|switch|p2a: Araquanid|Araquanid, L82, F|246/246\n|turn|14\n|inactive|velvet has 120 seconds left.\n|\n|t:|1782747374\n|-terastallize|p1a: Calyrex|Fighting\n|move|p1a: Calyrex|Glacial Lance|p2a: Araquanid\n|-resisted|p2a: Araquanid\n|-damage|p2a: Araquanid|145/246\n|move|p2a: Araquanid|Liquidation|p1a: Calyrex\n|-damage|p1a: Calyrex|0 fnt\n|faint|p1a: Calyrex\n|\n|upkeep\n|\n|t:|1782747380\n|switch|p1a: Reshiram|Reshiram, L76|277/277\n|-ability|p1a: Reshiram|Turboblaze\n|turn|15\n|inactive|velvet has 90 seconds left.\n|inactive|velvet has 60 seconds left.\n|\n|t:|1782747433\n|move|p1a: Reshiram|Blue Flare|p2a: Araquanid\n|-damage|p2a: Araquanid|16/246\n|move|p2a: Araquanid|Liquidation|p1a: Reshiram\n|-damage|p1a: Reshiram|153/277\n|-unboost|p1a: Reshiram|def|1\n|\n|upkeep\n|turn|16\n|\n|t:|1782747440\n|move|p1a: Reshiram|Earth Power|p2a: Araquanid\n|-resisted|p2a: Araquanid\n|-damage|p2a: Araquanid|0 fnt\n|faint|p2a: Araquanid\n|\n|upkeep\n|l|\u2606velvet\n|inactive|velvet disconnected and has a minute to reconnect!\n|player|p1|\n|\n|t:|1782747444\n|switch|p2a: Palossand|Palossand, L89, M|296/296\n|turn|17\n|j|\u2606velvet\n|inactive|velvet reconnected and has 80 seconds left.\n|player|p1|velvet|winona-gen3|\n|\n|t:|1782747452\n|move|p1a: Reshiram|Blue Flare|p2a: Palossand\n|-damage|p2a: Palossand|118/296\n|move|p2a: Palossand|Earth Power|p1a: Reshiram\n|-supereffective|p1a: Reshiram\n|-damage|p1a: Reshiram|0 fnt\n|faint|p1a: Reshiram\n|\n|win|hot meat\n|raw|velvet's rating: 2401 &rarr; <strong>2380</strong><br />(-21 for losing)\n|raw|hot meat's rating: 2375 &rarr; <strong>2396</strong><br />(+21 for winning)\n", "inputlog": ">version f8ac14003a5f27e1bdc8d8c59608a773c1cb96e5\n>start {\"formatid\":\"gen9randombattle\",\"seed\":\"sodium,59aa980c60d13a83ebe49d1589088ca4\",\"rated\":\"Rated battle\"}\n>player p1 {\"name\":\"velvet\",\"avatar\":\"winona-gen3\",\"rating\":2401,\"seed\":\"sodium,f9e245a5752456766120b087dc356532\"}\n>player p2 {\"name\":\"hot meat\",\"avatar\":\"266\",\"rating\":2357,\"seed\":\"sodium,488cc7f88b1ec3620bed11712ceda74b\"}\n>p1 switch 5\n>p2 move liquidation\n>p1 move bravebird\n>p2 switch 4\n>p1 move bravebird\n>p2 move surf\n>p2 switch 2\n>p1 move bravebird\n>p2 move shiftgear\n>p1 switch 2\n>p1 move wildcharge\n>p2 move terablast terastallize\n>p1 switch 3\n>p2 move fleurcannon\n>p1 switch 6\n>p1 move glaciallance\n>p2 move fleurcannon\n>p2 switch 3\n>p1 switch 3\n>p2 move eruption\n>p1 switch 4\n>p1 move swordsdance\n>p2 move eruption\n>p1 move closecombat\n>p2 move eruption\n>p2 switch 5\n>p1 move closecombat\n>p2 move earthpower\n>p1 switch 3\n>p1 move agility\n>p2 move ficklebeam\n>p1 move glaciallance\n>p2 move ficklebeam\n>p2 switch 4\n>p1 move glaciallance terastallize\n>p2 move liquidation\n>p1 switch 5\n>p1 move blueflare\n>p2 move liquidation\n>p1 move earthpower\n>p2 move liquidation\n>p2 switch 6\n>p1 move blueflare\n>p2 move earthpower", "uploadtime": 1782747452, "views": 8, "formatid": "gen9randombattle", "rating": 2380, "private": 0, "password": null, "player_dets": [{"name": "velvet", "avatar": "winona-gen3", "rating": 2401, "seed": "sodium,f9e245a5752456766120b087dc356532"}, {"name": "hot meat", "avatar": "266", "rating": 2357, "seed": "sodium,488cc7f88b1ec3620bed11712ceda74b"}], "teams_full": [{"Reshiram": {"name": "Reshiram", "species": "Reshiram", "speciesId": "reshiram", "gender": "N", "shiny": false, "level": 76, "moves": ["dracometeor", "earthpower", "blueflare", "willowisp"], "ability": "Turboblaze", "evs": {"hp": 85, "atk": 0, "def": 85, "spa": 85, "spd": 85, "spe": 85}, "ivs": {"hp": 31, "atk": 0, "def": 31, "spa": 31, "spd": 31, "spe": 31}, "item": "Heavy-Duty Boots", "teraType": "Ground", "role": "Fast Attacker", "bvs": {"hp": 100, "atk": 120, "def": 100, "spa": 150, "spd": 120, "spe": 90}, "stats": {"hp": 277, "atk": 187, "def": 196, "spa": 272, "spd": 226, "spe": 181}, "types": ["Dragon", "Fire"]}, "Luxray": {"name": "Luxray", "species": "Luxray", "speciesId": "luxray", "gender": "F", "shiny": false, "level": 88, "moves": ["wildcharge", "voltswitch", "playrough", "icefang"], "ability": "Intimidate", "evs": {"hp": 85, "atk": 85, "def": 85, "spa": 85, "spd": 85, "spe": 85}, "ivs": {"hp": 31, "atk": 31, "def": 31, "spa": 31, "spd": 31, "spe": 31}, "item": "Assault Vest", "teraType": "Fairy", "role": "AV Pivot", "bvs": {"hp": 80, "atk": 120, "def": 79, "spa": 95, "spd": 79, "spe": 70}, "stats": {"hp": 284, "atk": 261, "def": 189, "spa": 217, "spd": 189, "spe": 173}, "types": ["Electric"]}, "Exeggutor": {"name": "Exeggutor", "species": "Exeggutor-Alola", "speciesId": "exeggutoralola", "gender": "M", "shiny": false, "level": 89, "moves": ["dracometeor", "flamethrower", "leafstorm", "gigadrain"], "ability": "Frisk", "evs": {"hp": 85, "atk": 0, "def": 85, "spa": 85, "spd": 85, "spe": 85}, "ivs": {"hp": 31, "atk": 0, "def": 31, "spa": 31, "spd": 31, "spe": 31}, "item": "Choice Specs", "teraType": "Fire", "role": "Wallbreaker", "bvs": {"hp": 95, "atk": 105, "def": 85, "spa": 125, "spd": 75, "spe": 45}, "stats": {"hp": 314, "atk": 191, "def": 202, "spa": 273, "spd": 184, "spe": 131}, "types": ["Grass", "Dragon"]}, "Blaziken": {"name": "Blaziken", "species": "Blaziken", "speciesId": "blaziken", "gender": "M", "shiny": false, "level": 76, "moves": ["flareblitz", "closecombat", "swordsdance", "protect"], "ability": "Speed Boost", "evs": {"hp": 85, "atk": 85, "def": 85, "spa": 85, "spd": 85, "spe": 85}, "ivs": {"hp": 31, "atk": 31, "def": 31, "spa": 31, "spd": 31, "spe": 31}, "item": "Life Orb", "teraType": "Fighting", "role": "Setup Sweeper", "bvs": {"hp": 80, "atk": 120, "def": 70, "spa": 110, "spd": 70, "spe": 80}, "stats": {"hp": 247, "atk": 226, "def": 150, "spa": 211, "spd": 150, "spe": 166}, "types": ["Fire", "Fighting"]}, "Zapdos": {"name": "Zapdos", "species": "Zapdos-Galar", "speciesId": "zapdosgalar", "gender": "N", "shiny": false, "level": 77, "moves": ["knockoff", "uturn", "closecombat", "bravebird"], "ability": "Defiant", "evs": {"hp": 85, "atk": 85, "def": 85, "spa": 85, "spd": 85, "spe": 85}, "ivs": {"hp": 31, "atk": 31, "def": 31, "spa": 31, "spd": 31, "spe": 31}, "item": "Choice Band", "teraType": "Fighting", "role": "Fast Attacker", "bvs": {"hp": 90, "atk": 125, "def": 90, "spa": 85, "spd": 90, "spe": 100}, "stats": {"hp": 265, "atk": 237, "def": 183, "spa": 175, "spd": 183, "spe": 199}, "types": ["Fighting", "Flying"]}, "Calyrex": {"name": "Calyrex", "species": "Calyrex-Ice", "speciesId": "calyrexice", "gender": "N", "shiny": false, "level": 72, "moves": ["glaciallance", "closecombat", "agility", "highhorsepower"], "ability": "As One (Glastrier)", "evs": {"hp": 85, "atk": 85, "def": 85, "spa": 85, "spd": 85, "spe": 85}, "ivs": {"hp": 31, "atk": 31, "def": 31, "spa": 31, "spd": 31, "spe": 31}, "item": "Weakness Policy", "teraType": "Fighting", "role": "Bulky Setup", "bvs": {"hp": 100, "atk": 165, "def": 150, "spa": 85, "spd": 130, "spe": 50}, "stats": {"hp": 263, "atk": 280, "def": 258, "spa": 164, "spd": 229, "spe": 114}, "types": ["Psychic", "Ice"]}}, {"Araquanid": {"name": "Araquanid", "species": "Araquanid", "speciesId": "araquanid", "gender": "F", "shiny": false, "level": 82, "moves": ["stickyweb", "hydropump", "liquidation", "leechlife"], "ability": "Water Bubble", "evs": {"hp": 85, "atk": 85, "def": 85, "spa": 85, "spd": 85, "spe": 85}, "ivs": {"hp": 31, "atk": 31, "def": 31, "spa": 31, "spd": 31, "spe": 31}, "item": "Heavy-Duty Boots", "teraType": "Water", "role": "Bulky Attacker", "bvs": {"hp": 68, "atk": 70, "def": 92, "spa": 50, "spd": 132, "spe": 42}, "stats": {"hp": 246, "atk": 162, "def": 198, "spa": 129, "spd": 264, "spe": 116}, "types": ["Water", "Bug"]}, "Magearna": {"name": "Magearna", "species": "Magearna", "speciesId": "magearna", "gender": "N", "shiny": false, "level": 77, "moves": ["fleurcannon", "terablast", "shiftgear", "ironhead"], "ability": "Soul-Heart", "evs": {"hp": 85, "atk": 85, "def": 85, "spa": 85, "spd": 85, "spe": 85}, "ivs": {"hp": 31, "atk": 31, "def": 31, "spa": 31, "spd": 31, "spe": 31}, "item": "Weakness Policy", "teraType": "Ground", "role": "Tera Blast user", "bvs": {"hp": 80, "atk": 95, "def": 115, "spa": 130, "spd": 115, "spe": 65}, "stats": {"hp": 250, "atk": 191, "def": 222, "spa": 245, "spd": 222, "spe": 145}, "types": ["Steel", "Fairy"]}, "Typhlosion": {"name": "Typhlosion", "species": "Typhlosion", "speciesId": "typhlosion", "gender": "F", "shiny": false, "level": 84, "moves": ["focusblast", "eruption", "fireblast", "scorchingsands"], "ability": "Blaze", "evs": {"hp": 81, "atk": 0, "def": 85, "spa": 85, "spd": 85, "spe": 85}, "ivs": {"hp": 31, "atk": 0, "def": 31, "spa": 31, "spd": 31, "spe": 31}, "item": "Choice Specs", "teraType": "Fire", "role": "Fast Attacker", "bvs": {"hp": 78, "atk": 84, "def": 78, "spa": 109, "spd": 85, "spe": 100}, "stats": {"hp": 267, "atk": 146, "def": 179, "spa": 231, "spd": 191, "spe": 216}, "types": ["Fire"]}, "Empoleon": {"name": "Empoleon", "species": "Empoleon", "speciesId": "empoleon", "gender": "F", "shiny": false, "level": 84, "moves": ["yawn", "roost", "knockoff", "surf"], "ability": "Competitive", "evs": {"hp": 85, "atk": 85, "def": 85, "spa": 85, "spd": 85, "spe": 85}, "ivs": {"hp": 31, "atk": 31, "def": 31, "spa": 31, "spd": 31, "spe": 31}, "item": "Leftovers", "teraType": "Grass", "role": "Bulky Support", "bvs": {"hp": 84, "atk": 86, "def": 88, "spa": 111, "spd": 101, "spe": 60}, "stats": {"hp": 278, "atk": 193, "def": 196, "spa": 235, "spd": 218, "spe": 149}, "types": ["Water", "Steel"]}, "Hydrapple": {"name": "Hydrapple", "species": "Hydrapple", "speciesId": "hydrapple", "gender": "F", "shiny": false, "level": 83, "moves": ["leafstorm", "dragontail", "earthpower", "ficklebeam"], "ability": "Regenerator", "evs": {"hp": 85, "atk": 85, "def": 85, "spa": 85, "spd": 85, "spe": 85}, "ivs": {"hp": 31, "atk": 31, "def": 31, "spa": 31, "spd": 31, "spe": 31}, "item": "Assault Vest", "teraType": "Steel", "role": "AV Pivot", "bvs": {"hp": 106, "atk": 80, "def": 110, "spa": 120, "spd": 80, "spe": 44}, "stats": {"hp": 312, "atk": 180, "def": 230, "spa": 247, "spd": 180, "spe": 121}, "types": ["Grass", "Dragon"]}, "Palossand": {"name": "Palossand", "species": "Palossand", "speciesId": "palossand", "gender": "M", "shiny": false, "level": 89, "moves": ["earthpower", "shadowball", "shoreup", "sludgebomb"], "ability": "Water Compaction", "evs": {"hp": 85, "atk": 0, "def": 85, "spa": 85, "spd": 85, "spe": 85}, "ivs": {"hp": 31, "atk": 0, "def": 31, "spa": 31, "spd": 31, "spe": 31}, "item": "Leftovers", "teraType": "Water", "role": "Bulky Support", "bvs": {"hp": 85, "atk": 75, "def": 110, "spa": 100, "spd": 75, "spe": 35}, "stats": {"hp": 296, "atk": 138, "def": 247, "spa": 229, "spd": 184, "spe": 113}, "types": ["Ghost", "Ground"]}}]}