{"id": "gen9randombattle-2641234726", "format": "[Gen 9] Random Battle", "players": ["papaurza", "Marble Gamerz YT"], "log": "|j|\u2606papaurza\n|j|\u2606Marble Gamerz YT\n|t:|1782757121\n|gametype|singles\n|player|p1|papaurza|2|1447\n|player|p2|Marble Gamerz YT|canari|1493\n|gen|9\n|tier|[Gen 9] Random Battle\n|rated|\n|rule|Species Clause: Limit one of each Pok\u00e9mon\n|rule|HP Percentage Mod: HP is shown in percentages\n|rule|Sleep Clause Mod: Limit one foe put to sleep\n|rule|Illusion Level Mod: Illusion disguises the Pok\u00e9mon's true level\n|\n|t:|1782757121\n|teamsize|p1|6\n|teamsize|p2|6\n|start\n|switch|p1a: Mamoswine|Mamoswine, L81, M|311/311\n|switch|p2a: Emboar|Emboar, L84, M|322/322\n|turn|1\n|inactive|Battle timer is ON: inactive players will automatically lose when time's up. (requested by Marble Gamerz YT)\n|inactive|papaurza also wants the timer to be on.\n|\n|t:|1782757147\n|move|p1a: Mamoswine|Earthquake|p2a: Emboar\n|-supereffective|p2a: Emboar\n|-damage|p2a: Emboar|0 fnt\n|faint|p2a: Emboar\n|\n|upkeep\n|\n|t:|1782757152\n|switch|p2a: Tropius|Tropius, L91, F|328/328\n|turn|2\n|\n|t:|1782757163\n|switch|p1a: Leavanny|Leavanny, L86, F|269/269\n|move|p2a: Tropius|Substitute|p2a: Tropius\n|-start|p2a: Tropius|Substitute\n|-damage|p2a: Tropius|246/328\n|\n|upkeep\n|turn|3\n|\n|t:|1782757170\n|move|p1a: Leavanny|Triple Axel|p2a: Tropius\n|-supereffective|p2a: Tropius\n|-activate|p2a: Tropius|move: Substitute|[damage]\n|-supereffective|p2a: Tropius\n|-end|p2a: Tropius|Substitute\n|-supereffective|p2a: Tropius\n|-damage|p2a: Tropius|74/328\n|-enditem|p2a: Tropius|Sitrus Berry|[eat]\n|-heal|p2a: Tropius|156/328|[from] item: Sitrus Berry\n|-hitcount|p2a: Tropius|3\n|move|p2a: Tropius|Air Slash|p1a: Leavanny\n|-supereffective|p1a: Leavanny\n|-damage|p1a: Leavanny|0 fnt\n|faint|p1a: Leavanny\n|\n|-item|p2a: Tropius|Sitrus Berry|[from] ability: Harvest\n|upkeep\n|-enditem|p2a: Tropius|Sitrus Berry|[eat]\n|-heal|p2a: Tropius|238/328|[from] item: Sitrus Berry\n|\n|t:|1782757193\n|switch|p1a: Mamoswine|Mamoswine, L81, M|311/311\n|turn|4\n|\n|t:|1782757198\n|move|p2a: Tropius|Protect|p2a: Tropius\n|-singleturn|p2a: Tropius|Protect\n|move|p1a: Mamoswine|Icicle Crash|p2a: Tropius\n|-activate|p2a: Tropius|move: Protect\n|\n|upkeep\n|turn|5\n|\n|t:|1782757205\n|switch|p2a: Oranguru|Oranguru, L92, M|315/315\n|move|p1a: Mamoswine|Icicle Crash|p2a: Oranguru\n|-damage|p2a: Oranguru|155/315\n|\n|-heal|p2a: Oranguru|174/315|[from] item: Leftovers\n|upkeep\n|turn|6\n|\n|t:|1782757214\n|move|p1a: Mamoswine|Icicle Crash|p2a: Oranguru\n|-damage|p2a: Oranguru|26/315\n|move|p2a: Oranguru|Focus Blast|p1a: Mamoswine\n|-supereffective|p1a: Mamoswine\n|-damage|p1a: Mamoswine|65/311\n|\n|-heal|p2a: Oranguru|45/315|[from] item: Leftovers\n|upkeep\n|turn|7\n|\n|t:|1782757221\n|move|p1a: Mamoswine|Icicle Crash|p2a: Oranguru\n|-damage|p2a: Oranguru|0 fnt\n|faint|p2a: Oranguru\n|\n|upkeep\n|\n|t:|1782757225\n|switch|p2a: Meowscarada|Meowscarada, L78, M|247/247\n|turn|8\n|inactive|papaurza has 120 seconds left.\n|\n|t:|1782757266\n|switch|p1a: Mimikyu|Mimikyu, L79, M|216/216\n|move|p2a: Meowscarada|Knock Off|p1a: Mimikyu\n|-start|p2a: Meowscarada|typechange|Dark|[from] ability: Protean\n|-activate|p1a: Mimikyu|ability: Disguise\n|-damage|p1a: Mimikyu|216/216\n|-enditem|p1a: Mimikyu|Life Orb|[from] move: Knock Off|[of] p2a: Meowscarada\n|detailschange|p1a: Mimikyu|Mimikyu-Busted, L79, M\n|-damage|p1a: Mimikyu|189/216|[from] pokemon: Mimikyu-Busted\n|\n|upkeep\n|turn|9\n|\n|t:|1782757283\n|-terastallize|p1a: Mimikyu|Fairy\n|move|p2a: Meowscarada|Flower Trick|p1a: Mimikyu\n|-crit|p1a: Mimikyu\n|-damage|p1a: Mimikyu|107/216\n|move|p1a: Mimikyu|Play Rough|p2a: Meowscarada|[miss]\n|-miss|p1a: Mimikyu|p2a: Meowscarada\n|\n|upkeep\n|turn|10\n|\n|t:|1782757290\n|move|p2a: Meowscarada|Flower Trick|p1a: Mimikyu\n|-crit|p1a: Mimikyu\n|-damage|p1a: Mimikyu|19/216\n|move|p1a: Mimikyu|Play Rough|p2a: Meowscarada\n|-supereffective|p2a: Meowscarada\n|-damage|p2a: Meowscarada|0 fnt\n|faint|p2a: Meowscarada\n|\n|upkeep\n|\n|t:|1782757295\n|switch|p2a: Raichu|Raichu-Alola, L87, M|246/246\n|turn|11\n|inactive|papaurza has 120 seconds left.\n|\n|t:|1782757301\n|move|p1a: Mimikyu|Shadow Sneak|p2a: Raichu\n|-supereffective|p2a: Raichu\n|-damage|p2a: Raichu|138/246\n|move|p2a: Raichu|Surf|p1a: Mimikyu\n|-damage|p1a: Mimikyu|0 fnt\n|faint|p1a: Mimikyu\n|\n|upkeep\n|inactive|papaurza has 120 seconds left.\n|\n|t:|1782757318\n|switch|p1a: Blissey|Blissey, L85, F|572/572\n|turn|12\n|\n|t:|1782757323\n|switch|p2a: Ampharos|Ampharos, L88, M|302/302\n|move|p1a: Blissey|Seismic Toss|p2a: Ampharos\n|-damage|p2a: Ampharos|217/302\n|\n|upkeep\n|turn|13\n|\n|t:|1782757331\n|move|p2a: Ampharos|Focus Blast|p1a: Blissey\n|-supereffective|p1a: Blissey\n|-damage|p1a: Blissey|432/572\n|move|p1a: Blissey|Seismic Toss|p2a: Ampharos\n|-damage|p2a: Ampharos|132/302\n|-status|p1a: Blissey|par|[from] ability: Static|[of] p2a: Ampharos\n|\n|-heal|p1a: Blissey|467/572 par|[from] item: Leftovers\n|upkeep\n|turn|14\n|\n|t:|1782757340\n|move|p2a: Ampharos|Focus Blast|p1a: Blissey\n|-supereffective|p1a: Blissey\n|-damage|p1a: Blissey|303/572 par\n|move|p1a: Blissey|Seismic Toss|p2a: Ampharos\n|-damage|p2a: Ampharos|47/302\n|\n|-heal|p1a: Blissey|338/572 par|[from] item: Leftovers\n|upkeep\n|turn|15\n|\n|t:|1782757349\n|move|p2a: Ampharos|Focus Blast|p1a: Blissey\n|-supereffective|p1a: Blissey\n|-damage|p1a: Blissey|176/572 par\n|move|p1a: Blissey|Soft-Boiled|p1a: Blissey\n|-heal|p1a: Blissey|462/572 par\n|\n|-heal|p1a: Blissey|497/572 par|[from] item: Leftovers\n|upkeep\n|turn|16\n|\n|t:|1782757357\n|move|p2a: Ampharos|Focus Blast|p1a: Blissey\n|-supereffective|p1a: Blissey\n|-damage|p1a: Blissey|335/572 par\n|move|p1a: Blissey|Heal Bell|p1a: Blissey\n|-activate|p1a: Blissey|move: Heal Bell\n|-curestatus|p1a: Blissey|par|[msg]\n|\n|-heal|p1a: Blissey|370/572|[from] item: Leftovers\n|upkeep\n|turn|17\n|\n|t:|1782757366\n|move|p2a: Ampharos|Focus Blast|p1a: Blissey\n|-supereffective|p1a: Blissey\n|-damage|p1a: Blissey|220/572\n|move|p1a: Blissey|Seismic Toss|p2a: Ampharos\n|-damage|p2a: Ampharos|0 fnt\n|faint|p2a: Ampharos\n|\n|-heal|p1a: Blissey|255/572|[from] item: Leftovers\n|upkeep\n|c|\u2606Marble Gamerz YT|5 blasts in a row is insane\n|\n|t:|1782757381\n|switch|p2a: Tropius|Tropius, L91, F|238/328\n|turn|18\n|c|\u2606papaurza|lucky mofo\n|\n|t:|1782757398\n|move|p2a: Tropius|Substitute|p2a: Tropius\n|-start|p2a: Tropius|Substitute\n|-damage|p2a: Tropius|156/328\n|move|p1a: Blissey|Thunder Wave||[still]\n|-fail|p1a: Blissey\n|\n|-heal|p1a: Blissey|290/572|[from] item: Leftovers\n|-item|p2a: Tropius|Sitrus Berry|[from] ability: Harvest\n|upkeep\n|-enditem|p2a: Tropius|Sitrus Berry|[eat]\n|-heal|p2a: Tropius|238/328|[from] item: Sitrus Berry\n|turn|19\n|\n|t:|1782757415\n|move|p2a: Tropius|Leech Seed|p1a: Blissey\n|-start|p1a: Blissey|move: Leech Seed\n|move|p1a: Blissey|Heal Bell||[still]\n|-activate|p1a: Blissey|move: Heal Bell\n|-fail|p1a: Blissey\n|\n|-heal|p1a: Blissey|325/572|[from] item: Leftovers\n|-damage|p1a: Blissey|254/572|[from] Leech Seed|[of] p2a: Tropius\n|-heal|p2a: Tropius|309/328|[silent]\n|upkeep\n|turn|20\n|\n|t:|1782757424\n|move|p2a: Tropius|Air Slash|p1a: Blissey\n|-damage|p1a: Blissey|205/572\n|cant|p1a: Blissey|flinch\n|\n|-heal|p1a: Blissey|240/572|[from] item: Leftovers\n|-damage|p1a: Blissey|169/572|[from] Leech Seed|[of] p2a: Tropius\n|-heal|p2a: Tropius|328/328|[silent]\n|upkeep\n|turn|21\n|\n|t:|1782757432\n|move|p2a: Tropius|Air Slash|p1a: Blissey\n|-damage|p1a: Blissey|120/572\n|move|p1a: Blissey|Soft-Boiled|p1a: Blissey\n|-heal|p1a: Blissey|406/572\n|\n|-heal|p1a: Blissey|441/572|[from] item: Leftovers\n|-damage|p1a: Blissey|370/572|[from] Leech Seed|[of] p2a: Tropius\n|upkeep\n|turn|22\n|\n|t:|1782757443\n|switch|p1a: Ampharos|Ampharos, L88, F|302/302\n|move|p2a: Tropius|Air Slash|p1a: Ampharos\n|-resisted|p1a: Ampharos\n|-damage|p1a: Ampharos|266/302\n|\n|upkeep\n|turn|23\n|\n|t:|1782757452\n|move|p1a: Ampharos|Thunderbolt|p2a: Tropius\n|-end|p2a: Tropius|Substitute\n|move|p2a: Tropius|Leech Seed|p1a: Ampharos\n|-start|p1a: Ampharos|move: Leech Seed\n|\n|-damage|p1a: Ampharos|229/302|[from] Leech Seed|[of] p2a: Tropius\n|upkeep\n|turn|24\n|\n|t:|1782757458\n|switch|p1a: Plusle|Plusle, L95, F|268/268\n|switch|p2a: Raichu|Raichu-Alola, L87, M|138/246\n|\n|upkeep\n|turn|25\n|\n|t:|1782757467\n|move|p2a: Raichu|Psyshock|p1a: Plusle\n|-damage|p1a: Plusle|57/268\n|move|p1a: Plusle|Grass Knot|p2a: Raichu\n|-damage|p2a: Raichu|96/246\n|-damage|p1a: Plusle|31/268|[from] item: Life Orb\n|\n|upkeep\n|turn|26\n|\n|t:|1782757476\n|switch|p1a: Ampharos|Ampharos, L88, F|229/302\n|move|p2a: Raichu|Psyshock|p1a: Ampharos\n|-damage|p1a: Ampharos|108/302\n|\n|upkeep\n|turn|27\n|\n|t:|1782757485\n|move|p2a: Raichu|Psyshock|p1a: Ampharos\n|-damage|p1a: Ampharos|0 fnt\n|faint|p1a: Ampharos\n|\n|upkeep\n|\n|t:|1782757496\n|switch|p1a: Blissey|Blissey, L85, F|370/572\n|turn|28\n|\n|t:|1782757499\n|move|p2a: Raichu|Psyshock|p1a: Blissey\n|-damage|p1a: Blissey|0 fnt\n|faint|p1a: Blissey\n|\n|upkeep\n|\n|t:|1782757503\n|switch|p1a: Mamoswine|Mamoswine, L81, M|65/311\n|turn|29\n|\n|t:|1782757508\n|move|p1a: Mamoswine|Ice Shard|p2a: Raichu\n|-damage|p2a: Raichu|0 fnt\n|faint|p2a: Raichu\n|\n|upkeep\n|\n|t:|1782757511\n|switch|p2a: Tropius|Tropius, L91, F|328/328\n|turn|30\n|\n|t:|1782757514\n|-terastallize|p2a: Tropius|Steel\n|move|p1a: Mamoswine|Ice Shard|p2a: Tropius\n|-resisted|p2a: Tropius\n|-damage|p2a: Tropius|290/328\n|move|p2a: Tropius|Substitute|p2a: Tropius\n|-start|p2a: Tropius|Substitute\n|-damage|p2a: Tropius|208/328\n|\n|upkeep\n|turn|31\n|\n|t:|1782757520\n|move|p1a: Mamoswine|Ice Shard|p2a: Tropius\n|-resisted|p2a: Tropius\n|-activate|p2a: Tropius|move: Substitute|[damage]\n|move|p2a: Tropius|Air Slash|p1a: Mamoswine\n|-crit|p1a: Mamoswine\n|-damage|p1a: Mamoswine|0 fnt\n|faint|p1a: Mamoswine\n|\n|upkeep\n|\n|t:|1782757527\n|switch|p1a: Plusle|Plusle, L95, F|31/268\n|turn|32\n|\n|t:|1782757536\n|move|p1a: Plusle|Thunderbolt|p2a: Tropius\n|-end|p2a: Tropius|Substitute\n|-damage|p1a: Plusle|5/268|[from] item: Life Orb\n|move|p2a: Tropius|Air Slash|p1a: Plusle\n|-resisted|p1a: Plusle\n|-damage|p1a: Plusle|0 fnt\n|faint|p1a: Plusle\n|\n|win|Marble Gamerz YT\n|raw|papaurza's rating: 1447 &rarr; <strong>1430</strong><br />(-17 for losing)\n|raw|Marble Gamerz YT's rating: 1493 &rarr; <strong>1510</strong><br />(+17 for winning)\n|l|\u2606papaurza\n|player|p1|\n", "inputlog": ">version f8ac14003a5f27e1bdc8d8c59608a773c1cb96e5\n>start {\"formatid\":\"gen9randombattle\",\"seed\":\"sodium,3dde9ea8f0400e6026e7bd6437eb9595\",\"rated\":\"Rated battle\"}\n>player p1 {\"name\":\"papaurza\",\"avatar\":\"2\",\"rating\":1447,\"seed\":\"sodium,f41ae7f7f1f78375ea90e102761325f8\"}\n>player p2 {\"name\":\"Marble Gamerz YT\",\"avatar\":\"canari\",\"rating\":1493,\"seed\":\"sodium,a9cdaa1610d8addf9e087273c1c63c32\"}\n>p1 move earthquake\n>p2 move trailblaze\n>p2 switch 6\n>p1 switch 2\n>p2 move substitute\n>p1 move tripleaxel\n>p2 move airslash\n>p1 switch 2\n>p1 move iciclecrash\n>p2 move protect\n>p1 move iciclecrash\n>p2 switch 4\n>p1 move iciclecrash\n>p2 move focusblast\n>p1 move iciclecrash\n>p2 move focusblast\n>p2 switch 5\n>p1 switch 4\n>p2 move knockoff\n>p1 move playrough terastallize\n>p2 move flowertrick\n>p1 move playrough\n>p2 move flowertrick\n>p2 switch 3\n>p1 move shadowsneak\n>p2 move surf\n>p1 switch 3\n>p1 move seismictoss\n>p2 switch 2\n>p1 move seismictoss\n>p2 move focusblast\n>p1 move seismictoss\n>p2 move focusblast\n>p1 move softboiled\n>p2 move focusblast\n>p1 move healbell\n>p2 move focusblast\n>p1 move seismictoss\n>p2 move focusblast\n>chat \u2606Marble Gamerz YT|5 blasts in a row is insane\n>p2 switch 4\n>chat \u2606papaurza|lucky mofo\n>p1 move thunderwave\n>p2 move substitute\n>p1 move healbell\n>p2 move leechseed\n>p1 move softboiled\n>p2 move airslash\n>p1 move softboiled\n>p2 move airslash\n>p1 switch 6\n>p2 move airslash\n>p1 move thunderbolt\n>p2 move leechseed\n>p1 switch 5\n>p2 switch 2\n>p1 move grassknot\n>p2 move psyshock\n>p1 switch 5\n>p2 move psyshock\n>p1 move dazzlinggleam\n>p2 move psyshock\n>p1 switch 6\n>p1 move seismictoss\n>p2 move psyshock\n>p1 switch 4\n>p1 move iceshard\n>p2 move psyshock\n>p2 switch 2\n>p1 move iceshard\n>p2 move substitute terastallize\n>p1 move iceshard\n>p2 move airslash\n>p1 switch 5\n>p1 move thunderbolt\n>p2 move airslash", "uploadtime": 1782757545, "views": 5, "formatid": "gen9randombattle", "rating": 1430, "private": 0, "password": null, "player_dets": [{"name": "papaurza", "avatar": "2", "rating": 1447, "seed": "sodium,f41ae7f7f1f78375ea90e102761325f8"}, {"name": "Marble Gamerz YT", "avatar": "canari", "rating": 1493, "seed": "sodium,a9cdaa1610d8addf9e087273c1c63c32"}], "teams_full": [{"Mamoswine": {"name": "Mamoswine", "species": "Mamoswine", "speciesId": "mamoswine", "gender": "M", "shiny": false, "level": 81, "moves": ["iciclecrash", "knockoff", "iceshard", "earthquake"], "ability": "Thick Fat", "evs": {"hp": 85, "atk": 85, "def": 85, "spa": 85, "spd": 85, "spe": 85}, "ivs": {"hp": 31, "atk": 31, "def": 31, "spa": 31, "spd": 31, "spe": 31}, "item": "Choice Band", "teraType": "Ice", "role": "Wallbreaker", "bvs": {"hp": 110, "atk": 130, "def": 80, "spa": 70, "spd": 60, "spe": 80}, "stats": {"hp": 311, "atk": 257, "def": 176, "spa": 160, "spd": 144, "spe": 176}, "types": ["Ice", "Ground"]}, "Leavanny": {"name": "Leavanny", "species": "Leavanny", "speciesId": "leavanny", "gender": "F", "shiny": false, "level": 86, "moves": ["knockoff", "stickyweb", "tripleaxel", "bulletseed"], "ability": "Chlorophyll", "evs": {"hp": 85, "atk": 85, "def": 85, "spa": 85, "spd": 85, "spe": 85}, "ivs": {"hp": 31, "atk": 31, "def": 31, "spa": 31, "spd": 31, "spe": 31}, "item": "Loaded Dice", "teraType": "Rock", "role": "Fast Attacker", "bvs": {"hp": 75, "atk": 103, "def": 80, "spa": 70, "spd": 80, "spe": 92}, "stats": {"hp": 269, "atk": 226, "def": 187, "spa": 170, "spd": 187, "spe": 207}, "types": ["Bug", "Grass"]}, "Blissey": {"name": "Blissey", "species": "Blissey", "speciesId": "blissey", "gender": "F", "shiny": false, "level": 85, "moves": ["seismictoss", "healbell", "thunderwave", "softboiled"], "ability": "Natural Cure", "evs": {"hp": 85, "atk": 0, "def": 85, "spa": 85, "spd": 85, "spe": 85}, "ivs": {"hp": 31, "atk": 0, "def": 31, "spa": 31, "spd": 31, "spe": 31}, "item": "Leftovers", "teraType": "Ghost", "role": "Bulky Support", "bvs": {"hp": 255, "atk": 10, "def": 10, "spa": 75, "spd": 135, "spe": 55}, "stats": {"hp": 572, "atk": 22, "def": 66, "spa": 176, "spd": 278, "spe": 142}, "types": ["Normal"]}, "Mimikyu": {"name": "Mimikyu", "species": "Mimikyu", "speciesId": "mimikyu", "gender": "M", "shiny": false, "level": 79, "moves": ["swordsdance", "shadowsneak", "drainpunch", "playrough"], "ability": "Disguise", "evs": {"hp": 85, "atk": 85, "def": 85, "spa": 85, "spd": 85, "spe": 85}, "ivs": {"hp": 31, "atk": 31, "def": 31, "spa": 31, "spd": 31, "spe": 31}, "item": "Life Orb", "teraType": "Fairy", "role": "Setup Sweeper", "bvs": {"hp": 55, "atk": 90, "def": 80, "spa": 50, "spd": 105, "spe": 96}, "stats": {"hp": 216, "atk": 188, "def": 172, "spa": 125, "spd": 211, "spe": 197}, "types": ["Ghost", "Fairy"]}, "Plusle": {"name": "Plusle", "species": "Plusle", "speciesId": "plusle", "gender": "F", "shiny": false, "level": 95, "moves": ["thunderbolt", "encore", "nastyplot", "grassknot"], "ability": "Lightning Rod", "evs": {"hp": 85, "atk": 0, "def": 85, "spa": 85, "spd": 85, "spe": 85}, "ivs": {"hp": 31, "atk": 0, "def": 31, "spa": 31, "spd": 31, "spe": 31}, "item": "Life Orb", "teraType": "Grass", "role": "Setup Sweeper", "bvs": {"hp": 60, "atk": 50, "def": 40, "spa": 85, "spd": 75, "spe": 95}, "stats": {"hp": 268, "atk": 100, "def": 130, "spa": 215, "spd": 196, "spe": 234}, "types": ["Electric"]}, "Ampharos": {"name": "Ampharos", "species": "Ampharos", "speciesId": "ampharos", "gender": "F", "shiny": false, "level": 88, "moves": ["thunderbolt", "voltswitch", "dazzlinggleam", "focusblast"], "ability": "Static", "evs": {"hp": 85, "atk": 0, "def": 85, "spa": 85, "spd": 85, "spe": 85}, "ivs": {"hp": 31, "atk": 0, "def": 31, "spa": 31, "spd": 31, "spe": 31}, "item": "Choice Specs", "teraType": "Fairy", "role": "Wallbreaker", "bvs": {"hp": 90, "atk": 75, "def": 85, "spa": 115, "spd": 90, "spe": 55}, "stats": {"hp": 302, "atk": 137, "def": 200, "spa": 253, "spd": 209, "spe": 147}, "types": ["Electric"]}}, {"Emboar": {"name": "Emboar", "species": "Emboar", "speciesId": "emboar", "gender": "M", "shiny": false, "level": 84, "moves": ["drainpunch", "trailblaze", "flareblitz", "bulkup"], "ability": "Reckless", "evs": {"hp": 85, "atk": 85, "def": 85, "spa": 85, "spd": 85, "spe": 85}, "ivs": {"hp": 31, "atk": 31, "def": 31, "spa": 31, "spd": 31, "spe": 31}, "item": "Leftovers", "teraType": "Fighting", "role": "Bulky Setup", "bvs": {"hp": 110, "atk": 123, "def": 65, "spa": 100, "spd": 65, "spe": 65}, "stats": {"hp": 322, "atk": 255, "def": 157, "spa": 216, "spd": 157, "spe": 157}, "types": ["Fire", "Fighting"]}, "Ampharos": {"name": "Ampharos", "species": "Ampharos", "speciesId": "ampharos", "gender": "M", "shiny": false, "level": 88, "moves": ["dazzlinggleam", "focusblast", "voltswitch", "discharge"], "ability": "Static", "evs": {"hp": 85, "atk": 0, "def": 85, "spa": 85, "spd": 85, "spe": 85}, "ivs": {"hp": 31, "atk": 0, "def": 31, "spa": 31, "spd": 31, "spe": 31}, "item": "Assault Vest", "teraType": "Fairy", "role": "AV Pivot", "bvs": {"hp": 90, "atk": 75, "def": 85, "spa": 115, "spd": 90, "spe": 55}, "stats": {"hp": 302, "atk": 137, "def": 200, "spa": 253, "spd": 209, "spe": 147}, "types": ["Electric"]}, "Raichu": {"name": "Raichu", "species": "Raichu-Alola", "speciesId": "raichualola", "gender": "M", "shiny": false, "level": 87, "moves": ["surf", "thunderbolt", "grassknot", "psyshock"], "ability": "Surge Surfer", "evs": {"hp": 85, "atk": 0, "def": 85, "spa": 85, "spd": 85, "spe": 85}, "ivs": {"hp": 31, "atk": 0, "def": 31, "spa": 31, "spd": 31, "spe": 31}, "item": "Choice Specs", "teraType": "Water", "role": "Fast Attacker", "bvs": {"hp": 60, "atk": 85, "def": 50, "spa": 95, "spd": 85, "spe": 110}, "stats": {"hp": 246, "atk": 152, "def": 137, "spa": 215, "spd": 198, "spe": 241}, "types": ["Electric", "Psychic"]}, "Oranguru": {"name": "Oranguru", "species": "Oranguru", "speciesId": "oranguru", "gender": "M", "shiny": false, "level": 92, "moves": ["thunderbolt", "psychic", "nastyplot", "focusblast"], "ability": "Inner Focus", "evs": {"hp": 85, "atk": 0, "def": 85, "spa": 85, "spd": 85, "spe": 85}, "ivs": {"hp": 31, "atk": 0, "def": 31, "spa": 31, "spd": 31, "spe": 31}, "item": "Leftovers", "teraType": "Fighting", "role": "Bulky Attacker", "bvs": {"hp": 90, "atk": 60, "def": 80, "spa": 90, "spd": 110, "spe": 60}, "stats": {"hp": 315, "atk": 115, "def": 200, "spa": 218, "spd": 255, "spe": 163}, "types": ["Normal", "Psychic"]}, "Meowscarada": {"name": "Meowscarada", "species": "Meowscarada", "speciesId": "meowscarada", "gender": "M", "shiny": false, "level": 78, "moves": ["knockoff", "flowertrick", "toxicspikes", "uturn"], "ability": "Protean", "evs": {"hp": 85, "atk": 85, "def": 85, "spa": 85, "spd": 85, "spe": 85}, "ivs": {"hp": 31, "atk": 31, "def": 31, "spa": 31, "spd": 31, "spe": 31}, "item": "Heavy-Duty Boots", "teraType": "Grass", "role": "Fast Support", "bvs": {"hp": 76, "atk": 110, "def": 70, "spa": 81, "spd": 70, "spe": 123}, "stats": {"hp": 247, "atk": 217, "def": 154, "spa": 171, "spd": 154, "spe": 237}, "types": ["Grass", "Dark"]}, "Tropius": {"name": "Tropius", "species": "Tropius", "speciesId": "tropius", "gender": "F", "shiny": false, "level": 91, "moves": ["airslash", "substitute", "leechseed", "protect"], "ability": "Harvest", "evs": {"hp": 85, "atk": 0, "def": 85, "spa": 85, "spd": 85, "spe": 85}, "ivs": {"hp": 31, "atk": 0, "def": 31, "spa": 31, "spd": 31, "spe": 31}, "item": "Sitrus Berry", "teraType": "Steel", "role": "Bulky Support", "bvs": {"hp": 99, "atk": 68, "def": 83, "spa": 72, "spd": 87, "spe": 51}, "stats": {"hp": 328, "atk": 128, "def": 203, "spa": 183, "spd": 210, "spe": 145}, "types": ["Grass", "Flying"]}}]}