{"id": "gen9randombattle-2641538136", "format": "[Gen 9] Random Battle", "players": ["icetimed112233", "honque honque"], "log": "|j|\u2606icetimed112233\n|j|\u2606honque honque\n|t:|1782803399\n|gametype|singles\n|player|p1|icetimed112233|102|1062\n|player|p2|honque honque|169|1116\n|gen|9\n|tier|[Gen 9] Random Battle\n|rated|\n|rule|Species Clause: Limit one of each Pok\u00e9mon\n|rule|HP Percentage Mod: HP is shown in percentages\n|rule|Sleep Clause Mod: Limit one foe put to sleep\n|rule|Illusion Level Mod: Illusion disguises the Pok\u00e9mon's true level\n|\n|t:|1782803399\n|teamsize|p1|6\n|teamsize|p2|6\n|start\n|switch|p1a: Breloom|Breloom, L83, M|235/235\n|switch|p2a: Trevenant|Trevenant, L89, M|296/296\n|turn|1\n|inactive|Battle timer is ON: inactive players will automatically lose when time's up. (requested by honque honque)\n|\n|t:|1782803419\n|switch|p1a: Forretress|Forretress, L84, M|263/263\n|move|p2a: Trevenant|Poltergeist|p1a: Forretress\n|-activate|p1a: Forretress|move: Poltergeist|Leftovers\n|-damage|p1a: Forretress|124/263\n|\n|-heal|p1a: Forretress|140/263|[from] item: Leftovers\n|upkeep\n|turn|2\n|\n|t:|1782803429\n|move|p2a: Trevenant|Poltergeist|p1a: Forretress\n|-activate|p1a: Forretress|move: Poltergeist|Leftovers\n|-crit|p1a: Forretress\n|-damage|p1a: Forretress|0 fnt\n|faint|p1a: Forretress\n|\n|upkeep\n|\n|t:|1782803437\n|switch|p1a: Coalossal|Coalossal, L89, F|341/341\n|turn|3\n|inactive|honque honque has 120 seconds left.\n|\n|t:|1782803469\n|switch|p2a: Ursaring|Ursaring, L84, M|288/288\n|move|p1a: Coalossal|Overheat|p2a: Ursaring\n|-damage|p2a: Ursaring|192/288\n|-unboost|p1a: Coalossal|spa|2\n|\n|upkeep\n|turn|4\n|inactive|icetimed112233 has 120 seconds left.\n|\n|t:|1782803509\n|move|p2a: Ursaring|Throat Chop|p1a: Coalossal\n|-damage|p1a: Coalossal|290/341\n|-start|p1a: Coalossal|Throat Chop|[silent]\n|-status|p2a: Ursaring|brn|[from] ability: Flame Body|[of] p1a: Coalossal\n|move|p1a: Coalossal|Will-O-Wisp|p2a: Ursaring\n|-fail|p2a: Ursaring|brn\n|\n|-damage|p2a: Ursaring|174/288 brn|[from] brn\n|upkeep\n|turn|5\n|inactive|honque honque has 120 seconds left.\n|\n|t:|1782803533\n|move|p2a: Ursaring|Body Slam|p1a: Coalossal\n|-resisted|p1a: Coalossal\n|-damage|p1a: Coalossal|227/341\n|move|p1a: Coalossal|Stone Edge|p2a: Ursaring\n|-damage|p2a: Ursaring|93/288 brn\n|\n|-damage|p2a: Ursaring|75/288 brn|[from] brn\n|-end|p1a: Coalossal|Throat Chop|[silent]\n|upkeep\n|turn|6\n|inactive|honque honque has 120 seconds left.\n|\n|t:|1782803546\n|move|p2a: Ursaring|Rest|p2a: Ursaring\n|-status|p2a: Ursaring|slp|[from] move: Rest\n|-heal|p2a: Ursaring|288/288 slp|[silent]\n|move|p1a: Coalossal|Rapid Spin|p2a: Ursaring\n|-damage|p2a: Ursaring|261/288 slp\n|-boost|p1a: Coalossal|spe|1\n|\n|upkeep\n|turn|7\n|inactive|honque honque has 120 seconds left.\n|inactive|icetimed112233 has 90 seconds left.\n|\n|t:|1782803577\n|switch|p2a: Carbink|Carbink, L90|236/236\n|move|p1a: Coalossal|Stone Edge|p2a: Carbink\n|-damage|p2a: Carbink|176/236\n|\n|-heal|p2a: Carbink|190/236|[from] item: Leftovers\n|upkeep\n|turn|8\n|\n|t:|1782803586\n|move|p1a: Coalossal|Will-O-Wisp|p2a: Carbink\n|-status|p2a: Carbink|brn\n|move|p2a: Carbink|Iron Defense|p2a: Carbink\n|-boost|p2a: Carbink|def|2\n|\n|-heal|p2a: Carbink|204/236 brn|[from] item: Leftovers\n|-damage|p2a: Carbink|190/236 brn|[from] brn\n|upkeep\n|turn|9\n|\n|t:|1782803599\n|move|p1a: Coalossal|Stone Edge|p2a: Carbink\n|-damage|p2a: Carbink|157/236 brn\n|move|p2a: Carbink|Iron Defense|p2a: Carbink\n|-boost|p2a: Carbink|def|2\n|\n|-heal|p2a: Carbink|171/236 brn|[from] item: Leftovers\n|-damage|p2a: Carbink|157/236 brn|[from] brn\n|upkeep\n|turn|10\n|\n|t:|1782803608\n|switch|p1a: Ting-Lu|Ting-Lu, L78|370/370\n|-ability|p1a: Ting-Lu|Vessel of Ruin\n|move|p2a: Carbink|Rock Polish|p2a: Carbink\n|-boost|p2a: Carbink|spe|2\n|\n|-heal|p2a: Carbink|171/236 brn|[from] item: Leftovers\n|-damage|p2a: Carbink|157/236 brn|[from] brn\n|upkeep\n|turn|11\n|\n|t:|1782803633\n|-terastallize|p2a: Carbink|Fighting\n|move|p2a: Carbink|Body Press|p1a: Ting-Lu\n|-supereffective|p1a: Ting-Lu\n|-damage|p1a: Ting-Lu|15/370\n|move|p1a: Ting-Lu|Earthquake|p2a: Carbink\n|-damage|p2a: Carbink|136/236 brn\n|\n|-heal|p2a: Carbink|150/236 brn|[from] item: Leftovers\n|-damage|p2a: Carbink|136/236 brn|[from] brn\n|upkeep\n|turn|12\n|inactive|icetimed112233 has 90 seconds left.\n|\n|t:|1782803668\n|move|p2a: Carbink|Body Press|p1a: Ting-Lu\n|-supereffective|p1a: Ting-Lu\n|-damage|p1a: Ting-Lu|0 fnt\n|faint|p1a: Ting-Lu\n|\n|-heal|p2a: Carbink|150/236 brn|[from] item: Leftovers\n|-damage|p2a: Carbink|136/236 brn|[from] brn\n|upkeep\n|\n|t:|1782803679\n|switch|p1a: Whiscash|Whiscash, L88, F|337/337\n|turn|13\n|\n|t:|1782803690\n|move|p2a: Carbink|Body Press|p1a: Whiscash\n|-damage|p1a: Whiscash|98/337\n|move|p1a: Whiscash|Ice Beam|p2a: Carbink\n|-damage|p2a: Carbink|99/236 brn\n|\n|-heal|p2a: Carbink|113/236 brn|[from] item: Leftovers\n|-heal|p1a: Whiscash|119/337|[from] item: Leftovers\n|-damage|p2a: Carbink|99/236 brn|[from] brn\n|upkeep\n|turn|14\n|\n|t:|1782803699\n|move|p2a: Carbink|Body Press|p1a: Whiscash\n|-damage|p1a: Whiscash|0 fnt\n|faint|p1a: Whiscash\n|\n|-heal|p2a: Carbink|113/236 brn|[from] item: Leftovers\n|-damage|p2a: Carbink|99/236 brn|[from] brn\n|upkeep\n|\n|t:|1782803702\n|switch|p1a: Breloom|Breloom, L83, M|235/235\n|turn|15\n|\n|t:|1782803709\n|move|p1a: Breloom|Mach Punch|p2a: Carbink\n|-damage|p2a: Carbink|78/236 brn\n|-damage|p1a: Breloom|212/235|[from] item: Life Orb\n|move|p2a: Carbink|Body Press|p1a: Breloom\n|-damage|p1a: Breloom|0 fnt\n|faint|p1a: Breloom\n|\n|-heal|p2a: Carbink|92/236 brn|[from] item: Leftovers\n|-damage|p2a: Carbink|78/236 brn|[from] brn\n|upkeep\n|inactive|icetimed112233 has 90 seconds left.\n|\n|t:|1782803719\n|switch|p1a: Floatzel|Floatzel, L86, M|286/286\n|turn|16\n|inactive|icetimed112233 has 90 seconds left.\n|\n|t:|1782803725\n|-terastallize|p1a: Floatzel|Water\n|move|p2a: Carbink|Body Press|p1a: Floatzel\n|-damage|p1a: Floatzel|8/286\n|move|p1a: Floatzel|Wave Crash|p2a: Carbink\n|-damage|p2a: Carbink|22/236 brn\n|-damage|p1a: Floatzel|0 fnt|[from] Recoil\n|faint|p1a: Floatzel\n|\n|-heal|p2a: Carbink|36/236 brn|[from] item: Leftovers\n|-damage|p2a: Carbink|22/236 brn|[from] brn\n|upkeep\n|inactive|icetimed112233 has 90 seconds left.\n|\n|t:|1782803735\n|switch|p1a: Coalossal|Coalossal, L89, F|227/341\n|turn|17\n|\n|t:|1782803739\n|move|p2a: Carbink|Body Press|p1a: Coalossal\n|-supereffective|p1a: Coalossal\n|-damage|p1a: Coalossal|0 fnt\n|faint|p1a: Coalossal\n|\n|win|honque honque\n|raw|icetimed112233's rating: 1062 &rarr; <strong>1046</strong><br />(-16 for losing)\n|raw|honque honque's rating: 1116 &rarr; <strong>1137</strong><br />(+21 for winning)\n|l|\u2606icetimed112233\n|player|p1|\n", "inputlog": ">version f8ac14003a5f27e1bdc8d8c59608a773c1cb96e5\n>start {\"formatid\":\"gen9randombattle\",\"seed\":\"sodium,5eb1e67c61f70c310691683e6ae0ea26\",\"rated\":\"Rated battle\"}\n>player p1 {\"name\":\"icetimed112233\",\"avatar\":\"102\",\"rating\":1062,\"seed\":\"sodium,b4f77c83b09dd8e6f46e6a7144897f60\"}\n>player p2 {\"name\":\"honque honque\",\"avatar\":\"169\",\"rating\":1116,\"seed\":\"sodium,f257c76a38617b61e6fd823fc6feafb7\"}\n>p1 switch 3\n>p2 move poltergeist\n>p1 move spikes\n>p2 move poltergeist\n>p1 switch 6\n>p1 move overheat\n>p2 switch 6\n>p1 move willowisp\n>p2 move throatchop\n>p1 move stoneedge\n>p2 move bodyslam\n>p1 move rapidspin\n>p2 move rest\n>p1 move stoneedge\n>p2 switch 4\n>p1 move willowisp\n>p2 move irondefense\n>p1 move stoneedge\n>p2 move irondefense\n>p1 switch 5\n>p2 move rockpolish\n>p1 move earthquake\n>p2 move bodypress terastallize\n>p1 move ruination\n>p2 move bodypress\n>p1 switch 4\n>p1 move icebeam\n>p2 move bodypress\n>p1 move spikes\n>p2 move bodypress\n>p1 switch 3\n>p1 move machpunch\n>p2 move bodypress\n>p1 switch 2\n>p1 move wavecrash terastallize\n>p2 move bodypress\n>p1 switch 5\n>p1 move stoneedge\n>p2 move bodypress", "uploadtime": 1782803745, "views": 13, "formatid": "gen9randombattle", "rating": 1046, "private": 0, "password": null, "player_dets": [{"name": "icetimed112233", "avatar": "102", "rating": 1062, "seed": "sodium,b4f77c83b09dd8e6f46e6a7144897f60"}, {"name": "honque honque", "avatar": "169", "rating": 1116, "seed": "sodium,f257c76a38617b61e6fd823fc6feafb7"}], "teams_full": [{"Breloom": {"name": "Breloom", "species": "Breloom", "speciesId": "breloom", "gender": "M", "shiny": false, "level": 83, "moves": ["bulletseed", "spore", "machpunch", "swordsdance"], "ability": "Technician", "evs": {"hp": 85, "atk": 85, "def": 85, "spa": 85, "spd": 85, "spe": 85}, "ivs": {"hp": 31, "atk": 31, "def": 31, "spa": 31, "spd": 31, "spe": 31}, "item": "Life Orb", "teraType": "Fighting", "role": "Fast Attacker", "bvs": {"hp": 60, "atk": 130, "def": 80, "spa": 60, "spd": 60, "spe": 70}, "stats": {"hp": 235, "atk": 263, "def": 180, "spa": 147, "spd": 147, "spe": 164}, "types": ["Grass", "Fighting"]}, "Floatzel": {"name": "Floatzel", "species": "Floatzel", "speciesId": "floatzel", "gender": "M", "shiny": false, "level": 86, "moves": ["wavecrash", "flipturn", "crunch", "icespinner"], "ability": "Water Veil", "evs": {"hp": 85, "atk": 85, "def": 85, "spa": 85, "spd": 85, "spe": 85}, "ivs": {"hp": 31, "atk": 31, "def": 31, "spa": 31, "spd": 31, "spe": 31}, "item": "Choice Band", "teraType": "Water", "role": "Wallbreaker", "bvs": {"hp": 85, "atk": 105, "def": 55, "spa": 85, "spd": 50, "spe": 115}, "stats": {"hp": 286, "atk": 230, "def": 144, "spa": 195, "spd": 135, "spe": 247}, "types": ["Water"]}, "Forretress": {"name": "Forretress", "species": "Forretress", "speciesId": "forretress", "gender": "M", "shiny": false, "level": 84, "moves": ["ironhead", "bodypress", "spikes", "stealthrock"], "ability": "Sturdy", "evs": {"hp": 85, "atk": 85, "def": 85, "spa": 85, "spd": 85, "spe": 85}, "ivs": {"hp": 31, "atk": 31, "def": 31, "spa": 31, "spd": 31, "spe": 31}, "item": "Leftovers", "teraType": "Fighting", "role": "Bulky Attacker", "bvs": {"hp": 75, "atk": 90, "def": 140, "spa": 60, "spd": 60, "spe": 40}, "stats": {"hp": 263, "atk": 199, "def": 283, "spa": 149, "spd": 149, "spe": 115}, "types": ["Bug", "Steel"]}, "Whiscash": {"name": "Whiscash", "species": "Whiscash", "speciesId": "whiscash", "gender": "F", "shiny": false, "level": 88, "moves": ["spikes", "icebeam", "hydropump", "earthquake"], "ability": "Oblivious", "evs": {"hp": 85, "atk": 85, "def": 85, "spa": 85, "spd": 85, "spe": 85}, "ivs": {"hp": 31, "atk": 31, "def": 31, "spa": 31, "spd": 31, "spe": 31}, "item": "Leftovers", "teraType": "Poison", "role": "Bulky Support", "bvs": {"hp": 110, "atk": 78, "def": 73, "spa": 76, "spd": 71, "spe": 60}, "stats": {"hp": 337, "atk": 188, "def": 179, "spa": 184, "spd": 175, "spe": 156}, "types": ["Water", "Ground"]}, "Ting-Lu": {"name": "Ting-Lu", "species": "Ting-Lu", "speciesId": "tinglu", "gender": "N", "shiny": false, "level": 78, "moves": ["payback", "earthquake", "ruination", "heavyslam"], "ability": "Vessel of Ruin", "evs": {"hp": 85, "atk": 85, "def": 85, "spa": 85, "spd": 85, "spe": 85}, "ivs": {"hp": 31, "atk": 31, "def": 31, "spa": 31, "spd": 31, "spe": 31}, "item": "Assault Vest", "teraType": "Steel", "role": "Bulky Attacker", "bvs": {"hp": 155, "atk": 110, "def": 125, "spa": 55, "spd": 80, "spe": 45}, "stats": {"hp": 370, "atk": 217, "def": 240, "spa": 131, "spd": 170, "spe": 115}, "types": ["Dark", "Ground"]}, "Coalossal": {"name": "Coalossal", "species": "Coalossal", "speciesId": "coalossal", "gender": "F", "shiny": false, "level": 89, "moves": ["overheat", "rapidspin", "willowisp", "stoneedge"], "ability": "Flame Body", "evs": {"hp": 85, "atk": 85, "def": 85, "spa": 85, "spd": 85, "spe": 85}, "ivs": {"hp": 31, "atk": 31, "def": 31, "spa": 31, "spd": 31, "spe": 31}, "item": "Heavy-Duty Boots", "teraType": "Water", "role": "Bulky Support", "bvs": {"hp": 110, "atk": 80, "def": 120, "spa": 80, "spd": 90, "spe": 30}, "stats": {"hp": 341, "atk": 193, "def": 264, "spa": 193, "spd": 211, "spe": 104}, "types": ["Rock", "Fire"]}}, {"Trevenant": {"name": "Trevenant", "species": "Trevenant", "speciesId": "trevenant", "gender": "M", "shiny": false, "level": 89, "moves": ["poltergeist", "woodhammer", "hornleech", "drainpunch"], "ability": "Natural Cure", "evs": {"hp": 85, "atk": 85, "def": 85, "spa": 85, "spd": 85, "spe": 85}, "ivs": {"hp": 31, "atk": 31, "def": 31, "spa": 31, "spd": 31, "spe": 31}, "item": "Choice Band", "teraType": "Fighting", "role": "Wallbreaker", "bvs": {"hp": 85, "atk": 110, "def": 76, "spa": 65, "spd": 82, "spe": 56}, "stats": {"hp": 296, "atk": 247, "def": 186, "spa": 166, "spd": 197, "spe": 150}, "types": ["Ghost", "Grass"]}, "Archaludon": {"name": "Archaludon", "species": "Archaludon", "speciesId": "archaludon", "gender": "F", "shiny": false, "level": 78, "moves": ["dragontail", "dracometeor", "flashcannon", "bodypress"], "ability": "Stamina", "evs": {"hp": 85, "atk": 85, "def": 85, "spa": 85, "spd": 85, "spe": 85}, "ivs": {"hp": 31, "atk": 31, "def": 31, "spa": 31, "spd": 31, "spe": 31}, "item": "Assault Vest", "teraType": "Fighting", "role": "Bulky Attacker", "bvs": {"hp": 90, "atk": 105, "def": 130, "spa": 125, "spd": 65, "spe": 85}, "stats": {"hp": 268, "atk": 209, "def": 248, "spa": 240, "spd": 146, "spe": 178}, "types": ["Steel", "Dragon"]}, "Lunala": {"name": "Lunala", "species": "Lunala", "speciesId": "lunala", "gender": "N", "shiny": false, "level": 70, "moves": ["moonlight", "calmmind", "psyshock", "moongeistbeam"], "ability": "Shadow Shield", "evs": {"hp": 85, "atk": 0, "def": 85, "spa": 85, "spd": 85, "spe": 85}, "ivs": {"hp": 31, "atk": 0, "def": 31, "spa": 31, "spd": 31, "spe": 31}, "item": "Leftovers", "teraType": "Dark", "role": "Fast Bulky Setup", "bvs": {"hp": 137, "atk": 113, "def": 89, "spa": 137, "spd": 107, "spe": 97}, "stats": {"hp": 308, "atk": 163, "def": 166, "spa": 233, "spd": 191, "spe": 177}, "types": ["Psychic", "Ghost"]}, "Carbink": {"name": "Carbink", "species": "Carbink", "speciesId": "carbink", "gender": "N", "shiny": false, "level": 90, "moves": ["moonblast", "bodypress", "irondefense", "rockpolish"], "ability": "Clear Body", "evs": {"hp": 85, "atk": 0, "def": 85, "spa": 85, "spd": 85, "spe": 85}, "ivs": {"hp": 31, "atk": 0, "def": 31, "spa": 31, "spd": 31, "spe": 31}, "item": "Leftovers", "teraType": "Fighting", "role": "Fast Bulky Setup", "bvs": {"hp": 50, "atk": 50, "def": 150, "spa": 50, "spd": 150, "spe": 50}, "stats": {"hp": 236, "atk": 95, "def": 321, "spa": 141, "spd": 321, "spe": 141}, "types": ["Rock", "Fairy"]}, "Rotom": {"name": "Rotom", "species": "Rotom-Heat", "speciesId": "rotomheat", "gender": "N", "shiny": false, "level": 83, "moves": ["voltswitch", "willowisp", "discharge", "overheat"], "ability": "Levitate", "evs": {"hp": 85, "atk": 0, "def": 85, "spa": 85, "spd": 85, "spe": 85}, "ivs": {"hp": 31, "atk": 0, "def": 31, "spa": 31, "spd": 31, "spe": 31}, "item": "Heavy-Duty Boots", "teraType": "Electric", "role": "Bulky Support", "bvs": {"hp": 50, "atk": 65, "def": 107, "spa": 105, "spd": 107, "spe": 86}, "stats": {"hp": 219, "atk": 112, "def": 225, "spa": 222, "spd": 225, "spe": 190}, "types": ["Electric", "Fire"]}, "Ursaring": {"name": "Ursaring", "species": "Ursaring", "speciesId": "ursaring", "gender": "M", "shiny": false, "level": 84, "moves": ["sleeptalk", "throatchop", "bodyslam", "rest"], "ability": "Guts", "evs": {"hp": 85, "atk": 85, "def": 85, "spa": 85, "spd": 85, "spe": 85}, "ivs": {"hp": 31, "atk": 31, "def": 31, "spa": 31, "spd": 31, "spe": 31}, "item": "Eviolite", "teraType": "Ghost", "role": "Bulky Attacker", "bvs": {"hp": 90, "atk": 130, "def": 75, "spa": 75, "spd": 75, "spe": 55}, "stats": {"hp": 288, "atk": 267, "def": 174, "spa": 174, "spd": 174, "spe": 141}, "types": ["Normal"]}}]}