{"id": "gen9randombattle-2641399662", "format": "[Gen 9] Random Battle", "players": ["grass1234567", "Hamberino"], "log": "|j|\u2606grass1234567\n|j|\u2606Hamberino\n|t:|1782778984\n|gametype|singles\n|player|p1|grass1234567|pokemaniac|2044\n|player|p2|Hamberino|pokemonbreeder-gen4|2173\n|gen|9\n|tier|[Gen 9] Random Battle\n|rated|\n|rule|Species Clause: Limit one of each Pok\u00e9mon\n|rule|HP Percentage Mod: HP is shown in percentages\n|rule|Sleep Clause Mod: Limit one foe put to sleep\n|rule|Illusion Level Mod: Illusion disguises the Pok\u00e9mon's true level\n|\n|t:|1782778984\n|teamsize|p1|6\n|teamsize|p2|6\n|start\n|switch|p1a: Kricketune|Kricketune, L99, M|311/311\n|switch|p2a: Pelipper|Pelipper, L86, F|243/243\n|-weather|RainDance|[from] ability: Drizzle|[of] p2a: Pelipper\n|turn|1\n|inactive|Battle timer is ON: inactive players will automatically lose when time's up. (requested by Hamberino)\n|\n|t:|1782778999\n|move|p1a: Kricketune|Sticky Web|p2a: Pelipper\n|-sidestart|p2: Hamberino|move: Sticky Web\n|move|p2a: Pelipper|Hurricane|p1a: Kricketune\n|-supereffective|p1a: Kricketune\n|-enditem|p1a: Kricketune|Focus Sash\n|-damage|p1a: Kricketune|1/311\n|-start|p1a: Kricketune|confusion\n|\n|-weather|RainDance|[upkeep]\n|upkeep\n|turn|2\n|\n|t:|1782779014\n|switch|p1a: Scream Tail|Scream Tail, L84|330/330\n|switch|p2a: Avalugg|Avalugg-Hisui, L90, F|317/317\n|\n|-weather|RainDance|[upkeep]\n|upkeep\n|turn|3\n|\n|t:|1782779040\n|-end|p1a: Scream Tail|Protosynthesis|[silent]\n|switch|p1a: Golduck|Golduck, L90, F|290/290\n|-ability|p1a: Golduck|Cloud Nine\n|move|p2a: Avalugg|Rapid Spin|p1a: Golduck\n|-damage|p1a: Golduck|233/290\n|-boost|p2a: Avalugg|spe|1\n|-sideend|p2: Hamberino|Sticky Web|[from] move: Rapid Spin|[of] p2a: Avalugg\n|\n|-weather|RainDance|[upkeep]\n|upkeep\n|turn|4\n|\n|t:|1782779054\n|switch|p2a: Pelipper|Pelipper, L86, F|243/243\n|move|p1a: Golduck|Grass Knot|p2a: Pelipper\n|-damage|p2a: Pelipper|161/243\n|\n|-weather|RainDance|[upkeep]\n|upkeep\n|turn|5\n|\n|t:|1782779062\n|switch|p1a: Scream Tail|Scream Tail, L84|330/330\n|move|p2a: Pelipper|Knock Off|p1a: Scream Tail\n|-damage|p1a: Scream Tail|290/330\n|-enditem|p1a: Scream Tail|Leftovers|[from] move: Knock Off|[of] p2a: Pelipper\n|\n|-weather|none\n|upkeep\n|turn|6\n|\n|t:|1782779071\n|switch|p2a: Avalugg|Avalugg-Hisui, L90, F|317/317\n|move|p1a: Scream Tail|Wish|p1a: Scream Tail\n|\n|upkeep\n|turn|7\n|\n|t:|1782779091\n|switch|p2a: Pelipper|Pelipper, L86, F|161/243\n|-weather|RainDance|[from] ability: Drizzle|[of] p2a: Pelipper\n|move|p1a: Scream Tail|Dazzling Gleam|p2a: Pelipper\n|-damage|p2a: Pelipper|85/243\n|\n|-weather|RainDance|[upkeep]\n|-heal|p1a: Scream Tail|330/330|[from] move: Wish|[wisher] Scream Tail\n|upkeep\n|turn|8\n|\n|t:|1782779114\n|move|p1a: Scream Tail|Dazzling Gleam|p2a: Pelipper\n|-damage|p2a: Pelipper|16/243\n|move|p2a: Pelipper|Roost|p2a: Pelipper\n|-heal|p2a: Pelipper|138/243\n|-singleturn|p2a: Pelipper|move: Roost\n|\n|-weather|RainDance|[upkeep]\n|upkeep\n|turn|9\n|\n|t:|1782779121\n|move|p1a: Scream Tail|Encore|p2a: Pelipper\n|-start|p2a: Pelipper|Encore\n|move|p2a: Pelipper|Roost|p2a: Pelipper\n|-heal|p2a: Pelipper|243/243\n|-singleturn|p2a: Pelipper|move: Roost\n|\n|-weather|RainDance|[upkeep]\n|upkeep\n|turn|10\n|inactive|grass1234567 has 120 seconds left.\n|\n|t:|1782779148\n|switch|p2a: Heatran|Heatran, L79, F|273/273\n|-item|p2a: Heatran|Air Balloon\n|move|p1a: Scream Tail|Wish|p1a: Scream Tail\n|\n|-weather|RainDance|[upkeep]\n|upkeep\n|turn|11\n|inactive|Hamberino has 120 seconds left.\n|\n|t:|1782779180\n|-end|p1a: Scream Tail|Protosynthesis|[silent]\n|switch|p1a: Kricketune|Kricketune, L99, M|1/311\n|move|p2a: Heatran|Stealth Rock|p1a: Kricketune\n|-sidestart|p1: grass1234567|move: Stealth Rock\n|\n|-weather|none\n|-heal|p1a: Kricketune|166/311|[from] move: Wish|[wisher] Scream Tail\n|upkeep\n|turn|12\n|inactive|grass1234567 has 120 seconds left.\n|\n|t:|1782779211\n|switch|p1a: Golduck|Golduck, L90, F|233/290\n|-damage|p1a: Golduck|197/290|[from] Stealth Rock\n|-ability|p1a: Golduck|Cloud Nine\n|move|p2a: Heatran|Lava Plume|p1a: Golduck\n|-resisted|p1a: Golduck\n|-damage|p1a: Golduck|147/290\n|\n|upkeep\n|turn|13\n|\n|t:|1782779225\n|switch|p2a: Rayquaza|Rayquaza, L72|270/270\n|-ability|p2a: Rayquaza|Air Lock\n|move|p1a: Golduck|Flip Turn|p2a: Rayquaza\n|-resisted|p2a: Rayquaza\n|-damage|p2a: Rayquaza|237/270\n|\n|t:|1782779243\n|switch|p1a: Gumshoos|Gumshoos, L95, F|321/321|[from] Flip Turn\n|-damage|p1a: Gumshoos|281/321|[from] Stealth Rock\n|\n|upkeep\n|turn|14\n|\n|t:|1782779258\n|switch|p2a: Avalugg|Avalugg-Hisui, L90, F|317/317\n|move|p1a: Gumshoos|Double-Edge|p2a: Avalugg\n|-resisted|p2a: Avalugg\n|-damage|p2a: Avalugg|168/317\n|-damage|p1a: Gumshoos|232/321|[from] Recoil\n|\n|upkeep\n|turn|15\n|inactive|grass1234567 has 90 seconds left.\n|\n|t:|1782779292\n|switch|p1a: Scream Tail|Scream Tail, L84|330/330\n|-damage|p1a: Scream Tail|289/330|[from] Stealth Rock\n|move|p2a: Avalugg|Stone Edge|p1a: Scream Tail\n|-damage|p1a: Scream Tail|139/330\n|\n|upkeep\n|turn|16\n|inactive|Hamberino has 120 seconds left.\n|\n|t:|1782779322\n|move|p1a: Scream Tail|Wish|p1a: Scream Tail\n|move|p2a: Avalugg|Stone Edge|p1a: Scream Tail\n|-damage|p1a: Scream Tail|7/330\n|\n|upkeep\n|turn|17\n|inactive|grass1234567 has 60 seconds left.\n|\n|t:|1782779365\n|move|p1a: Scream Tail|Protect|p1a: Scream Tail\n|-singleturn|p1a: Scream Tail|Protect\n|move|p2a: Avalugg|Recover|p2a: Avalugg\n|-heal|p2a: Avalugg|317/317\n|\n|-heal|p1a: Scream Tail|172/330|[from] move: Wish|[wisher] Scream Tail\n|upkeep\n|turn|18\n|\n|t:|1782779372\n|switch|p2a: Heatran|Heatran, L79, F|273/273\n|-item|p2a: Heatran|Air Balloon\n|move|p1a: Scream Tail|Wish|p1a: Scream Tail\n|\n|upkeep\n|turn|19\n|inactive|grass1234567 has 60 seconds left.\n|\n|t:|1782779386\n|-end|p1a: Scream Tail|Protosynthesis|[silent]\n|switch|p1a: Golduck|Golduck, L90, F|147/290\n|-damage|p1a: Golduck|111/290|[from] Stealth Rock\n|-ability|p1a: Golduck|Cloud Nine\n|move|p2a: Heatran|Heavy Slam|p1a: Golduck\n|-resisted|p1a: Golduck\n|-damage|p1a: Golduck|55/290\n|\n|-heal|p1a: Golduck|220/290|[from] move: Wish|[wisher] Scream Tail\n|upkeep\n|turn|20\n|inactive|grass1234567 has 60 seconds left.\n|\n|t:|1782779404\n|switch|p2a: Pelipper|Pelipper, L86, F|243/243\n|-weather|RainDance|[from] ability: Drizzle|[of] p2a: Pelipper\n|move|p1a: Golduck|Hydro Pump|p2a: Pelipper\n|-resisted|p2a: Pelipper\n|-damage|p2a: Pelipper|136/243\n|\n|-weather|RainDance|[upkeep]\n|upkeep\n|turn|21\n|\n|t:|1782779428\n|switch|p1a: Hoopa|Hoopa-Unbound, L80|259/259\n|-damage|p1a: Hoopa|227/259|[from] Stealth Rock\n|move|p2a: Pelipper|Roost|p2a: Pelipper\n|-heal|p2a: Pelipper|243/243\n|-singleturn|p2a: Pelipper|move: Roost\n|\n|-weather|RainDance|[upkeep]\n|upkeep\n|turn|22\n|\n|t:|1782779441\n|switch|p2a: Cobalion|Cobalion, L80|277/277\n|move|p1a: Hoopa|Psychic|p2a: Cobalion\n|-crit|p2a: Cobalion\n|-damage|p2a: Cobalion|28/277\n|\n|-weather|RainDance|[upkeep]\n|-heal|p2a: Cobalion|45/277|[from] item: Leftovers\n|upkeep\n|turn|23\n|\n|t:|1782779457\n|move|p2a: Cobalion|Thunder Wave|p1a: Hoopa\n|-status|p1a: Hoopa|par\n|move|p1a: Hoopa|Hyperspace Fury|p2a: Cobalion\n|-resisted|p2a: Cobalion\n|-damage|p2a: Cobalion|0 fnt\n|-unboost|p1a: Hoopa|def|1\n|faint|p2a: Cobalion\n|\n|-weather|RainDance|[upkeep]\n|upkeep\n|\n|t:|1782779479\n|switch|p2a: Rayquaza|Rayquaza, L72|237/270\n|-ability|p2a: Rayquaza|Air Lock\n|turn|24\n|\n|t:|1782779495\n|switch|p1a: Golduck|Golduck, L90, F|220/290\n|-damage|p1a: Golduck|184/290|[from] Stealth Rock\n|-ability|p1a: Golduck|Cloud Nine\n|move|p2a: Rayquaza|Dragon Ascent|p1a: Golduck\n|-damage|p1a: Golduck|40/290\n|-unboost|p2a: Rayquaza|def|1\n|-unboost|p2a: Rayquaza|spd|1\n|\n|-weather|none\n|upkeep\n|turn|25\n|\n|t:|1782779510\n|move|p1a: Golduck|Hydro Pump|p2a: Rayquaza\n|-resisted|p2a: Rayquaza\n|-damage|p2a: Rayquaza|64/270\n|move|p2a: Rayquaza|Dragon Dance|p2a: Rayquaza\n|-boost|p2a: Rayquaza|atk|1\n|-boost|p2a: Rayquaza|spe|1\n|\n|upkeep\n|turn|26\n|\n|t:|1782779520\n|move|p2a: Rayquaza|Earthquake|p1a: Golduck\n|-damage|p1a: Golduck|0 fnt\n|faint|p1a: Golduck\n|\n|upkeep\n|inactive|grass1234567 has 30 seconds left.\n|\n|t:|1782779536\n|switch|p1a: Pelipper|Pelipper, L86, F|243/243\n|-damage|p1a: Pelipper|183/243|[from] Stealth Rock\n|-weather|RainDance|[from] ability: Drizzle|[of] p1a: Pelipper\n|turn|27\n|inactive|grass1234567 has 30 seconds left.\n|\n|t:|1782779548\n|move|p2a: Rayquaza|Dragon Ascent|p1a: Pelipper\n|-damage|p1a: Pelipper|2/243\n|-unboost|p2a: Rayquaza|def|1\n|-unboost|p2a: Rayquaza|spd|1\n|move|p1a: Pelipper|Weather Ball|p2a: Rayquaza\n|-damage|p2a: Rayquaza|0 fnt\n|faint|p2a: Rayquaza\n|\n|-weather|RainDance|[upkeep]\n|upkeep\n|\n|t:|1782779561\n|switch|p2a: Heatran|Heatran, L79, F|273/273\n|-item|p2a: Heatran|Air Balloon\n|turn|28\n|\n|t:|1782779569\n|move|p2a: Heatran|Lava Plume|p1a: Pelipper\n|-resisted|p1a: Pelipper\n|-damage|p1a: Pelipper|0 fnt\n|faint|p1a: Pelipper\n|\n|-weather|RainDance|[upkeep]\n|upkeep\n|inactive|grass1234567 has 30 seconds left.\n|inactive|grass1234567 has 20 seconds left.\n|\n|t:|1782779596\n|switch|p1a: Scream Tail|Scream Tail, L84|172/330\n|-damage|p1a: Scream Tail|131/330|[from] Stealth Rock\n|turn|29\n|inactive|grass1234567 has 30 seconds left this turn.\n|\n|t:|1782779613\n|move|p1a: Scream Tail|Encore|p2a: Heatran\n|-start|p2a: Heatran|Encore\n|move|p2a: Heatran|Lava Plume|p1a: Scream Tail\n|-damage|p1a: Scream Tail|94/330\n|\n|-weather|RainDance|[upkeep]\n|upkeep\n|turn|30\n|\n|t:|1782779621\n|switch|p2a: Pelipper|Pelipper, L86, F|243/243\n|move|p1a: Scream Tail|Wish|p1a: Scream Tail\n|\n|-weather|RainDance|[upkeep]\n|upkeep\n|turn|31\n|inactive|grass1234567 has 30 seconds left.\n|\n|t:|1782779644\n|move|p1a: Scream Tail|Protect|p1a: Scream Tail\n|-singleturn|p1a: Scream Tail|Protect\n|move|p2a: Pelipper|Hydro Pump|p1a: Scream Tail\n|-activate|p1a: Scream Tail|move: Protect\n|\n|-weather|none\n|-heal|p1a: Scream Tail|259/330|[from] move: Wish|[wisher] Scream Tail\n|upkeep\n|turn|32\n|inactive|grass1234567 has 30 seconds left.\n|\n|t:|1782779654\n|switch|p2a: Heatran|Heatran, L79, F|273/273\n|-item|p2a: Heatran|Air Balloon\n|move|p1a: Scream Tail|Wish|p1a: Scream Tail\n|\n|upkeep\n|turn|33\n|inactive|grass1234567 has 30 seconds left.\n|inactive|Hamberino has 120 seconds left.\n|\n|t:|1782779702\n|-end|p1a: Scream Tail|Protosynthesis|[silent]\n|switch|p1a: Gumshoos|Gumshoos, L95, F|232/321\n|-damage|p1a: Gumshoos|192/321|[from] Stealth Rock\n|move|p2a: Heatran|Heavy Slam|p1a: Gumshoos\n|-damage|p1a: Gumshoos|63/321\n|\n|-heal|p1a: Gumshoos|228/321|[from] move: Wish|[wisher] Scream Tail\n|upkeep\n|turn|34\n|inactive|grass1234567 has 30 seconds left.\n|inactive|grass1234567 has 20 seconds left.\n|\n|t:|1782779723\n|move|p2a: Heatran|Lava Plume|p1a: Gumshoos\n|-damage|p1a: Gumshoos|119/321\n|move|p1a: Gumshoos|Knock Off|p2a: Heatran\n|-damage|p2a: Heatran|142/273\n|-enditem|p2a: Heatran|Air Balloon\n|\n|upkeep\n|turn|35\n|inactive|grass1234567 has 30 seconds left this turn.\n|\n|t:|1782779734\n|move|p2a: Heatran|Heavy Slam|p1a: Gumshoos\n|-damage|p1a: Gumshoos|0 fnt\n|faint|p1a: Gumshoos\n|\n|upkeep\n|inactive|grass1234567 has 30 seconds left this turn.\n|-message|grass1234567 forfeited.\n|\n|win|Hamberino\n|raw|grass1234567's rating: 2044 &rarr; <strong>2031</strong><br />(-13 for losing)\n|raw|Hamberino's rating: 2173 &rarr; <strong>2186</strong><br />(+13 for winning)\n", "inputlog": ">version f8ac14003a5f27e1bdc8d8c59608a773c1cb96e5\n>start {\"formatid\":\"gen9randombattle\",\"seed\":\"sodium,a75b32d6f82af049c32090ab440e5dfa\",\"rated\":\"Rated battle\"}\n>player p1 {\"name\":\"grass1234567\",\"avatar\":\"pokemaniac\",\"rating\":2044,\"seed\":\"sodium,78e7e5ecfb6f23882aa998103d324540\"}\n>player p2 {\"name\":\"Hamberino\",\"avatar\":\"pokemonbreeder-gen4\",\"rating\":2173,\"seed\":\"sodium,d2a03bd0c0321d4b646e41447699c0de\"}\n>p1 move stickyweb\n>p2 move hurricane\n>p1 switch 4\n>p2 switch 2\n>p1 switch 5\n>p2 move rapidspin\n>p1 move grassknot\n>p2 switch 2\n>p1 switch 5\n>p2 move knockoff\n>p1 move wish\n>p2 switch 2\n>p1 move dazzlinggleam\n>p2 switch 2\n>p1 move dazzlinggleam\n>p2 move roost\n>p1 move encore\n>p2 move roost\n>p1 move wish\n>p2 switch 4\n>p1 switch 4\n>p2 move stealthrock\n>p1 switch 5\n>p2 move lavaplume\n>p1 move flipturn\n>p2 switch 3\n>p1 switch 3\n>p1 move doubleedge\n>p2 switch 2\n>p1 switch 4\n>p2 move stoneedge\n>p1 move wish\n>p2 move stoneedge\n>p1 move protect\n>p2 move recover\n>p1 move wish\n>p2 switch 3\n>p1 switch 3\n>p2 move heavyslam\n>p1 move hydropump\n>p2 switch 4\n>p1 switch 2\n>p2 move roost\n>p1 move psychic\n>p2 switch 5\n>p1 move hyperspacefury\n>p2 move thunderwave\n>p2 switch 2\n>p1 switch 2\n>p2 move dragonascent\n>p1 move hydropump\n>p2 move dragondance\n>p1 move hydropump\n>p2 move earthquake\n>p1 switch 6\n>p1 move weatherball\n>p2 move dragonascent\n>p2 switch 4\n>p1 move weatherball\n>p2 move lavaplume\n>p1 switch 3\n>p1 move encore\n>p2 move heavyslam\n>p1 move wish\n>p2 switch 5\n>p1 move protect\n>p2 move hydropump\n>p1 move wish\n>p2 switch 5\n>p1 switch 4\n>p2 move heavyslam\n>p1 move knockoff\n>p2 move lavaplume\n>p1 move knockoff\n>p2 move heavyslam\n>forcelose p1", "uploadtime": 1782779734, "views": 7, "formatid": "gen9randombattle", "rating": 2031, "private": 0, "password": null, "player_dets": [{"name": "grass1234567", "avatar": "pokemaniac", "rating": 2044, "seed": "sodium,78e7e5ecfb6f23882aa998103d324540"}, {"name": "Hamberino", "avatar": "pokemonbreeder-gen4", "rating": 2173, "seed": "sodium,d2a03bd0c0321d4b646e41447699c0de"}], "teams_full": [{"Kricketune": {"name": "Kricketune", "species": "Kricketune", "speciesId": "kricketune", "gender": "M", "shiny": false, "level": 99, "moves": ["knockoff", "pounce", "taunt", "stickyweb"], "ability": "Technician", "evs": {"hp": 81, "atk": 85, "def": 85, "spa": 85, "spd": 85, "spe": 85}, "ivs": {"hp": 31, "atk": 31, "def": 31, "spa": 31, "spd": 31, "spe": 31}, "item": "Focus Sash", "teraType": "Ghost", "role": "Fast Support", "bvs": {"hp": 77, "atk": 85, "def": 51, "spa": 55, "spd": 51, "spe": 65}, "stats": {"hp": 311, "atk": 224, "def": 157, "spa": 165, "spd": 157, "spe": 185}, "types": ["Bug"]}, "Hoopa": {"name": "Hoopa", "species": "Hoopa-Unbound", "speciesId": "hoopaunbound", "gender": "N", "shiny": false, "level": 80, "moves": ["hyperspacefury", "psychic", "gunkshot", "focusblast"], "ability": "Magician", "evs": {"hp": 85, "atk": 85, "def": 85, "spa": 85, "spd": 85, "spe": 85}, "ivs": {"hp": 31, "atk": 31, "def": 31, "spa": 31, "spd": 31, "spe": 31}, "item": "Assault Vest", "teraType": "Poison", "role": "Bulky Attacker", "bvs": {"hp": 80, "atk": 160, "def": 60, "spa": 170, "spd": 130, "spe": 80}, "stats": {"hp": 259, "atk": 302, "def": 142, "spa": 318, "spd": 254, "spe": 174}, "types": ["Psychic", "Dark"]}, "Gumshoos": {"name": "Gumshoos", "species": "Gumshoos", "speciesId": "gumshoos", "gender": "F", "shiny": false, "level": 95, "moves": ["uturn", "knockoff", "earthquake", "doubleedge"], "ability": "Stakeout", "evs": {"hp": 85, "atk": 85, "def": 85, "spa": 85, "spd": 85, "spe": 85}, "ivs": {"hp": 31, "atk": 31, "def": 31, "spa": 31, "spd": 31, "spe": 31}, "item": "Choice Band", "teraType": "Ground", "role": "Fast Attacker", "bvs": {"hp": 88, "atk": 110, "def": 60, "spa": 55, "spd": 60, "spe": 45}, "stats": {"hp": 321, "atk": 263, "def": 168, "spa": 158, "spd": 168, "spe": 139}, "types": ["Normal"]}, "Scream Tail": {"name": "Scream Tail", "species": "Scream Tail", "speciesId": "screamtail", "gender": "N", "shiny": false, "level": 84, "moves": ["protect", "encore", "dazzlinggleam", "wish"], "ability": "Protosynthesis", "evs": {"hp": 85, "atk": 0, "def": 85, "spa": 85, "spd": 85, "spe": 85}, "ivs": {"hp": 31, "atk": 0, "def": 31, "spa": 31, "spd": 31, "spe": 31}, "item": "Leftovers", "teraType": "Poison", "role": "Bulky Attacker", "bvs": {"hp": 115, "atk": 65, "def": 99, "spa": 65, "spd": 115, "spe": 111}, "stats": {"hp": 330, "atk": 114, "def": 215, "spa": 157, "spd": 241, "spe": 235}, "types": ["Fairy", "Psychic"]}, "Golduck": {"name": "Golduck", "species": "Golduck", "speciesId": "golduck", "gender": "F", "shiny": false, "level": 90, "moves": ["hydropump", "grassknot", "flipturn", "icebeam"], "ability": "Cloud Nine", "evs": {"hp": 85, "atk": 85, "def": 85, "spa": 85, "spd": 85, "spe": 85}, "ivs": {"hp": 31, "atk": 31, "def": 31, "spa": 31, "spd": 31, "spe": 31}, "item": "Choice Specs", "teraType": "Grass", "role": "Fast Attacker", "bvs": {"hp": 80, "atk": 82, "def": 78, "spa": 95, "spd": 80, "spe": 85}, "stats": {"hp": 290, "atk": 199, "def": 192, "spa": 222, "spd": 195, "spe": 204}, "types": ["Water"]}, "Pelipper": {"name": "Pelipper", "species": "Pelipper", "speciesId": "pelipper", "gender": "F", "shiny": false, "level": 86, "moves": ["weatherball", "hydropump", "uturn", "hurricane"], "ability": "Drizzle", "evs": {"hp": 85, "atk": 85, "def": 85, "spa": 85, "spd": 85, "spe": 85}, "ivs": {"hp": 31, "atk": 31, "def": 31, "spa": 31, "spd": 31, "spe": 31}, "item": "Choice Specs", "teraType": "Flying", "role": "Wallbreaker", "bvs": {"hp": 60, "atk": 50, "def": 100, "spa": 95, "spd": 70, "spe": 65}, "stats": {"hp": 243, "atk": 135, "def": 221, "spa": 213, "spd": 170, "spe": 161}, "types": ["Water", "Flying"]}}, {"Pelipper": {"name": "Pelipper", "species": "Pelipper", "speciesId": "pelipper", "gender": "F", "shiny": false, "level": 86, "moves": ["roost", "knockoff", "hurricane", "hydropump"], "ability": "Drizzle", "evs": {"hp": 85, "atk": 85, "def": 85, "spa": 85, "spd": 85, "spe": 85}, "ivs": {"hp": 31, "atk": 31, "def": 31, "spa": 31, "spd": 31, "spe": 31}, "item": "Heavy-Duty Boots", "teraType": "Ground", "role": "Bulky Attacker", "bvs": {"hp": 60, "atk": 50, "def": 100, "spa": 95, "spd": 70, "spe": 65}, "stats": {"hp": 243, "atk": 135, "def": 221, "spa": 213, "spd": 170, "spe": 161}, "types": ["Water", "Flying"]}, "Avalugg": {"name": "Avalugg", "species": "Avalugg-Hisui", "speciesId": "avalugghisui", "gender": "F", "shiny": false, "level": 90, "moves": ["stoneedge", "recover", "rapidspin", "avalanche"], "ability": "Sturdy", "evs": {"hp": 85, "atk": 85, "def": 85, "spa": 85, "spd": 85, "spe": 85}, "ivs": {"hp": 31, "atk": 31, "def": 31, "spa": 31, "spd": 31, "spe": 31}, "item": "Heavy-Duty Boots", "teraType": "Ghost", "role": "Bulky Attacker", "bvs": {"hp": 95, "atk": 127, "def": 184, "spa": 34, "spd": 36, "spe": 38}, "stats": {"hp": 317, "atk": 280, "def": 383, "spa": 113, "spd": 116, "spe": 120}, "types": ["Ice", "Rock"]}, "Rayquaza": {"name": "Rayquaza", "species": "Rayquaza", "speciesId": "rayquaza", "gender": "N", "shiny": false, "level": 72, "moves": ["dragondance", "dragonascent", "earthquake", "outrage"], "ability": "Air Lock", "evs": {"hp": 85, "atk": 85, "def": 85, "spa": 85, "spd": 85, "spe": 85}, "ivs": {"hp": 31, "atk": 31, "def": 31, "spa": 31, "spd": 31, "spe": 31}, "item": "Heavy-Duty Boots", "teraType": "Steel", "role": "Setup Sweeper", "bvs": {"hp": 105, "atk": 150, "def": 90, "spa": 150, "spd": 90, "spe": 95}, "stats": {"hp": 270, "atk": 258, "def": 172, "spa": 258, "spd": 172, "spe": 179}, "types": ["Dragon", "Flying"]}, "Heatran": {"name": "Heatran", "species": "Heatran", "speciesId": "heatran", "gender": "F", "shiny": false, "level": 79, "moves": ["earthpower", "lavaplume", "heavyslam", "stealthrock"], "ability": "Flash Fire", "evs": {"hp": 85, "atk": 85, "def": 85, "spa": 85, "spd": 85, "spe": 85}, "ivs": {"hp": 31, "atk": 31, "def": 31, "spa": 31, "spd": 31, "spe": 31}, "item": "Air Balloon", "teraType": "Grass", "role": "Bulky Support", "bvs": {"hp": 91, "atk": 90, "def": 106, "spa": 130, "spd": 106, "spe": 77}, "stats": {"hp": 273, "atk": 188, "def": 213, "spa": 251, "spd": 213, "spe": 167}, "types": ["Fire", "Steel"]}, "Cobalion": {"name": "Cobalion", "species": "Cobalion", "speciesId": "cobalion", "gender": "N", "shiny": false, "level": 80, "moves": ["voltswitch", "ironhead", "thunderwave", "bodypress"], "ability": "Justified", "evs": {"hp": 85, "atk": 85, "def": 85, "spa": 85, "spd": 85, "spe": 85}, "ivs": {"hp": 31, "atk": 31, "def": 31, "spa": 31, "spd": 31, "spe": 31}, "item": "Leftovers", "teraType": "Water", "role": "Bulky Support", "bvs": {"hp": 91, "atk": 90, "def": 129, "spa": 90, "spd": 72, "spe": 108}, "stats": {"hp": 277, "atk": 190, "def": 253, "spa": 190, "spd": 161, "spe": 219}, "types": ["Steel", "Fighting"]}, "Hitmonchan": {"name": "Hitmonchan", "species": "Hitmonchan", "speciesId": "hitmonchan", "gender": "M", "shiny": false, "level": 87, "moves": ["machpunch", "drainpunch", "swordsdance", "knockoff"], "ability": "Iron Fist", "evs": {"hp": 85, "atk": 85, "def": 85, "spa": 85, "spd": 85, "spe": 85}, "ivs": {"hp": 31, "atk": 31, "def": 31, "spa": 31, "spd": 31, "spe": 31}, "item": "Life Orb", "teraType": "Fighting", "role": "Setup Sweeper", "bvs": {"hp": 50, "atk": 105, "def": 79, "spa": 35, "spd": 110, "spe": 76}, "stats": {"hp": 229, "atk": 232, "def": 187, "spa": 111, "spd": 241, "spe": 182}, "types": ["Fighting"]}}]}