{"id": "gen9randombattle-2641201047", "format": "[Gen 9] Random Battle", "players": ["Poipole rule", "Voyager6408"], "log": "|j|\u2606Poipole rule\n|j|\u2606Voyager6408\n|t:|1782752927\n|gametype|singles\n|player|p1|Poipole rule|miku-ghost|1177\n|player|p2|Voyager6408|sailor|1209\n|gen|9\n|tier|[Gen 9] Random Battle\n|rated|\n|rule|Species Clause: Limit one of each Pok\u00e9mon\n|rule|HP Percentage Mod: HP is shown in percentages\n|rule|Sleep Clause Mod: Limit one foe put to sleep\n|rule|Illusion Level Mod: Illusion disguises the Pok\u00e9mon's true level\n|\n|t:|1782752927\n|teamsize|p1|6\n|teamsize|p2|6\n|start\n|switch|p1a: Arceus|Arceus-Dark, L71|288/288\n|switch|p2a: Whiscash|Whiscash, L88, F|337/337\n|turn|1\n|inactive|Battle timer is ON: inactive players will automatically lose when time's up. (requested by Voyager6408)\n|\n|t:|1782752933\n|move|p1a: Arceus|Calm Mind|p1a: Arceus\n|-boost|p1a: Arceus|spa|1\n|-boost|p1a: Arceus|spd|1\n|move|p2a: Whiscash|Spikes|p1a: Arceus\n|-sidestart|p1: Poipole rule|Spikes\n|\n|upkeep\n|turn|2\n|\n|t:|1782752938\n|move|p1a: Arceus|Judgment|p2a: Whiscash\n|-damage|p2a: Whiscash|160/337\n|move|p2a: Whiscash|Spikes|p1a: Arceus\n|-sidestart|p1: Poipole rule|Spikes\n|\n|-heal|p2a: Whiscash|181/337|[from] item: Leftovers\n|upkeep\n|turn|3\n|\n|t:|1782752945\n|move|p1a: Arceus|Calm Mind|p1a: Arceus\n|-boost|p1a: Arceus|spa|1\n|-boost|p1a: Arceus|spd|1\n|move|p2a: Whiscash|Spikes|p1a: Arceus\n|-sidestart|p1: Poipole rule|Spikes\n|\n|-heal|p2a: Whiscash|202/337|[from] item: Leftovers\n|upkeep\n|turn|4\n|\n|t:|1782752958\n|-terastallize|p2a: Whiscash|Ghost\n|move|p1a: Arceus|Judgment|p2a: Whiscash\n|-supereffective|p2a: Whiscash\n|-crit|p2a: Whiscash\n|-damage|p2a: Whiscash|0 fnt\n|faint|p2a: Whiscash\n|\n|upkeep\n|\n|t:|1782752967\n|switch|p2a: Hawlucha|Hawlucha, L80, F|256/256\n|turn|5\n|\n|t:|1782752973\n|-terastallize|p1a: Arceus|Fairy\n|move|p2a: Hawlucha|Swords Dance|p2a: Hawlucha\n|-boost|p2a: Hawlucha|atk|2\n|move|p1a: Arceus|Dazzling Gleam|p2a: Hawlucha\n|-supereffective|p2a: Hawlucha\n|-damage|p2a: Hawlucha|0 fnt\n|faint|p2a: Hawlucha\n|\n|upkeep\n|\n|t:|1782752983\n|switch|p2a: Orthworm|Orthworm, L88, M|266/266\n|turn|6\n|\n|t:|1782752989\n|move|p1a: Arceus|Judgment|p2a: Orthworm\n|-damage|p2a: Orthworm|0 fnt\n|faint|p2a: Orthworm\n|\n|upkeep\n|\n|t:|1782752995\n|switch|p2a: Lycanroc|Lycanroc-Midnight, L89, F|296/296\n|turn|7\n|\n|t:|1782753001\n|move|p1a: Arceus|Dazzling Gleam|p2a: Lycanroc\n|-damage|p2a: Lycanroc|133/296\n|move|p2a: Lycanroc|Stealth Rock|p1a: Arceus\n|-sidestart|p1: Poipole rule|move: Stealth Rock\n|\n|upkeep\n|turn|8\n|\n|t:|1782753006\n|move|p1a: Arceus|Dazzling Gleam|p2a: Lycanroc\n|-damage|p2a: Lycanroc|0 fnt\n|faint|p2a: Lycanroc\n|\n|upkeep\n|\n|t:|1782753010\n|switch|p2a: Cramorant|Cramorant, L86, M|261/261\n|turn|9\n|\n|t:|1782753019\n|move|p1a: Arceus|Dazzling Gleam|p2a: Cramorant\n|-damage|p2a: Cramorant|138/261\n|move|p2a: Cramorant|Surf|p1a: Arceus\n|-formechange|p2a: Cramorant|Cramorant-Gulping|\n|-damage|p1a: Arceus|249/288\n|\n|upkeep\n|turn|10\n|\n|t:|1782753022\n|move|p1a: Arceus|Dazzling Gleam|p2a: Cramorant\n|-damage|p2a: Cramorant|0 fnt\n|-damage|p1a: Arceus|177/288|[from] ability: Gulp Missile|[of] p2a: Cramorant\n|-unboost|p1a: Arceus|def|1\n|-formechange|p2a: Cramorant|Cramorant|\n|faint|p2a: Cramorant\n|\n|upkeep\n|\n|t:|1782753029\n|switch|p2a: Amoonguss|Amoonguss, L82, F|321/321\n|turn|11\n|\n|t:|1782753044\n|move|p1a: Arceus|Calm Mind|p1a: Arceus\n|-boost|p1a: Arceus|spa|1\n|-boost|p1a: Arceus|spd|1\n|move|p2a: Amoonguss|Sludge Bomb|p1a: Arceus\n|-supereffective|p1a: Arceus\n|-damage|p1a: Arceus|117/288\n|\n|upkeep\n|turn|12\n|\n|t:|1782753053\n|move|p1a: Arceus|Recover|p1a: Arceus\n|-heal|p1a: Arceus|261/288\n|move|p2a: Amoonguss|Spore|p1a: Arceus\n|-status|p1a: Arceus|slp|[from] move: Spore\n|\n|upkeep\n|turn|13\n|\n|t:|1782753059\n|cant|p1a: Arceus|slp\n|move|p2a: Amoonguss|Sludge Bomb|p1a: Arceus\n|-supereffective|p1a: Arceus\n|-damage|p1a: Arceus|199/288 slp\n|\n|upkeep\n|turn|14\n|\n|t:|1782753064\n|-curestatus|p1a: Arceus|slp|[msg]\n|move|p1a: Arceus|Calm Mind|p1a: Arceus\n|-boost|p1a: Arceus|spa|1\n|-boost|p1a: Arceus|spd|1\n|move|p2a: Amoonguss|Sludge Bomb|p1a: Arceus\n|-supereffective|p1a: Arceus\n|-damage|p1a: Arceus|151/288\n|\n|upkeep\n|turn|15\n|\n|t:|1782753072\n|move|p1a: Arceus|Judgment|p2a: Amoonguss\n|-damage|p2a: Amoonguss|0 fnt\n|faint|p2a: Amoonguss\n|\n|win|Poipole rule\n|raw|Poipole rule's rating: 1177 &rarr; <strong>1204</strong><br />(+27 for winning)\n|raw|Voyager6408's rating: 1209 &rarr; <strong>1182</strong><br />(-27 for losing)\n", "inputlog": ">version f8ac14003a5f27e1bdc8d8c59608a773c1cb96e5\n>start {\"formatid\":\"gen9randombattle\",\"seed\":\"sodium,369ff71d4b5989abff4abf6762091925\",\"rated\":\"Rated battle\"}\n>player p1 {\"name\":\"Poipole rule\",\"avatar\":\"miku-ghost\",\"rating\":1177,\"seed\":\"sodium,065af30a9c268f713f7809a1b51024c7\"}\n>player p2 {\"name\":\"Voyager6408\",\"avatar\":\"sailor\",\"rating\":1209,\"seed\":\"sodium,478dc5b4508ad41dfd180dc9872496c5\"}\n>p1 move calmmind\n>p2 move spikes\n>p1 move judgment\n>p2 move spikes\n>p1 move calmmind\n>p2 move spikes\n>p1 move judgment\n>p2 move icebeam terastallize\n>p2 switch 6\n>p1 move dazzlinggleam terastallize\n>p2 move swordsdance\n>p2 switch 3\n>p1 move judgment\n>p2 move coil\n>p2 switch 5\n>p1 move dazzlinggleam\n>p2 move stealthrock\n>p1 move dazzlinggleam\n>p2 move stoneedge\n>p2 switch 2\n>p1 move dazzlinggleam\n>p2 move surf\n>p1 move dazzlinggleam\n>p2 move roost\n>p2 switch 4\n>p1 move calmmind\n>p2 move sludgebomb\n>p1 move recover\n>p2 move spore\n>p1 move judgment\n>p2 move sludgebomb\n>p1 move calmmind\n>p2 move sludgebomb\n>p1 move judgment\n>p2 move spore", "uploadtime": 1782753076, "views": 4, "formatid": "gen9randombattle", "rating": 1182, "private": 0, "password": null, "player_dets": [{"name": "Poipole rule", "avatar": "miku-ghost", "rating": 1177, "seed": "sodium,065af30a9c268f713f7809a1b51024c7"}, {"name": "Voyager6408", "avatar": "sailor", "rating": 1209, "seed": "sodium,478dc5b4508ad41dfd180dc9872496c5"}], "teams_full": [{"Arceus": {"name": "Arceus", "species": "Arceus-Dark", "speciesId": "arceusdark", "gender": "N", "shiny": false, "level": 71, "moves": ["dazzlinggleam", "recover", "calmmind", "judgment"], "ability": "Multitype", "evs": {"hp": 85, "atk": 0, "def": 85, "spa": 85, "spd": 85, "spe": 85}, "ivs": {"hp": 31, "atk": 0, "def": 31, "spa": 31, "spd": 31, "spe": 31}, "item": "Dread Plate", "teraType": "Fairy", "role": "Bulky Setup", "bvs": {"hp": 120, "atk": 120, "def": 120, "spa": 120, "spd": 120, "spe": 120}, "stats": {"hp": 288, "atk": 175, "def": 212, "spa": 212, "spd": 212, "spe": 212}, "types": ["Dark"]}, "Scovillain": {"name": "Scovillain", "species": "Scovillain", "speciesId": "scovillain", "gender": "F", "shiny": false, "level": 91, "moves": ["stompingtantrum", "energyball", "sunnyday", "fireblast"], "ability": "Chlorophyll", "evs": {"hp": 85, "atk": 85, "def": 85, "spa": 85, "spd": 85, "spe": 85}, "ivs": {"hp": 31, "atk": 31, "def": 31, "spa": 31, "spd": 31, "spe": 31}, "item": "Heavy-Duty Boots", "teraType": "Ground", "role": "Wallbreaker", "bvs": {"hp": 65, "atk": 108, "def": 65, "spa": 108, "spd": 65, "spe": 75}, "stats": {"hp": 266, "atk": 248, "def": 170, "spa": 248, "spd": 170, "spe": 188}, "types": ["Grass", "Fire"]}, "Bruxish": {"name": "Bruxish", "species": "Bruxish", "speciesId": "bruxish", "gender": "M", "shiny": false, "level": 85, "moves": ["flipturn", "wavecrash", "psychicfangs", "crunch"], "ability": "Strong Jaw", "evs": {"hp": 85, "atk": 85, "def": 85, "spa": 85, "spd": 85, "spe": 85}, "ivs": {"hp": 31, "atk": 31, "def": 31, "spa": 31, "spd": 31, "spe": 31}, "item": "Choice Scarf", "teraType": "Psychic", "role": "Fast Attacker", "bvs": {"hp": 68, "atk": 105, "def": 70, "spa": 70, "spd": 70, "spe": 92}, "stats": {"hp": 254, "atk": 227, "def": 168, "spa": 168, "spd": 168, "spe": 205}, "types": ["Water", "Psychic"]}, "Articuno": {"name": "Articuno", "species": "Articuno-Galar", "speciesId": "articunogalar", "gender": "N", "shiny": false, "level": 84, "moves": ["freezingglare", "hurricane", "calmmind", "recover"], "ability": "Competitive", "evs": {"hp": 85, "atk": 0, "def": 85, "spa": 85, "spd": 85, "spe": 85}, "ivs": {"hp": 31, "atk": 0, "def": 31, "spa": 31, "spd": 31, "spe": 31}, "item": "Heavy-Duty Boots", "teraType": "Steel", "role": "Fast Bulky Setup", "bvs": {"hp": 90, "atk": 85, "def": 85, "spa": 125, "spd": 100, "spe": 95}, "stats": {"hp": 288, "atk": 147, "def": 191, "spa": 258, "spd": 216, "spe": 208}, "types": ["Psychic", "Flying"]}, "Pikachu": {"name": "Pikachu", "species": "Pikachu-Alola", "speciesId": "pikachu", "gender": "F", "shiny": false, "level": 93, "moves": ["volttackle", "surf", "playrough", "fakeout"], "ability": "Lightning Rod", "evs": {"hp": 85, "atk": 85, "def": 85, "spa": 85, "spd": 85, "spe": 85}, "ivs": {"hp": 31, "atk": 31, "def": 31, "spa": 31, "spd": 31, "spe": 31}, "item": "Light Ball", "teraType": "Water", "role": "Fast Attacker", "bvs": {"hp": 35, "atk": 55, "def": 40, "spa": 50, "spd": 50, "spe": 90}, "stats": {"hp": 216, "atk": 155, "def": 127, "spa": 146, "spd": 146, "spe": 220}, "types": ["Electric"]}, "Kilowattrel": {"name": "Kilowattrel", "species": "Kilowattrel", "speciesId": "kilowattrel", "gender": "F", "shiny": false, "level": 83, "moves": ["roost", "discharge", "uturn", "hurricane"], "ability": "Volt Absorb", "evs": {"hp": 85, "atk": 85, "def": 85, "spa": 85, "spd": 85, "spe": 85}, "ivs": {"hp": 31, "atk": 31, "def": 31, "spa": 31, "spd": 31, "spe": 31}, "item": "Heavy-Duty Boots", "teraType": "Steel", "role": "Bulky Attacker", "bvs": {"hp": 70, "atk": 70, "def": 60, "spa": 105, "spd": 60, "spe": 125}, "stats": {"hp": 252, "atk": 164, "def": 147, "spa": 222, "spd": 147, "spe": 255}, "types": ["Electric", "Flying"]}}, {"Whiscash": {"name": "Whiscash", "species": "Whiscash", "speciesId": "whiscash", "gender": "F", "shiny": false, "level": 88, "moves": ["earthquake", "spikes", "icebeam", "hydropump"], "ability": "Oblivious", "evs": {"hp": 85, "atk": 85, "def": 85, "spa": 85, "spd": 85, "spe": 85}, "ivs": {"hp": 31, "atk": 31, "def": 31, "spa": 31, "spd": 31, "spe": 31}, "item": "Leftovers", "teraType": "Ghost", "role": "Bulky Support", "bvs": {"hp": 110, "atk": 78, "def": 73, "spa": 76, "spd": 71, "spe": 60}, "stats": {"hp": 337, "atk": 188, "def": 179, "spa": 184, "spd": 175, "spe": 156}, "types": ["Water", "Ground"]}, "Cramorant": {"name": "Cramorant", "species": "Cramorant", "speciesId": "cramorant", "gender": "M", "shiny": false, "level": 86, "moves": ["bravebird", "defog", "roost", "surf"], "ability": "Gulp Missile", "evs": {"hp": 85, "atk": 85, "def": 85, "spa": 85, "spd": 85, "spe": 85}, "ivs": {"hp": 31, "atk": 31, "def": 31, "spa": 31, "spd": 31, "spe": 31}, "item": "Heavy-Duty Boots", "teraType": "Ground", "role": "Bulky Support", "bvs": {"hp": 70, "atk": 85, "def": 55, "spa": 85, "spd": 95, "spe": 85}, "stats": {"hp": 261, "atk": 195, "def": 144, "spa": 195, "spd": 213, "spe": 195}, "types": ["Flying", "Water"]}, "Orthworm": {"name": "Orthworm", "species": "Orthworm", "speciesId": "orthworm", "gender": "M", "shiny": false, "level": 88, "moves": ["rest", "irontail", "coil", "bodypress"], "ability": "Earth Eater", "evs": {"hp": 85, "atk": 85, "def": 85, "spa": 85, "spd": 85, "spe": 85}, "ivs": {"hp": 31, "atk": 31, "def": 31, "spa": 31, "spd": 31, "spe": 31}, "item": "Chesto Berry", "teraType": "Electric", "role": "Bulky Setup", "bvs": {"hp": 70, "atk": 85, "def": 145, "spa": 60, "spd": 55, "spe": 65}, "stats": {"hp": 266, "atk": 200, "def": 305, "spa": 156, "spd": 147, "spe": 165}, "types": ["Steel"]}, "Amoonguss": {"name": "Amoonguss", "species": "Amoonguss", "speciesId": "amoonguss", "gender": "F", "shiny": false, "level": 82, "moves": ["spore", "sludgebomb", "gigadrain", "stompingtantrum"], "ability": "Regenerator", "evs": {"hp": 85, "atk": 85, "def": 85, "spa": 85, "spd": 85, "spe": 85}, "ivs": {"hp": 31, "atk": 31, "def": 31, "spa": 31, "spd": 31, "spe": 31}, "item": "Rocky Helmet", "teraType": "Water", "role": "Bulky Attacker", "bvs": {"hp": 114, "atk": 85, "def": 70, "spa": 85, "spd": 80, "spe": 30}, "stats": {"hp": 321, "atk": 187, "def": 162, "spa": 187, "spd": 178, "spe": 96}, "types": ["Grass", "Poison"]}, "Lycanroc": {"name": "Lycanroc", "species": "Lycanroc-Midnight", "speciesId": "lycanrocmidnight", "gender": "F", "shiny": false, "level": 89, "moves": ["knockoff", "stealthrock", "stoneedge", "closecombat"], "ability": "No Guard", "evs": {"hp": 85, "atk": 85, "def": 85, "spa": 85, "spd": 85, "spe": 85}, "ivs": {"hp": 31, "atk": 31, "def": 31, "spa": 31, "spd": 31, "spe": 31}, "item": "Life Orb", "teraType": "Fighting", "role": "Fast Attacker", "bvs": {"hp": 85, "atk": 115, "def": 75, "spa": 55, "spd": 75, "spe": 82}, "stats": {"hp": 296, "atk": 255, "def": 184, "spa": 149, "spd": 184, "spe": 197}, "types": ["Rock"]}, "Hawlucha": {"name": "Hawlucha", "species": "Hawlucha", "speciesId": "hawlucha", "gender": "F", "shiny": false, "level": 80, "moves": ["swordsdance", "stoneedge", "closecombat", "acrobatics"], "ability": "Unburden", "evs": {"hp": 85, "atk": 85, "def": 85, "spa": 85, "spd": 85, "spe": 85}, "ivs": {"hp": 31, "atk": 31, "def": 31, "spa": 31, "spd": 31, "spe": 31}, "item": "White Herb", "teraType": "Flying", "role": "Setup Sweeper", "bvs": {"hp": 78, "atk": 92, "def": 75, "spa": 74, "spd": 63, "spe": 118}, "stats": {"hp": 256, "atk": 193, "def": 166, "spa": 165, "spd": 147, "spe": 235}, "types": ["Fighting", "Flying"]}}]}