{"id": "gen9randombattle-2641382759", "format": "[Gen 9] Random Battle", "players": ["wyreyhbsfhnsfnjhs", "testbotcif"], "log": "|j|\u2606wyreyhbsfhnsfnjhs\n|j|\u2606testbotcif\n|t:|1782776358\n|gametype|singles\n|player|p1|wyreyhbsfhnsfnjhs|266|1155\n|player|p2|testbotcif|266|1175\n|gen|9\n|tier|[Gen 9] Random Battle\n|rated|\n|rule|Species Clause: Limit one of each Pok\u00e9mon\n|rule|HP Percentage Mod: HP is shown in percentages\n|rule|Sleep Clause Mod: Limit one foe put to sleep\n|rule|Illusion Level Mod: Illusion disguises the Pok\u00e9mon's true level\n|\n|t:|1782776358\n|teamsize|p1|6\n|teamsize|p2|6\n|start\n|switch|p1a: Delphox|Delphox, L84, M|263/263\n|switch|p2a: Snorlax|Snorlax, L82, F|397/397\n|turn|1\n|c|\u2606testbotcif|rlhf\n|inactive|Battle timer is ON: inactive players will automatically lose when time's up. (requested by testbotcif)\n|\n|t:|1782776371\n|move|p1a: Delphox|Focus Blast|p2a: Snorlax\n|-supereffective|p2a: Snorlax\n|-damage|p2a: Snorlax|163/397\n|move|p2a: Snorlax|Earthquake|p1a: Delphox\n|-supereffective|p1a: Delphox\n|-damage|p1a: Delphox|87/263\n|\n|upkeep\n|turn|2\n|\n|t:|1782776379\n|move|p1a: Delphox|Focus Blast|p2a: Snorlax\n|-supereffective|p2a: Snorlax\n|-damage|p2a: Snorlax|0 fnt\n|faint|p2a: Snorlax\n|\n|upkeep\n|\n|t:|1782776380\n|switch|p2a: Garganacl|Garganacl, L80, M|291/291\n|turn|3\n|\n|t:|1782776388\n|move|p1a: Delphox|Focus Blast|p2a: Garganacl\n|-supereffective|p2a: Garganacl\n|-damage|p2a: Garganacl|0 fnt\n|faint|p2a: Garganacl\n|\n|upkeep\n|\n|t:|1782776389\n|switch|p2a: Weavile|Weavile, L79, M|240/240\n|turn|4\n|\n|t:|1782776411\n|move|p2a: Weavile|Knock Off|p1a: Delphox\n|-supereffective|p1a: Delphox\n|-damage|p1a: Delphox|0 fnt\n|-enditem|p1a: Delphox|Choice Specs|[from] move: Knock Off|[of] p2a: Weavile\n|faint|p1a: Delphox\n|\n|upkeep\n|inactive|wyreyhbsfhnsfnjhs has 120 seconds left.\n|\n|t:|1782776440\n|switch|p1a: Hitmonlee|Hitmonlee, L85, M|223/223\n|turn|5\n|\n|t:|1782776449\n|-terastallize|p2a: Weavile|Fighting\n|move|p2a: Weavile|Triple Axel|p1a: Hitmonlee\n|-damage|p1a: Hitmonlee|193/223\n|-damage|p1a: Hitmonlee|130/223\n|-damage|p1a: Hitmonlee|39/223\n|-hitcount|p1a: Hitmonlee|3\n|move|p1a: Hitmonlee|High Jump Kick|p2a: Weavile\n|-damage|p2a: Weavile|0 fnt\n|faint|p2a: Weavile\n|\n|upkeep\n|\n|t:|1782776450\n|switch|p2a: Annihilape|Annihilape, L76, M|292/292\n|turn|6\n|inactive|wyreyhbsfhnsfnjhs has 120 seconds left.\n|\n|t:|1782776473\n|switch|p1a: Oinkologne|Oinkologne-F, L92, F|361/361\n|move|p2a: Annihilape|Drain Punch|p1a: Oinkologne\n|-supereffective|p1a: Oinkologne\n|-damage|p1a: Oinkologne|197/361\n|\n|-heal|p1a: Oinkologne|219/361|[from] item: Leftovers\n|upkeep\n|turn|7\n|\n|t:|1782776488\n|-terastallize|p1a: Oinkologne|Ground\n|move|p2a: Annihilape|Drain Punch|p1a: Oinkologne\n|-damage|p1a: Oinkologne|134/361\n|move|p1a: Oinkologne|High Horsepower|p2a: Annihilape\n|-damage|p2a: Annihilape|165/292\n|\n|-heal|p2a: Annihilape|183/292|[from] item: Leftovers\n|-heal|p1a: Oinkologne|156/361|[from] item: Leftovers\n|upkeep\n|turn|8\n|\n|t:|1782776505\n|switch|p1a: Cobalion|Cobalion, L80|277/277\n|move|p2a: Annihilape|Bulk Up|p2a: Annihilape\n|-boost|p2a: Annihilape|atk|1\n|-boost|p2a: Annihilape|def|1\n|\n|-heal|p2a: Annihilape|201/292|[from] item: Leftovers\n|upkeep\n|turn|9\n|inactive|wyreyhbsfhnsfnjhs has 90 seconds left.\n|\n|t:|1782776544\n|move|p1a: Cobalion|Flash Cannon|p2a: Annihilape\n|-damage|p2a: Annihilape|116/292\n|move|p2a: Annihilape|Drain Punch|p1a: Cobalion\n|-supereffective|p1a: Cobalion\n|-damage|p1a: Cobalion|103/277\n|-heal|p2a: Annihilape|203/292|[from] drain|[of] p1a: Cobalion\n|\n|-heal|p1a: Cobalion|120/277|[from] item: Leftovers\n|-heal|p2a: Annihilape|221/292|[from] item: Leftovers\n|upkeep\n|turn|10\n|\n|t:|1782776561\n|move|p1a: Cobalion|Flash Cannon|p2a: Annihilape\n|-damage|p2a: Annihilape|139/292\n|move|p2a: Annihilape|Drain Punch|p1a: Cobalion\n|-supereffective|p1a: Cobalion\n|-damage|p1a: Cobalion|0 fnt\n|-heal|p2a: Annihilape|199/292|[from] drain|[of] p1a: Cobalion\n|faint|p1a: Cobalion\n|\n|-heal|p2a: Annihilape|217/292|[from] item: Leftovers\n|upkeep\n|\n|t:|1782776574\n|switch|p1a: Kleavor|Kleavor, L78, M|237/237\n|turn|11\n|\n|t:|1782776584\n|move|p2a: Annihilape|Rage Fist|p1a: Kleavor\n|-damage|p1a: Kleavor|0 fnt\n|faint|p1a: Kleavor\n|\n|-heal|p2a: Annihilape|235/292|[from] item: Leftovers\n|upkeep\n|\n|t:|1782776593\n|switch|p1a: Metagross|Metagross, L79|256/256\n|turn|12\n|\n|t:|1782776599\n|move|p2a: Annihilape|Rage Fist|p1a: Metagross\n|-supereffective|p1a: Metagross\n|-crit|p1a: Metagross\n|-damage|p1a: Metagross|0 fnt\n|faint|p1a: Metagross\n|\n|-heal|p2a: Annihilape|253/292|[from] item: Leftovers\n|upkeep\n|\n|t:|1782776608\n|switch|p1a: Oinkologne|Oinkologne-F, L92, F, tera:Ground|156/361\n|turn|13\n|\n|t:|1782776615\n|move|p2a: Annihilape|Drain Punch|p1a: Oinkologne\n|-damage|p1a: Oinkologne|39/361\n|-heal|p2a: Annihilape|292/292|[from] drain|[of] p1a: Oinkologne\n|move|p1a: Oinkologne|High Horsepower|p2a: Annihilape\n|-damage|p2a: Annihilape|201/292\n|\n|-heal|p2a: Annihilape|219/292|[from] item: Leftovers\n|-heal|p1a: Oinkologne|61/361|[from] item: Leftovers\n|upkeep\n|turn|14\n|\n|t:|1782776628\n|move|p2a: Annihilape|Rage Fist|p1a: Oinkologne\n|-damage|p1a: Oinkologne|0 fnt\n|faint|p1a: Oinkologne\n|\n|-heal|p2a: Annihilape|237/292|[from] item: Leftovers\n|upkeep\n|\n|t:|1782776636\n|switch|p1a: Hitmonlee|Hitmonlee, L85, M|39/223\n|turn|15\n|\n|t:|1782776640\n|move|p1a: Hitmonlee|High Jump Kick|p2a: Annihilape\n|-immune|p2a: Annihilape\n|-damage|p1a: Hitmonlee|0 fnt|[from] highjumpkick\n|faint|p1a: Hitmonlee\n|\n|win|testbotcif\n|raw|wyreyhbsfhnsfnjhs's rating: 1155 &rarr; <strong>1131</strong><br />(-24 for losing)\n|raw|testbotcif's rating: 1175 &rarr; <strong>1199</strong><br />(+24 for winning)\n", "inputlog": ">version f8ac14003a5f27e1bdc8d8c59608a773c1cb96e5\n>start {\"formatid\":\"gen9randombattle\",\"seed\":\"sodium,9ad0001cab73a499a28b0cd1ec47c5a6\",\"rated\":\"Rated battle\"}\n>player p1 {\"name\":\"wyreyhbsfhnsfnjhs\",\"avatar\":\"266\",\"rating\":1155,\"seed\":\"sodium,69914b64d68011b56392533a68cf2e83\"}\n>player p2 {\"name\":\"testbotcif\",\"avatar\":\"266\",\"rating\":1175,\"seed\":\"sodium,ad8216cd97fe36eb38697830e63435cc\"}\n>chat \u2606testbotcif|rlhf\n>p1 move focusblast\n>p2 move earthquake\n>p1 move focusblast\n>p2 move rest\n>p2 switch 2\n>p1 move focusblast\n>p2 move saltcure\n>p2 switch 3\n>p1 move focusblast\n>p2 move knockoff\n>p1 switch 2\n>p1 move highjumpkick\n>p2 move tripleaxel terastallize\n>p2 switch 5\n>p1 switch 4\n>p2 move drainpunch\n>p1 move highhorsepower terastallize\n>p2 move drainpunch\n>p1 switch 3\n>p2 move bulkup\n>p1 move flashcannon\n>p2 move drainpunch\n>p1 move flashcannon\n>p2 move drainpunch\n>p1 switch 6\n>p1 move swordsdance\n>p2 move ragefist\n>p1 switch 5\n>p1 move psychicfangs\n>p2 move ragefist\n>p1 switch 3\n>p1 move highhorsepower\n>p2 move drainpunch\n>p1 move highhorsepower\n>p2 move ragefist\n>p1 switch 4\n>p1 move highjumpkick\n>p2 move ragefist", "uploadtime": 1782776641, "views": 7, "formatid": "gen9randombattle", "rating": 1131, "private": 0, "password": null, "player_dets": [{"name": "wyreyhbsfhnsfnjhs", "avatar": "266", "rating": 1155, "seed": "sodium,69914b64d68011b56392533a68cf2e83"}, {"name": "testbotcif", "avatar": "266", "rating": 1175, "seed": "sodium,ad8216cd97fe36eb38697830e63435cc"}], "teams_full": [{"Delphox": {"name": "Delphox", "species": "Delphox", "speciesId": "delphox", "gender": "M", "shiny": false, "level": 84, "moves": ["grassknot", "fireblast", "focusblast", "psyshock"], "ability": "Blaze", "evs": {"hp": 85, "atk": 0, "def": 85, "spa": 85, "spd": 85, "spe": 85}, "ivs": {"hp": 31, "atk": 0, "def": 31, "spa": 31, "spd": 31, "spe": 31}, "item": "Choice Specs", "teraType": "Fighting", "role": "Fast Attacker", "bvs": {"hp": 75, "atk": 69, "def": 72, "spa": 114, "spd": 100, "spe": 104}, "stats": {"hp": 263, "atk": 120, "def": 169, "spa": 240, "spd": 216, "spe": 223}, "types": ["Fire", "Psychic"]}, "Hitmonlee": {"name": "Hitmonlee", "species": "Hitmonlee", "speciesId": "hitmonlee", "gender": "M", "shiny": false, "level": 85, "moves": ["highjumpkick", "stoneedge", "knockoff", "poisonjab"], "ability": "Reckless", "evs": {"hp": 81, "atk": 85, "def": 85, "spa": 85, "spd": 85, "spe": 85}, "ivs": {"hp": 31, "atk": 31, "def": 31, "spa": 31, "spd": 31, "spe": 31}, "item": "Choice Band", "teraType": "Fighting", "role": "Fast Attacker", "bvs": {"hp": 50, "atk": 120, "def": 53, "spa": 35, "spd": 110, "spe": 87}, "stats": {"hp": 223, "atk": 253, "def": 139, "spa": 108, "spd": 236, "spe": 197}, "types": ["Fighting"]}, "Cobalion": {"name": "Cobalion", "species": "Cobalion", "speciesId": "cobalion", "gender": "N", "shiny": false, "level": 80, "moves": ["vacuumwave", "calmmind", "aurasphere", "flashcannon"], "ability": "Justified", "evs": {"hp": 85, "atk": 0, "def": 85, "spa": 85, "spd": 85, "spe": 85}, "ivs": {"hp": 31, "atk": 0, "def": 31, "spa": 31, "spd": 31, "spe": 31}, "item": "Leftovers", "teraType": "Fighting", "role": "Bulky Setup", "bvs": {"hp": 91, "atk": 90, "def": 129, "spa": 90, "spd": 72, "spe": 108}, "stats": {"hp": 277, "atk": 149, "def": 253, "spa": 190, "spd": 161, "spe": 219}, "types": ["Steel", "Fighting"]}, "Oinkologne": {"name": "Oinkologne", "species": "Oinkologne-F", "speciesId": "oinkolognef", "gender": "F", "shiny": false, "level": 92, "moves": ["lashout", "bodyslam", "curse", "highhorsepower"], "ability": "Thick Fat", "evs": {"hp": 85, "atk": 85, "def": 85, "spa": 85, "spd": 85, "spe": 85}, "ivs": {"hp": 31, "atk": 31, "def": 31, "spa": 31, "spd": 31, "spe": 31}, "item": "Leftovers", "teraType": "Ground", "role": "Bulky Setup", "bvs": {"hp": 115, "atk": 90, "def": 70, "spa": 59, "spd": 90, "spe": 65}, "stats": {"hp": 361, "atk": 218, "def": 181, "spa": 161, "spd": 218, "spe": 172}, "types": ["Normal"]}, "Metagross": {"name": "Metagross", "species": "Metagross", "speciesId": "metagross", "gender": "N", "shiny": false, "level": 79, "moves": ["agility", "heavyslam", "earthquake", "psychicfangs"], "ability": "Clear Body", "evs": {"hp": 85, "atk": 85, "def": 85, "spa": 85, "spd": 85, "spe": 85}, "ivs": {"hp": 31, "atk": 31, "def": 31, "spa": 31, "spd": 31, "spe": 31}, "item": "Weakness Policy", "teraType": "Ground", "role": "Bulky Setup", "bvs": {"hp": 80, "atk": 135, "def": 130, "spa": 95, "spd": 90, "spe": 70}, "stats": {"hp": 256, "atk": 259, "def": 251, "spa": 196, "spd": 188, "spe": 156}, "types": ["Steel", "Psychic"]}, "Kleavor": {"name": "Kleavor", "species": "Kleavor", "speciesId": "kleavor", "gender": "M", "shiny": false, "level": 78, "moves": ["xscissor", "swordsdance", "stoneaxe", "closecombat"], "ability": "Sharpness", "evs": {"hp": 85, "atk": 85, "def": 85, "spa": 85, "spd": 85, "spe": 85}, "ivs": {"hp": 31, "atk": 31, "def": 31, "spa": 31, "spd": 31, "spe": 31}, "item": "Heavy-Duty Boots", "teraType": "Rock", "role": "Bulky Attacker", "bvs": {"hp": 70, "atk": 135, "def": 95, "spa": 45, "spd": 70, "spe": 85}, "stats": {"hp": 237, "atk": 256, "def": 193, "spa": 115, "spd": 154, "spe": 178}, "types": ["Bug", "Rock"]}}, {"Snorlax": {"name": "Snorlax", "species": "Snorlax", "speciesId": "snorlax", "gender": "F", "shiny": false, "level": 82, "moves": ["bodyslam", "earthquake", "rest", "curse"], "ability": "Thick Fat", "evs": {"hp": 85, "atk": 85, "def": 85, "spa": 85, "spd": 85, "spe": 85}, "ivs": {"hp": 31, "atk": 31, "def": 31, "spa": 31, "spd": 31, "spe": 31}, "item": "Chesto Berry", "teraType": "Ground", "role": "Bulky Setup", "bvs": {"hp": 160, "atk": 110, "def": 65, "spa": 65, "spd": 110, "spe": 30}, "stats": {"hp": 397, "atk": 228, "def": 154, "spa": 154, "spd": 228, "spe": 96}, "types": ["Normal"]}, "Garganacl": {"name": "Garganacl", "species": "Garganacl", "speciesId": "garganacl", "gender": "M", "shiny": false, "level": 80, "moves": ["stealthrock", "recover", "saltcure", "earthquake"], "ability": "Purifying Salt", "evs": {"hp": 85, "atk": 85, "def": 85, "spa": 85, "spd": 85, "spe": 85}, "ivs": {"hp": 31, "atk": 31, "def": 31, "spa": 31, "spd": 31, "spe": 31}, "item": "Leftovers", "teraType": "Ghost", "role": "Bulky Attacker", "bvs": {"hp": 100, "atk": 100, "def": 130, "spa": 45, "spd": 90, "spe": 35}, "stats": {"hp": 291, "atk": 206, "def": 254, "spa": 118, "spd": 190, "spe": 102}, "types": ["Rock"]}, "Weavile": {"name": "Weavile", "species": "Weavile", "speciesId": "weavile", "gender": "M", "shiny": false, "level": 79, "moves": ["tripleaxel", "knockoff", "swordsdance", "lowkick"], "ability": "Pickpocket", "evs": {"hp": 85, "atk": 85, "def": 85, "spa": 85, "spd": 85, "spe": 85}, "ivs": {"hp": 31, "atk": 31, "def": 31, "spa": 31, "spd": 31, "spe": 31}, "item": "Heavy-Duty Boots", "teraType": "Fighting", "role": "Fast Attacker", "bvs": {"hp": 70, "atk": 120, "def": 65, "spa": 45, "spd": 85, "spe": 125}, "stats": {"hp": 240, "atk": 235, "def": 148, "spa": 117, "spd": 180, "spe": 243}, "types": ["Dark", "Ice"]}, "Tentacruel": {"name": "Tentacruel", "species": "Tentacruel", "speciesId": "tentacruel", "gender": "F", "shiny": false, "level": 84, "moves": ["sludgebomb", "rapidspin", "toxic", "surf"], "ability": "Liquid Ooze", "evs": {"hp": 85, "atk": 85, "def": 85, "spa": 85, "spd": 85, "spe": 85}, "ivs": {"hp": 31, "atk": 31, "def": 31, "spa": 31, "spd": 31, "spe": 31}, "item": "Leftovers", "teraType": "Flying", "role": "Bulky Support", "bvs": {"hp": 80, "atk": 70, "def": 65, "spa": 80, "spd": 120, "spe": 100}, "stats": {"hp": 272, "atk": 166, "def": 157, "spa": 183, "spd": 250, "spe": 216}, "types": ["Water", "Poison"]}, "Annihilape": {"name": "Annihilape", "species": "Annihilape", "speciesId": "annihilape", "gender": "M", "shiny": false, "level": 76, "moves": ["bulkup", "drainpunch", "ragefist", "gunkshot"], "ability": "Defiant", "evs": {"hp": 85, "atk": 85, "def": 85, "spa": 85, "spd": 85, "spe": 85}, "ivs": {"hp": 31, "atk": 31, "def": 31, "spa": 31, "spd": 31, "spe": 31}, "item": "Leftovers", "teraType": "Ghost", "role": "Bulky Setup", "bvs": {"hp": 110, "atk": 115, "def": 80, "spa": 50, "spd": 90, "spe": 90}, "stats": {"hp": 292, "atk": 219, "def": 166, "spa": 120, "spd": 181, "spe": 181}, "types": ["Fighting", "Ghost"]}, "Toxtricity": {"name": "Toxtricity", "species": "Toxtricity", "speciesId": "toxtricity", "gender": "M", "shiny": false, "level": 82, "moves": ["voltswitch", "sludgewave", "overdrive", "boomburst"], "ability": "Punk Rock", "evs": {"hp": 85, "atk": 0, "def": 85, "spa": 85, "spd": 85, "spe": 85}, "ivs": {"hp": 31, "atk": 0, "def": 31, "spa": 31, "spd": 31, "spe": 31}, "item": "Choice Scarf", "teraType": "Normal", "role": "Fast Attacker", "bvs": {"hp": 75, "atk": 98, "def": 70, "spa": 114, "spd": 70, "spe": 75}, "stats": {"hp": 257, "atk": 165, "def": 162, "spa": 234, "spd": 162, "spe": 170}, "types": ["Electric", "Poison"]}}]}