{"id": "gen9randombattle-2641542884", "format": "[Gen 9] Random Battle", "players": ["Dghfff", "ShadowQ8"], "log": "|j|\u2606Dghfff\n|j|\u2606ShadowQ8\n|t:|1782804422\n|gametype|singles\n|player|p1|Dghfff|265|2182\n|player|p2|ShadowQ8|cyrus|2270\n|gen|9\n|tier|[Gen 9] Random Battle\n|rated|\n|rule|Species Clause: Limit one of each Pok\u00e9mon\n|rule|HP Percentage Mod: HP is shown in percentages\n|rule|Sleep Clause Mod: Limit one foe put to sleep\n|rule|Illusion Level Mod: Illusion disguises the Pok\u00e9mon's true level\n|\n|t:|1782804422\n|teamsize|p1|6\n|teamsize|p2|6\n|start\n|switch|p1a: Palossand|Palossand, L89, F|296/296\n|switch|p2a: Archaludon|Archaludon, L78, M|268/268\n|turn|1\n|inactive|Battle timer is ON: inactive players will automatically lose when time's up. (requested by ShadowQ8)\n|\n|t:|1782804439\n|switch|p2a: Golduck|Golduck, L90, F|290/290\n|-ability|p2a: Golduck|Cloud Nine\n|move|p1a: Palossand|Earth Power|p2a: Golduck\n|-damage|p2a: Golduck|188/290\n|\n|upkeep\n|turn|2\n|\n|t:|1782804444\n|move|p2a: Golduck|Grass Knot|p1a: Palossand\n|-supereffective|p1a: Palossand\n|-damage|p1a: Palossand|0 fnt\n|faint|p1a: Palossand\n|\n|upkeep\n|\n|t:|1782804456\n|switch|p1a: Chi-Yu|Chi-Yu, L77|211/211\n|-ability|p1a: Chi-Yu|Beads of Ruin\n|turn|3\n|\n|t:|1782804467\n|switch|p2a: Roaring Moon|Roaring Moon, L72|270/270\n|move|p1a: Chi-Yu|Nasty Plot|p1a: Chi-Yu\n|-boost|p1a: Chi-Yu|spa|2\n|\n|upkeep\n|turn|4\n|\n|t:|1782804480\n|move|p2a: Roaring Moon|U-turn|p1a: Chi-Yu\n|-crit|p1a: Chi-Yu\n|-damage|p1a: Chi-Yu|86/211\n|\n|t:|1782804481\n|-end|p2a: Roaring Moon|Protosynthesis|[silent]\n|switch|p2a: Gardevoir|Gardevoir, L83, M|249/249|[from] U-turn\n|-ability|p2a: Gardevoir|Beads of Ruin|Trace|[from] ability: Trace|[of] p1a: Chi-Yu\n|-ability|p2a: Gardevoir|Beads of Ruin\n|move|p1a: Chi-Yu|Will-O-Wisp|p2a: Gardevoir|[miss]\n|-miss|p1a: Chi-Yu|p2a: Gardevoir\n|\n|upkeep\n|turn|5\n|\n|t:|1782804488\n|move|p2a: Gardevoir|Moonblast|p1a: Chi-Yu\n|-damage|p1a: Chi-Yu|0 fnt\n|faint|p1a: Chi-Yu\n|\n|upkeep\n|\n|t:|1782804491\n|switch|p1a: Muk|Muk-Alola, L82, F|306/306\n|turn|6\n|\n|t:|1782804497\n|switch|p2a: Archaludon|Archaludon, L78, M|268/268\n|move|p1a: Muk|Knock Off|p2a: Archaludon\n|-crit|p2a: Archaludon\n|-damage|p2a: Archaludon|151/268\n|-ability|p2a: Archaludon|Stamina|boost\n|-boost|p2a: Archaludon|def|1\n|-enditem|p2a: Archaludon|Leftovers|[from] move: Knock Off|[of] p1a: Muk\n|\n|upkeep\n|turn|7\n|\n|t:|1782804501\n|move|p2a: Archaludon|Thunder Wave|p1a: Muk\n|-status|p1a: Muk|par\n|move|p1a: Muk|Drain Punch|p2a: Archaludon\n|-supereffective|p2a: Archaludon\n|-damage|p2a: Archaludon|95/268\n|-ability|p2a: Archaludon|Stamina|boost\n|-boost|p2a: Archaludon|def|1\n|\n|upkeep\n|turn|8\n|\n|t:|1782804506\n|move|p2a: Archaludon|Body Press|p1a: Muk\n|-damage|p1a: Muk|154/306 par\n|move|p1a: Muk|Drain Punch|p2a: Archaludon\n|-supereffective|p2a: Archaludon\n|-damage|p2a: Archaludon|49/268\n|-heal|p1a: Muk|177/306 par|[from] drain|[of] p2a: Archaludon\n|-ability|p2a: Archaludon|Stamina|boost\n|-boost|p2a: Archaludon|def|1\n|\n|upkeep\n|turn|9\n|\n|t:|1782804513\n|move|p2a: Archaludon|Draco Meteor|p1a: Muk\n|-damage|p1a: Muk|87/306 par\n|-unboost|p2a: Archaludon|spa|2\n|move|p1a: Muk|Drain Punch|p2a: Archaludon\n|-supereffective|p2a: Archaludon\n|-damage|p2a: Archaludon|9/268\n|-heal|p1a: Muk|107/306 par|[from] drain|[of] p2a: Archaludon\n|-ability|p2a: Archaludon|Stamina|boost\n|-boost|p2a: Archaludon|def|1\n|\n|upkeep\n|turn|10\n|\n|t:|1782804517\n|move|p2a: Archaludon|Body Press|p1a: Muk\n|-damage|p1a: Muk|0 fnt\n|faint|p1a: Muk\n|\n|upkeep\n|\n|t:|1782804522\n|switch|p1a: Zapdos|Zapdos-Galar, L77|265/265\n|turn|11\n|\n|t:|1782804528\n|move|p1a: Zapdos|Brave Bird|p2a: Archaludon\n|-resisted|p2a: Archaludon\n|-damage|p2a: Archaludon|0 fnt\n|faint|p2a: Archaludon\n|-damage|p1a: Zapdos|262/265|[from] Recoil\n|-damage|p1a: Zapdos|236/265|[from] item: Life Orb\n|\n|upkeep\n|\n|t:|1782804531\n|switch|p2a: Gardevoir|Gardevoir, L83, M|249/249\n|-ability|p2a: Gardevoir|Defiant|Trace|[from] ability: Trace|[of] p1a: Zapdos\n|turn|12\n|\n|t:|1782804536\n|move|p2a: Gardevoir|Moonblast|p1a: Zapdos\n|-supereffective|p1a: Zapdos\n|-damage|p1a: Zapdos|0 fnt\n|faint|p1a: Zapdos\n|\n|upkeep\n|\n|t:|1782804537\n|switch|p1a: Sunflora|Sunflora, M|312/312\n|turn|13\n|\n|t:|1782804540\n|move|p2a: Gardevoir|Moonblast|p1a: Sunflora\n|-damage|p1a: Sunflora|207/312\n|move|p1a: Sunflora|Sludge Bomb|p2a: Gardevoir\n|-supereffective|p2a: Gardevoir\n|-damage|p2a: Gardevoir|1/249\n|\n|upkeep\n|turn|14\n|\n|t:|1782804548\n|switch|p2a: Golduck|Golduck, L90, F|188/290\n|-ability|p2a: Golduck|Cloud Nine\n|move|p1a: Sunflora|Sludge Bomb|p2a: Golduck\n|-damage|p2a: Golduck|52/290\n|-status|p2a: Golduck|psn\n|\n|-damage|p2a: Golduck|16/290 psn|[from] psn\n|upkeep\n|turn|15\n|\n|t:|1782804555\n|move|p2a: Golduck|Ice Beam|p1a: Sunflora\n|-supereffective|p1a: Sunflora\n|-damage|p1a: Sunflora|23/312\n|-status|p1a: Sunflora|frz\n|-curestatus|p1a: Sunflora|frz|[msg]\n|move|p1a: Sunflora|Sludge Bomb|p2a: Golduck\n|-damage|p2a: Golduck|0 fnt\n|faint|p2a: Golduck\n|\n|upkeep\n|\n|t:|1782804558\n|switch|p2a: Roaring Moon|Roaring Moon, L72|270/270\n|turn|16\n|\n|t:|1782804561\n|move|p2a: Roaring Moon|U-turn|p1a: Sunflora\n|-supereffective|p1a: Sunflora\n|-damage|p1a: Sunflora|0 fnt\n|faint|p1a: Sunflora\n|\n|t:|1782804571\n|-end|p2a: Roaring Moon|Protosynthesis|[silent]\n|switch|p2a: Deoxys|Deoxys-Attack, L72|191/191|[from] U-turn\n|-ability|p2a: Deoxys|Pressure\n|\n|upkeep\n|\n|t:|1782804575\n|switch|p1a: Iron Boulder|Iron Boulder, L77|265/265\n|-enditem|p1a: Iron Boulder|Booster Energy\n|-activate|p1a: Iron Boulder|ability: Quark Drive|[fromitem]\n|-start|p1a: Iron Boulder|quarkdrivespe\n|turn|17\n|\n|t:|1782804582\n|move|p1a: Iron Boulder|Mighty Cleave|p2a: Deoxys\n|-damage|p2a: Deoxys|0 fnt\n|faint|p2a: Deoxys\n|\n|upkeep\n|\n|t:|1782804593\n|switch|p2a: Chi-Yu|Chi-Yu, L77|211/211\n|-ability|p2a: Chi-Yu|Beads of Ruin\n|turn|18\n|\n|t:|1782804603\n|-terastallize|p1a: Iron Boulder|Fighting\n|move|p1a: Iron Boulder|Close Combat|p2a: Chi-Yu\n|-supereffective|p2a: Chi-Yu\n|-damage|p2a: Chi-Yu|0 fnt\n|-unboost|p1a: Iron Boulder|def|1\n|-unboost|p1a: Iron Boulder|spd|1\n|faint|p2a: Chi-Yu\n|\n|upkeep\n|\n|t:|1782804609\n|switch|p2a: Roaring Moon|Roaring Moon, L72|270/270\n|turn|19\n|\n|t:|1782804615\n|-end|p2a: Roaring Moon|Protosynthesis|[silent]\n|switch|p2a: Gardevoir|Gardevoir, L83, M|1/249\n|move|p1a: Iron Boulder|Close Combat|p2a: Gardevoir\n|-resisted|p2a: Gardevoir\n|-damage|p2a: Gardevoir|0 fnt\n|-unboost|p1a: Iron Boulder|def|1\n|-unboost|p1a: Iron Boulder|spd|1\n|faint|p2a: Gardevoir\n|\n|upkeep\n|\n|t:|1782804616\n|switch|p2a: Roaring Moon|Roaring Moon, L72|270/270\n|turn|20\n|\n|t:|1782804622\n|-terastallize|p2a: Roaring Moon|Dragon\n|move|p1a: Iron Boulder|Close Combat|p2a: Roaring Moon\n|-damage|p2a: Roaring Moon|92/270\n|-unboost|p1a: Iron Boulder|def|1\n|-unboost|p1a: Iron Boulder|spd|1\n|move|p2a: Roaring Moon|Outrage|p1a: Iron Boulder\n|-damage|p1a: Iron Boulder|0 fnt\n|faint|p1a: Iron Boulder\n|-end|p1a: Iron Boulder|Quark Drive|[silent]\n|\n|win|ShadowQ8\n", "inputlog": ">version f8ac14003a5f27e1bdc8d8c59608a773c1cb96e5\n>start {\"formatid\":\"gen9randombattle\",\"seed\":\"sodium,0cecab8f3fae7aea2e2978ad1459eaff\",\"rated\":\"Rated battle\"}\n>player p1 {\"name\":\"Dghfff\",\"avatar\":\"265\",\"rating\":2182,\"seed\":\"sodium,cfb7fc3fb127ae021ba05f290584231b\"}\n>player p2 {\"name\":\"ShadowQ8\",\"avatar\":\"cyrus\",\"rating\":2270,\"seed\":\"sodium,ce3cb3a10d8a32d35052ebefb15c253c\"}\n>p1 move earthpower\n>p2 switch 6\n>p1 move shadowball\n>p2 move grassknot\n>p1 switch 2\n>p1 move nastyplot\n>p2 switch 3\n>p1 move willowisp\n>p2 move uturn\n>p2 switch 2\n>p1 move fireblast\n>p2 move moonblast\n>p1 switch 3\n>p1 move knockoff\n>p2 switch 6\n>p1 move drainpunch\n>p2 move thunderwave\n>p1 move drainpunch\n>p2 move bodypress\n>p1 move drainpunch\n>p2 move dracometeor\n>p1 move drainpunch\n>p2 move bodypress\n>p1 switch 6\n>p1 move bravebird\n>p2 move thunderwave\n>p2 switch 6\n>p1 move bravebird\n>p2 move moonblast\n>p1 switch 5\n>p1 move sludgebomb\n>p2 move moonblast\n>p1 move sludgebomb\n>p2 switch 3\n>p1 move sludgebomb\n>p2 move icebeam\n>p2 switch 2\n>p1 move sludgebomb\n>p2 move uturn\n>p2 switch 4\n>p1 switch 4\n>p1 move mightycleave\n>p2 move psychoboost\n>p2 switch 5\n>p1 move closecombat terastallize\n>p2 move psychic\n>p2 switch 4\n>p1 move closecombat\n>p2 switch 3\n>p2 switch 3\n>p1 move closecombat\n>p2 move outrage terastallize", "uploadtime": 1782804424, "views": 3, "formatid": "gen9randombattle", "rating": null, "private": 0, "password": null, "player_dets": [{"name": "Dghfff", "avatar": "265", "rating": 2182, "seed": "sodium,cfb7fc3fb127ae021ba05f290584231b"}, {"name": "ShadowQ8", "avatar": "cyrus", "rating": 2270, "seed": "sodium,ce3cb3a10d8a32d35052ebefb15c253c"}], "teams_full": [{"Palossand": {"name": "Palossand", "species": "Palossand", "speciesId": "palossand", "gender": "F", "shiny": false, "level": 89, "moves": ["shadowball", "earthpower", "sludgebomb", "shoreup"], "ability": "Water Compaction", "evs": {"hp": 85, "atk": 0, "def": 85, "spa": 85, "spd": 85, "spe": 85}, "ivs": {"hp": 31, "atk": 0, "def": 31, "spa": 31, "spd": 31, "spe": 31}, "item": "Leftovers", "teraType": "Poison", "role": "Bulky Support", "bvs": {"hp": 85, "atk": 75, "def": 110, "spa": 100, "spd": 75, "spe": 35}, "stats": {"hp": 296, "atk": 138, "def": 247, "spa": 229, "spd": 184, "spe": 113}, "types": ["Ghost", "Ground"]}, "Chi-Yu": {"name": "Chi-Yu", "species": "Chi-Yu", "speciesId": "chiyu", "gender": "N", "shiny": false, "level": 77, "moves": ["nastyplot", "darkpulse", "fireblast", "willowisp"], "ability": "Beads of Ruin", "evs": {"hp": 85, "atk": 0, "def": 85, "spa": 85, "spd": 85, "spe": 85}, "ivs": {"hp": 31, "atk": 0, "def": 31, "spa": 31, "spd": 31, "spe": 31}, "item": "Heavy-Duty Boots", "teraType": "Fire", "role": "Setup Sweeper", "bvs": {"hp": 55, "atk": 80, "def": 80, "spa": 135, "spd": 120, "spe": 100}, "stats": {"hp": 211, "atk": 128, "def": 168, "spa": 252, "spd": 229, "spe": 199}, "types": ["Dark", "Fire"]}, "Muk": {"name": "Muk", "species": "Muk-Alola", "speciesId": "mukalola", "gender": "F", "shiny": false, "level": 82, "moves": ["drainpunch", "knockoff", "gunkshot", "icepunch"], "ability": "Poison Touch", "evs": {"hp": 85, "atk": 85, "def": 85, "spa": 85, "spd": 85, "spe": 85}, "ivs": {"hp": 31, "atk": 31, "def": 31, "spa": 31, "spd": 31, "spe": 31}, "item": "Assault Vest", "teraType": "Fighting", "role": "AV Pivot", "bvs": {"hp": 105, "atk": 105, "def": 75, "spa": 65, "spd": 100, "spe": 50}, "stats": {"hp": 306, "atk": 219, "def": 170, "spa": 154, "spd": 211, "spe": 129}, "types": ["Poison", "Dark"]}, "Iron Boulder": {"name": "Iron Boulder", "species": "Iron Boulder", "speciesId": "ironboulder", "gender": "N", "shiny": false, "level": 77, "moves": ["mightycleave", "swordsdance", "closecombat", "zenheadbutt"], "ability": "Quark Drive", "evs": {"hp": 85, "atk": 85, "def": 85, "spa": 85, "spd": 85, "spe": 85}, "ivs": {"hp": 31, "atk": 31, "def": 31, "spa": 31, "spd": 31, "spe": 31}, "item": "Booster Energy", "teraType": "Fighting", "role": "Fast Bulky Setup", "bvs": {"hp": 90, "atk": 120, "def": 80, "spa": 68, "spd": 108, "spe": 124}, "stats": {"hp": 265, "atk": 229, "def": 168, "spa": 149, "spd": 211, "spe": 236}, "types": ["Rock", "Psychic"]}, "Sunflora": {"name": "Sunflora", "species": "Sunflora", "speciesId": "sunflora", "gender": "M", "shiny": false, "level": 100, "moves": ["leafstorm", "dazzlinggleam", "earthpower", "sludgebomb"], "ability": "Chlorophyll", "evs": {"hp": 85, "atk": 0, "def": 85, "spa": 85, "spd": 85, "spe": 85}, "ivs": {"hp": 31, "atk": 0, "def": 31, "spa": 31, "spd": 31, "spe": 31}, "item": "Choice Specs", "teraType": "Poison", "role": "Wallbreaker", "bvs": {"hp": 75, "atk": 75, "def": 55, "spa": 105, "spd": 85, "spe": 30}, "stats": {"hp": 312, "atk": 155, "def": 167, "spa": 267, "spd": 227, "spe": 117}, "types": ["Grass"]}, "Zapdos": {"name": "Zapdos", "species": "Zapdos-Galar", "speciesId": "zapdosgalar", "gender": "N", "shiny": false, "level": 77, "moves": ["bulkup", "knockoff", "closecombat", "bravebird"], "ability": "Defiant", "evs": {"hp": 85, "atk": 85, "def": 85, "spa": 85, "spd": 85, "spe": 85}, "ivs": {"hp": 31, "atk": 31, "def": 31, "spa": 31, "spd": 31, "spe": 31}, "item": "Life Orb", "teraType": "Steel", "role": "Fast Attacker", "bvs": {"hp": 90, "atk": 125, "def": 90, "spa": 85, "spd": 90, "spe": 100}, "stats": {"hp": 265, "atk": 237, "def": 183, "spa": 175, "spd": 183, "spe": 199}, "types": ["Fighting", "Flying"]}}, {"Archaludon": {"name": "Archaludon", "species": "Archaludon", "speciesId": "archaludon", "gender": "M", "shiny": false, "level": 78, "moves": ["bodypress", "flashcannon", "dracometeor", "thunderwave"], "ability": "Stamina", "evs": {"hp": 85, "atk": 0, "def": 85, "spa": 85, "spd": 85, "spe": 85}, "ivs": {"hp": 31, "atk": 0, "def": 31, "spa": 31, "spd": 31, "spe": 31}, "item": "Leftovers", "teraType": "Fighting", "role": "Bulky Attacker", "bvs": {"hp": 90, "atk": 105, "def": 130, "spa": 125, "spd": 65, "spe": 85}, "stats": {"hp": 268, "atk": 168, "def": 248, "spa": 240, "spd": 146, "spe": 178}, "types": ["Steel", "Dragon"]}, "Gardevoir": {"name": "Gardevoir", "species": "Gardevoir", "speciesId": "gardevoir", "gender": "M", "shiny": false, "level": 83, "moves": ["moonblast", "psyshock", "healingwish", "mysticalfire"], "ability": "Trace", "evs": {"hp": 85, "atk": 0, "def": 85, "spa": 85, "spd": 85, "spe": 85}, "ivs": {"hp": 31, "atk": 0, "def": 31, "spa": 31, "spd": 31, "spe": 31}, "item": "Choice Scarf", "teraType": "Fire", "role": "Fast Attacker", "bvs": {"hp": 68, "atk": 65, "def": 65, "spa": 125, "spd": 115, "spe": 80}, "stats": {"hp": 249, "atk": 112, "def": 156, "spa": 255, "spd": 239, "spe": 180}, "types": ["Psychic", "Fairy"]}, "Roaring Moon": {"name": "Roaring Moon", "species": "Roaring Moon", "speciesId": "roaringmoon", "gender": "N", "shiny": false, "level": 72, "moves": ["ironhead", "uturn", "outrage", "knockoff"], "ability": "Protosynthesis", "evs": {"hp": 85, "atk": 85, "def": 85, "spa": 85, "spd": 85, "spe": 85}, "ivs": {"hp": 31, "atk": 31, "def": 31, "spa": 31, "spd": 31, "spe": 31}, "item": "Choice Band", "teraType": "Dragon", "role": "Bulky Attacker", "bvs": {"hp": 105, "atk": 139, "def": 71, "spa": 55, "spd": 101, "spe": 119}, "stats": {"hp": 270, "atk": 242, "def": 144, "spa": 121, "spd": 187, "spe": 213}, "types": ["Dragon", "Dark"]}, "Deoxys": {"name": "Deoxys", "species": "Deoxys-Attack", "speciesId": "deoxysattack", "gender": "N", "shiny": false, "level": 72, "moves": ["icebeam", "knockoff", "superpower", "psychoboost"], "ability": "Pressure", "evs": {"hp": 85, "atk": 85, "def": 85, "spa": 85, "spd": 85, "spe": 85}, "ivs": {"hp": 31, "atk": 31, "def": 31, "spa": 31, "spd": 31, "spe": 31}, "item": "Life Orb", "teraType": "Dark", "role": "Wallbreaker", "bvs": {"hp": 50, "atk": 180, "def": 20, "spa": 180, "spd": 20, "spe": 150}, "stats": {"hp": 191, "atk": 301, "def": 71, "spa": 301, "spd": 71, "spe": 258}, "types": ["Psychic"]}, "Chi-Yu": {"name": "Chi-Yu", "species": "Chi-Yu", "speciesId": "chiyu", "gender": "N", "shiny": false, "level": 77, "moves": ["overheat", "flamethrower", "psychic", "darkpulse"], "ability": "Beads of Ruin", "evs": {"hp": 85, "atk": 0, "def": 85, "spa": 85, "spd": 85, "spe": 85}, "ivs": {"hp": 31, "atk": 0, "def": 31, "spa": 31, "spd": 31, "spe": 31}, "item": "Choice Scarf", "teraType": "Dark", "role": "Fast Attacker", "bvs": {"hp": 55, "atk": 80, "def": 80, "spa": 135, "spd": 120, "spe": 100}, "stats": {"hp": 211, "atk": 128, "def": 168, "spa": 252, "spd": 229, "spe": 199}, "types": ["Dark", "Fire"]}, "Golduck": {"name": "Golduck", "species": "Golduck", "speciesId": "golduck", "gender": "F", "shiny": false, "level": 90, "moves": ["icebeam", "flipturn", "grassknot", "hydropump"], "ability": "Cloud Nine", "evs": {"hp": 85, "atk": 85, "def": 85, "spa": 85, "spd": 85, "spe": 85}, "ivs": {"hp": 31, "atk": 31, "def": 31, "spa": 31, "spd": 31, "spe": 31}, "item": "Choice Specs", "teraType": "Water", "role": "Fast Attacker", "bvs": {"hp": 80, "atk": 82, "def": 78, "spa": 95, "spd": 80, "spe": 85}, "stats": {"hp": 290, "atk": 199, "def": 192, "spa": 222, "spd": 195, "spe": 204}, "types": ["Water"]}}]}