{"id": "gen9randombattle-2641136511", "format": "[Gen 9] Random Battle", "players": ["Dkckkvkvlvid", "testbotcif"], "log": "|j|\u2606Dkckkvkvlvid\n|j|\u2606testbotcif\n|t:|1782745027\n|gametype|singles\n|player|p1|Dkckkvkvlvid|266|1059\n|player|p2|testbotcif|266|1065\n|gen|9\n|tier|[Gen 9] Random Battle\n|rated|\n|rule|Species Clause: Limit one of each Pok\u00e9mon\n|rule|HP Percentage Mod: HP is shown in percentages\n|rule|Sleep Clause Mod: Limit one foe put to sleep\n|rule|Illusion Level Mod: Illusion disguises the Pok\u00e9mon's true level\n|\n|t:|1782745027\n|teamsize|p1|6\n|teamsize|p2|6\n|start\n|switch|p1a: Ariados|Ariados, L95, M|287/287\n|switch|p2a: Ogerpon|Ogerpon, L80, F|259/259\n|turn|1\n|c|\u2606testbotcif|rlhf\n|inactive|Battle timer is ON: inactive players will automatically lose when time's up. (requested by testbotcif)\n|\n|t:|1782745054\n|-terastallize|p2a: Ogerpon|Grass\n|detailschange|p2a: Ogerpon|Ogerpon-Teal-Tera, L80, F, tera:Grass\n|-ability|p2a: Ogerpon|Embody Aspect (Teal)|boost\n|-boost|p2a: Ogerpon|spe|1\n|move|p2a: Ogerpon|Swords Dance|p2a: Ogerpon\n|-boost|p2a: Ogerpon|atk|2\n|move|p1a: Ariados|Sticky Web|p2a: Ogerpon\n|-sidestart|p2: testbotcif|move: Sticky Web\n|\n|upkeep\n|turn|2\n|\n|t:|1782745064\n|move|p2a: Ogerpon|Knock Off|p1a: Ariados\n|-damage|p1a: Ariados|89/287\n|-enditem|p1a: Ariados|Focus Sash|[from] move: Knock Off|[of] p2a: Ogerpon\n|-damage|p2a: Ogerpon|234/259|[from] item: Life Orb\n|move|p1a: Ariados|Megahorn|p2a: Ogerpon\n|-supereffective|p2a: Ogerpon\n|-damage|p2a: Ogerpon|0 fnt\n|faint|p2a: Ogerpon\n|detailschange|p2: Ogerpon|Ogerpon, L80, F|[silent]\n|\n|upkeep\n|\n|t:|1782745064\n|switch|p2a: Swampert|Swampert, L83, M|302/302\n|-activate|p2a: Swampert|move: Sticky Web\n|-unboost|p2a: Swampert|spe|1\n|turn|3\n|\n|t:|1782745076\n|move|p1a: Ariados|Poison Jab|p2a: Swampert\n|-resisted|p2a: Swampert\n|-damage|p2a: Swampert|255/302\n|move|p2a: Swampert|Roar|p1a: Ariados\n|drag|p1a: Delphox|Delphox, L84, M|263/263\n|\n|-heal|p2a: Swampert|273/302|[from] item: Leftovers\n|upkeep\n|turn|4\n|\n|t:|1782745083\n|move|p1a: Delphox|Grass Knot|p2a: Swampert\n|-supereffective|p2a: Swampert\n|-damage|p2a: Swampert|1/302\n|move|p2a: Swampert|Earthquake|p1a: Delphox\n|-supereffective|p1a: Delphox\n|-damage|p1a: Delphox|0 fnt\n|faint|p1a: Delphox\n|\n|-heal|p2a: Swampert|19/302|[from] item: Leftovers\n|upkeep\n|\n|t:|1782745099\n|switch|p1a: Dedenne|Dedenne, L88, M|261/261\n|turn|5\n|\n|t:|1782745101\n|move|p1a: Dedenne|Dazzling Gleam|p2a: Swampert\n|-damage|p2a: Swampert|0 fnt\n|faint|p2a: Swampert\n|\n|upkeep\n|\n|t:|1782745102\n|switch|p2a: Fezandipiti|Fezandipiti, L82, M|278/278\n|-activate|p2a: Fezandipiti|move: Sticky Web\n|-unboost|p2a: Fezandipiti|spe|1\n|turn|6\n|\n|t:|1782745107\n|switch|p1a: Ariados|Ariados, L95, M|89/287\n|move|p2a: Fezandipiti|Gunk Shot|p1a: Ariados\n|-resisted|p1a: Ariados\n|-damage|p1a: Ariados|24/287\n|\n|upkeep\n|turn|7\n|\n|t:|1782745115\n|move|p2a: Fezandipiti|Gunk Shot|p1a: Ariados\n|-resisted|p1a: Ariados\n|-damage|p1a: Ariados|0 fnt\n|faint|p1a: Ariados\n|\n|upkeep\n|\n|t:|1782745120\n|switch|p1a: Deoxys|Deoxys-Attack, L72|191/191\n|-ability|p1a: Deoxys|Pressure\n|turn|8\n|\n|t:|1782745124\n|move|p1a: Deoxys|Psycho Boost|p2a: Fezandipiti\n|-supereffective|p2a: Fezandipiti\n|-damage|p2a: Fezandipiti|0 fnt\n|-unboost|p1a: Deoxys|spa|2\n|faint|p2a: Fezandipiti\n|-damage|p1a: Deoxys|172/191|[from] item: Life Orb\n|\n|upkeep\n|\n|t:|1782745124\n|switch|p2a: Alomomola|Alomomola, L87, M|429/429\n|turn|9\n|\n|t:|1782745131\n|switch|p1a: Dedenne|Dedenne, L88, M|261/261\n|move|p2a: Alomomola|Flip Turn|p1a: Dedenne\n|-damage|p1a: Dedenne|192/261\n|\n|t:|1782745131\n|switch|p2a: Gurdurr|Gurdurr, L85, F|283/283|[from] Flip Turn\n|-activate|p2a: Gurdurr|move: Sticky Web\n|-unboost|p2a: Gurdurr|spe|1\n|\n|upkeep\n|turn|10\n|\n|t:|1782745138\n|move|p1a: Dedenne|Dazzling Gleam|p2a: Gurdurr\n|-supereffective|p2a: Gurdurr\n|-damage|p2a: Gurdurr|115/283\n|move|p2a: Gurdurr|Bulk Up|p2a: Gurdurr\n|-boost|p2a: Gurdurr|atk|1\n|-boost|p2a: Gurdurr|def|1\n|\n|upkeep\n|turn|11\n|\n|t:|1782745142\n|move|p1a: Dedenne|Dazzling Gleam|p2a: Gurdurr\n|-supereffective|p2a: Gurdurr\n|-damage|p2a: Gurdurr|0 fnt\n|faint|p2a: Gurdurr\n|\n|upkeep\n|\n|t:|1782745143\n|switch|p2a: Hariyama|Hariyama, L87, M|392/392\n|-activate|p2a: Hariyama|move: Sticky Web\n|-unboost|p2a: Hariyama|spe|1\n|turn|12\n|\n|t:|1782745150\n|move|p1a: Dedenne|Nuzzle|p2a: Hariyama\n|-damage|p2a: Hariyama|371/392\n|-status|p2a: Hariyama|par\n|move|p2a: Hariyama|Close Combat|p1a: Dedenne\n|-resisted|p1a: Dedenne\n|-damage|p1a: Dedenne|48/261\n|-unboost|p2a: Hariyama|def|1\n|-unboost|p2a: Hariyama|spd|1\n|-enditem|p1a: Dedenne|Sitrus Berry|[eat]\n|-heal|p1a: Dedenne|113/261|[from] item: Sitrus Berry\n|-heal|p1a: Dedenne|200/261|[from] ability: Cheek Pouch\n|\n|upkeep\n|turn|13\n|\n|t:|1782745157\n|move|p1a: Dedenne|Dazzling Gleam|p2a: Hariyama\n|-supereffective|p2a: Hariyama\n|-damage|p2a: Hariyama|45/392 par\n|move|p2a: Hariyama|Close Combat|p1a: Dedenne\n|-resisted|p1a: Dedenne\n|-damage|p1a: Dedenne|55/261\n|-unboost|p2a: Hariyama|def|1\n|-unboost|p2a: Hariyama|spd|1\n|\n|upkeep\n|turn|14\n|\n|t:|1782745161\n|move|p2a: Hariyama|Bullet Punch|p1a: Dedenne\n|-damage|p1a: Dedenne|0 fnt\n|faint|p1a: Dedenne\n|\n|upkeep\n|\n|t:|1782745168\n|switch|p1a: Volcarona|Volcarona, L77, M|257/257\n|turn|15\n|\n|t:|1782745170\n|move|p1a: Volcarona|Fiery Dance|p2a: Hariyama\n|-damage|p2a: Hariyama|0 fnt\n|faint|p2a: Hariyama\n|\n|upkeep\n|\n|t:|1782745170\n|switch|p2a: Alomomola|Alomomola, L87, M|429/429\n|turn|16\n|\n|t:|1782745175\n|move|p1a: Volcarona|Quiver Dance|p1a: Volcarona\n|-boost|p1a: Volcarona|spa|1\n|-boost|p1a: Volcarona|spd|1\n|-boost|p1a: Volcarona|spe|1\n|move|p2a: Alomomola|Wish|p2a: Alomomola\n|\n|upkeep\n|turn|17\n|l|\u2606testbotcif\n|inactive|testbotcif disconnected and has a minute to reconnect!\n|player|p2|\n|j|\u2606testbotcif\n|inactive|testbotcif reconnected.\n|player|p2|testbotcif|266|\n|c|\u2606testbotcif|rlhf\n|\n|t:|1782745180\n|move|p1a: Volcarona|Quiver Dance|p1a: Volcarona\n|-boost|p1a: Volcarona|spa|1\n|-boost|p1a: Volcarona|spd|1\n|-boost|p1a: Volcarona|spe|1\n|move|p2a: Alomomola|Flip Turn|p1a: Volcarona\n|-supereffective|p1a: Volcarona\n|-damage|p1a: Volcarona|107/257\n|\n|upkeep\n|turn|18\n|\n|t:|1782745187\n|move|p1a: Volcarona|Giga Drain|p2a: Alomomola\n|-supereffective|p2a: Alomomola\n|-damage|p2a: Alomomola|105/429\n|-heal|p1a: Volcarona|257/257|[from] drain|[of] p2a: Alomomola\n|move|p2a: Alomomola|Flip Turn|p1a: Volcarona\n|-supereffective|p1a: Volcarona\n|-damage|p1a: Volcarona|95/257\n|\n|upkeep\n|turn|19\n|\n|t:|1782745190\n|move|p1a: Volcarona|Giga Drain|p2a: Alomomola\n|-supereffective|p2a: Alomomola\n|-damage|p2a: Alomomola|0 fnt\n|-heal|p1a: Volcarona|148/257|[from] drain|[of] p2a: Alomomola\n|faint|p2a: Alomomola\n|\n|win|Dkckkvkvlvid\n|raw|Dkckkvkvlvid's rating: 1059 &rarr; <strong>1091</strong><br />(+32 for winning)\n|raw|testbotcif's rating: 1065 &rarr; <strong>1045</strong><br />(-20 for losing)\n", "inputlog": ">version f8ac14003a5f27e1bdc8d8c59608a773c1cb96e5\n>start {\"formatid\":\"gen9randombattle\",\"seed\":\"sodium,08b9a5fa2e946e899aab96a80e86ff0a\",\"rated\":\"Rated battle\"}\n>player p1 {\"name\":\"Dkckkvkvlvid\",\"avatar\":\"266\",\"rating\":1059,\"seed\":\"sodium,d1d8e07f459c1ac14eedc087d3b34679\"}\n>player p2 {\"name\":\"testbotcif\",\"avatar\":\"266\",\"rating\":1065,\"seed\":\"sodium,96d3b8a36d92c2921fd44b1bc391ce72\"}\n>chat \u2606testbotcif|rlhf\n>p1 move stickyweb\n>p2 move swordsdance terastallize\n>p1 move megahorn\n>p2 move knockoff\n>p2 switch 2\n>p1 move poisonjab\n>p2 move roar\n>p1 move grassknot\n>p2 move earthquake\n>p1 switch 5\n>p1 move dazzlinggleam\n>p2 move earthquake\n>p2 switch 6\n>p1 switch 6\n>p2 move gunkshot\n>p1 move poisonjab\n>p2 move gunkshot\n>p1 switch 3\n>p1 move psychoboost\n>p2 move gunkshot\n>p2 switch 4\n>p1 switch 6\n>p2 move flipturn\n>p2 switch 5\n>p1 move dazzlinggleam\n>p2 move bulkup\n>p1 move dazzlinggleam\n>p2 move drainpunch\n>p2 switch 3\n>p1 move nuzzle\n>p2 move closecombat\n>p1 move dazzlinggleam\n>p2 move closecombat\n>p1 move dazzlinggleam\n>p2 move bulletpunch\n>p1 switch 2\n>p1 move fierydance\n>p2 move closecombat\n>p2 switch 5\n>p1 move quiverdance\n>p2 move wish\n>chat \u2606testbotcif|rlhf\n>p1 move quiverdance\n>p2 move flipturn\n>p1 move gigadrain\n>p2 move flipturn\n>p1 move gigadrain\n>p2 move flipturn", "uploadtime": 1782745191, "views": 9, "formatid": "gen9randombattle", "rating": 1045, "private": 0, "password": null, "player_dets": [{"name": "Dkckkvkvlvid", "avatar": "266", "rating": 1059, "seed": "sodium,d1d8e07f459c1ac14eedc087d3b34679"}, {"name": "testbotcif", "avatar": "266", "rating": 1065, "seed": "sodium,96d3b8a36d92c2921fd44b1bc391ce72"}], "teams_full": [{"Ariados": {"name": "Ariados", "species": "Ariados", "speciesId": "ariados", "gender": "M", "shiny": false, "level": 95, "moves": ["suckerpunch", "poisonjab", "megahorn", "stickyweb"], "ability": "Insomnia", "evs": {"hp": 85, "atk": 85, "def": 85, "spa": 85, "spd": 85, "spe": 85}, "ivs": {"hp": 31, "atk": 31, "def": 31, "spa": 31, "spd": 31, "spe": 31}, "item": "Focus Sash", "teraType": "Ghost", "role": "Fast Support", "bvs": {"hp": 70, "atk": 90, "def": 70, "spa": 60, "spd": 70, "spe": 40}, "stats": {"hp": 287, "atk": 225, "def": 187, "spa": 168, "spd": 187, "spe": 130}, "types": ["Bug", "Poison"]}, "Volcarona": {"name": "Volcarona", "species": "Volcarona", "speciesId": "volcarona", "gender": "M", "shiny": false, "level": 77, "moves": ["gigadrain", "fierydance", "morningsun", "quiverdance"], "ability": "Flame Body", "evs": {"hp": 85, "atk": 0, "def": 85, "spa": 85, "spd": 85, "spe": 85}, "ivs": {"hp": 31, "atk": 0, "def": 31, "spa": 31, "spd": 31, "spe": 31}, "item": "Heavy-Duty Boots", "teraType": "Steel", "role": "Fast Bulky Setup", "bvs": {"hp": 85, "atk": 60, "def": 65, "spa": 135, "spd": 105, "spe": 100}, "stats": {"hp": 257, "atk": 97, "def": 145, "spa": 252, "spd": 206, "spe": 199}, "types": ["Bug", "Fire"]}, "Deoxys": {"name": "Deoxys", "species": "Deoxys-Attack", "speciesId": "deoxysattack", "gender": "N", "shiny": false, "level": 72, "moves": ["extremespeed", "superpower", "knockoff", "psychoboost"], "ability": "Pressure", "evs": {"hp": 85, "atk": 85, "def": 85, "spa": 85, "spd": 85, "spe": 85}, "ivs": {"hp": 31, "atk": 31, "def": 31, "spa": 31, "spd": 31, "spe": 31}, "item": "Life Orb", "teraType": "Fighting", "role": "Fast Attacker", "bvs": {"hp": 50, "atk": 180, "def": 20, "spa": 180, "spd": 20, "spe": 150}, "stats": {"hp": 191, "atk": 301, "def": 71, "spa": 301, "spd": 71, "spe": 258}, "types": ["Psychic"]}, "Urshifu": {"name": "Urshifu", "species": "Urshifu", "speciesId": "urshifu", "gender": "M", "shiny": false, "level": 74, "moves": ["wickedblow", "suckerpunch", "swordsdance", "closecombat"], "ability": "Unseen Fist", "evs": {"hp": 85, "atk": 85, "def": 85, "spa": 85, "spd": 85, "spe": 85}, "ivs": {"hp": 31, "atk": 31, "def": 31, "spa": 31, "spd": 31, "spe": 31}, "item": "Life Orb", "teraType": "Fighting", "role": "Fast Attacker", "bvs": {"hp": 100, "atk": 130, "def": 100, "spa": 63, "spd": 60, "spe": 97}, "stats": {"hp": 270, "atk": 235, "def": 191, "spa": 136, "spd": 132, "spe": 187}, "types": ["Fighting", "Dark"]}, "Dedenne": {"name": "Dedenne", "species": "Dedenne", "speciesId": "dedenne", "gender": "M", "shiny": false, "level": 88, "moves": ["dazzlinggleam", "nuzzle", "superfang", "thunderbolt"], "ability": "Cheek Pouch", "evs": {"hp": 85, "atk": 85, "def": 85, "spa": 85, "spd": 85, "spe": 85}, "ivs": {"hp": 31, "atk": 31, "def": 31, "spa": 31, "spd": 31, "spe": 31}, "item": "Sitrus Berry", "teraType": "Flying", "role": "Fast Support", "bvs": {"hp": 67, "atk": 58, "def": 57, "spa": 81, "spd": 67, "spe": 101}, "stats": {"hp": 261, "atk": 152, "def": 151, "spa": 193, "spd": 168, "spe": 228}, "types": ["Electric", "Fairy"]}, "Delphox": {"name": "Delphox", "species": "Delphox", "speciesId": "delphox", "gender": "M", "shiny": false, "level": 84, "moves": ["grassknot", "fireblast", "psyshock", "nastyplot"], "ability": "Blaze", "evs": {"hp": 85, "atk": 0, "def": 85, "spa": 85, "spd": 85, "spe": 85}, "ivs": {"hp": 31, "atk": 0, "def": 31, "spa": 31, "spd": 31, "spe": 31}, "item": "Heavy-Duty Boots", "teraType": "Fire", "role": "Fast Attacker", "bvs": {"hp": 75, "atk": 69, "def": 72, "spa": 114, "spd": 100, "spe": 104}, "stats": {"hp": 263, "atk": 120, "def": 169, "spa": 240, "spd": 216, "spe": 223}, "types": ["Fire", "Psychic"]}}, {"Ogerpon": {"name": "Ogerpon", "species": "Ogerpon", "speciesId": "ogerpon", "gender": "F", "shiny": false, "level": 80, "moves": ["ivycudgel", "knockoff", "superpower", "swordsdance"], "ability": "Defiant", "evs": {"hp": 85, "atk": 85, "def": 85, "spa": 85, "spd": 85, "spe": 85}, "ivs": {"hp": 31, "atk": 31, "def": 31, "spa": 31, "spd": 31, "spe": 31}, "item": "Life Orb", "teraType": "Grass", "role": "Setup Sweeper", "bvs": {"hp": 80, "atk": 120, "def": 84, "spa": 60, "spd": 96, "spe": 110}, "stats": {"hp": 259, "atk": 238, "def": 181, "spa": 142, "spd": 200, "spe": 222}, "types": ["Grass"]}, "Swampert": {"name": "Swampert", "species": "Swampert", "speciesId": "swampert", "gender": "M", "shiny": false, "level": 83, "moves": ["earthquake", "roar", "flipturn", "knockoff"], "ability": "Torrent", "evs": {"hp": 85, "atk": 85, "def": 85, "spa": 85, "spd": 85, "spe": 85}, "ivs": {"hp": 31, "atk": 31, "def": 31, "spa": 31, "spd": 31, "spe": 31}, "item": "Leftovers", "teraType": "Steel", "role": "Bulky Support", "bvs": {"hp": 100, "atk": 110, "def": 90, "spa": 85, "spd": 90, "spe": 60}, "stats": {"hp": 302, "atk": 230, "def": 197, "spa": 189, "spd": 197, "spe": 147}, "types": ["Water", "Ground"]}, "Hariyama": {"name": "Hariyama", "species": "Hariyama", "speciesId": "hariyama", "gender": "M", "shiny": false, "level": 87, "moves": ["bulletpunch", "facade", "closecombat", "knockoff"], "ability": "Guts", "evs": {"hp": 85, "atk": 85, "def": 85, "spa": 85, "spd": 85, "spe": 85}, "ivs": {"hp": 31, "atk": 31, "def": 31, "spa": 31, "spd": 31, "spe": 31}, "item": "Flame Orb", "teraType": "Normal", "role": "Wallbreaker", "bvs": {"hp": 144, "atk": 120, "def": 60, "spa": 40, "spd": 60, "spe": 50}, "stats": {"hp": 392, "atk": 259, "def": 154, "spa": 119, "spd": 154, "spe": 137}, "types": ["Fighting"]}, "Alomomola": {"name": "Alomomola", "species": "Alomomola", "speciesId": "alomomola", "gender": "M", "shiny": false, "level": 87, "moves": ["flipturn", "wish", "scald", "protect"], "ability": "Regenerator", "evs": {"hp": 85, "atk": 85, "def": 85, "spa": 85, "spd": 85, "spe": 85}, "ivs": {"hp": 31, "atk": 31, "def": 31, "spa": 31, "spd": 31, "spe": 31}, "item": "Heavy-Duty Boots", "teraType": "Steel", "role": "Fast Support", "bvs": {"hp": 165, "atk": 75, "def": 80, "spa": 40, "spd": 45, "spe": 65}, "stats": {"hp": 429, "atk": 180, "def": 189, "spa": 119, "spd": 128, "spe": 163}, "types": ["Water"]}, "Gurdurr": {"name": "Gurdurr", "species": "Gurdurr", "speciesId": "gurdurr", "gender": "F", "shiny": false, "level": 85, "moves": ["bulkup", "drainpunch", "machpunch", "knockoff"], "ability": "Guts", "evs": {"hp": 85, "atk": 85, "def": 85, "spa": 85, "spd": 85, "spe": 85}, "ivs": {"hp": 31, "atk": 31, "def": 31, "spa": 31, "spd": 31, "spe": 31}, "item": "Eviolite", "teraType": "Steel", "role": "Bulky Attacker", "bvs": {"hp": 85, "atk": 105, "def": 85, "spa": 40, "spd": 50, "spe": 40}, "stats": {"hp": 283, "atk": 227, "def": 193, "spa": 117, "spd": 134, "spe": 117}, "types": ["Fighting"]}, "Fezandipiti": {"name": "Fezandipiti", "species": "Fezandipiti", "speciesId": "fezandipiti", "gender": "M", "shiny": false, "level": 82, "moves": ["roost", "uturn", "gunkshot", "moonblast"], "ability": "Toxic Chain", "evs": {"hp": 85, "atk": 85, "def": 85, "spa": 85, "spd": 85, "spe": 85}, "ivs": {"hp": 31, "atk": 31, "def": 31, "spa": 31, "spd": 31, "spe": 31}, "item": "Leftovers", "teraType": "Steel", "role": "Bulky Attacker", "bvs": {"hp": 88, "atk": 91, "def": 82, "spa": 70, "spd": 125, "spe": 99}, "stats": {"hp": 278, "atk": 196, "def": 182, "spa": 162, "spd": 252, "spe": 210}, "types": ["Poison", "Fairy"]}}]}