{"id": "gen9randombattle-2641643852", "format": "[Gen 9] Random Battle", "players": ["rocket4lyf", "mrongey10"], "log": "|j|\u2606rocket4lyf\n|j|\u203dmrongey10\n|t:|1782823917\n|gametype|singles\n|player|p1|rocket4lyf|2|2013\n|player|p2|mrongey10|170|2119\n|gen|9\n|tier|[Gen 9] Random Battle\n|rated|\n|rule|Species Clause: Limit one of each Pok\u00e9mon\n|rule|HP Percentage Mod: HP is shown in percentages\n|rule|Sleep Clause Mod: Limit one foe put to sleep\n|rule|Illusion Level Mod: Illusion disguises the Pok\u00e9mon's true level\n|\n|t:|1782823917\n|teamsize|p1|6\n|teamsize|p2|6\n|start\n|switch|p1a: Toxicroak|Toxicroak, L84, M|277/277\n|switch|p2a: Bellibolt|Bellibolt, L84, M|320/320\n|turn|1\n|inactive|Battle timer is ON: inactive players will automatically lose when time's up. (requested by mrongey10)\n|\n|t:|1782823939\n|move|p1a: Toxicroak|Gunk Shot|p2a: Bellibolt\n|-damage|p2a: Bellibolt|128/320\n|-start|p2a: Bellibolt|Charge|Gunk Shot|[from] ability: Electromorphosis\n|move|p2a: Bellibolt|Volt Switch|p1a: Toxicroak\n|-damage|p1a: Toxicroak|79/277\n|-end|p2a: Bellibolt|Charge|[silent]\n|\n|t:|1782823947\n|switch|p2a: Giratina|Giratina, L75|349/349|[from] Volt Switch\n|-ability|p2a: Giratina|Pressure\n|\n|upkeep\n|turn|2\n|\n|t:|1782823957\n|switch|p1a: Gholdengo|Gholdengo, L77|261/261\n|move|p2a: Giratina|Will-O-Wisp|p1a: Gholdengo\n|-immune|p1a: Gholdengo|[from] ability: Good as Gold\n|\n|upkeep\n|turn|3\n|\n|t:|1782823973\n|switch|p1a: Toxicroak|Toxicroak, L84, M|79/277\n|move|p2a: Giratina|Shadow Ball|p1a: Toxicroak\n|-damage|p1a: Toxicroak|0 fnt\n|faint|p1a: Toxicroak\n|\n|upkeep\n|\n|t:|1782823981\n|switch|p1a: Drifblim|Drifblim, L86, M|398/398\n|turn|4\n|\n|t:|1782823994\n|move|p1a: Drifblim|Shadow Ball|p2a: Giratina\n|-supereffective|p2a: Giratina\n|-damage|p2a: Giratina|215/349\n|move|p2a: Giratina|Will-O-Wisp|p1a: Drifblim|[miss]\n|-miss|p2a: Giratina|p1a: Drifblim\n|\n|-heal|p2a: Giratina|236/349|[from] item: Leftovers\n|upkeep\n|turn|5\n|\n|t:|1782824007\n|move|p1a: Drifblim|Shadow Ball|p2a: Giratina\n|-supereffective|p2a: Giratina\n|-damage|p2a: Giratina|98/349\n|move|p2a: Giratina|Will-O-Wisp|p1a: Drifblim\n|-status|p1a: Drifblim|brn\n|\n|-heal|p2a: Giratina|119/349|[from] item: Leftovers\n|-damage|p1a: Drifblim|374/398 brn|[from] brn\n|upkeep\n|turn|6\n|\n|t:|1782824013\n|switch|p2a: Cramorant|Cramorant, L86, M|261/261\n|move|p1a: Drifblim|Shadow Ball|p2a: Cramorant\n|-damage|p2a: Cramorant|177/261\n|\n|-damage|p1a: Drifblim|350/398 brn|[from] brn\n|upkeep\n|turn|7\n|inactive|rocket4lyf has 120 seconds left.\n|\n|t:|1782824044\n|move|p2a: Cramorant|Surf|p1a: Drifblim\n|-formechange|p2a: Cramorant|Cramorant-Gulping|\n|-damage|p1a: Drifblim|232/398 brn\n|move|p1a: Drifblim|Strength Sap|p2a: Cramorant\n|-unboost|p2a: Cramorant|atk|1\n|-heal|p1a: Drifblim|398/398 brn\n|\n|-damage|p1a: Drifblim|374/398 brn|[from] brn\n|upkeep\n|turn|8\n|inactive|rocket4lyf has 120 seconds left.\n|\n|t:|1782824054\n|move|p2a: Cramorant|Surf|p1a: Drifblim\n|-damage|p1a: Drifblim|248/398 brn\n|move|p1a: Drifblim|Shadow Ball|p2a: Cramorant\n|-damage|p2a: Cramorant|98/261\n|-damage|p1a: Drifblim|149/398 brn|[from] ability: Gulp Missile|[of] p2a: Cramorant\n|-unboost|p1a: Drifblim|def|1\n|-formechange|p2a: Cramorant|Cramorant|\n|\n|-damage|p1a: Drifblim|125/398 brn|[from] brn\n|upkeep\n|turn|9\n|\n|t:|1782824058\n|switch|p1a: Gholdengo|Gholdengo, L77|261/261\n|move|p2a: Cramorant|Brave Bird|p1a: Gholdengo\n|-resisted|p1a: Gholdengo\n|-damage|p1a: Gholdengo|221/261\n|-damage|p2a: Cramorant|85/261|[from] Recoil\n|\n|upkeep\n|turn|10\n|\n|t:|1782824061\n|move|p1a: Gholdengo|Shadow Ball|p2a: Cramorant\n|-damage|p2a: Cramorant|0 fnt\n|faint|p2a: Cramorant\n|\n|upkeep\n|\n|t:|1782824064\n|switch|p2a: Gumshoos|Gumshoos, L95, M|321/321\n|turn|11\n|\n|t:|1782824067\n|switch|p1a: Drifblim|Drifblim, L86, M|125/398 brn\n|move|p2a: Gumshoos|Knock Off|p1a: Drifblim\n|-supereffective|p1a: Drifblim\n|-damage|p1a: Drifblim|0 fnt\n|-damage|p2a: Gumshoos|241/321|[from] ability: Aftermath|[of] p1a: Drifblim\n|-enditem|p1a: Drifblim|Heavy-Duty Boots|[from] move: Knock Off|[of] p2a: Gumshoos\n|faint|p1a: Drifblim\n|\n|upkeep\n|\n|t:|1782824081\n|switch|p1a: Tauros|Tauros, L82, M|257/257\n|turn|12\n|\n|t:|1782824085\n|switch|p2a: Toxapex|Toxapex, L82, M|216/216\n|move|p1a: Tauros|Close Combat|p2a: Toxapex\n|-resisted|p2a: Toxapex\n|-damage|p2a: Toxapex|181/216\n|-unboost|p1a: Tauros|def|1\n|-unboost|p1a: Tauros|spd|1\n|-damage|p1a: Tauros|215/257|[from] item: Rocky Helmet|[of] p2a: Toxapex\n|-damage|p1a: Tauros|190/257|[from] item: Life Orb\n|\n|upkeep\n|turn|13\n|\n|t:|1782824095\n|switch|p1a: Snorlax|Snorlax, L82, F|397/397\n|move|p2a: Toxapex|Toxic Spikes|p1a: Snorlax\n|-sidestart|p1: rocket4lyf|move: Toxic Spikes\n|\n|upkeep\n|turn|14\n|\n|t:|1782824102\n|switch|p2a: Giratina|Giratina, L75|119/349\n|-ability|p2a: Giratina|Pressure\n|-terastallize|p1a: Snorlax|Poison\n|move|p1a: Snorlax|Curse|p1a: Snorlax\n|-unboost|p1a: Snorlax|spe|1\n|-boost|p1a: Snorlax|atk|1\n|-boost|p1a: Snorlax|def|1\n|\n|-heal|p2a: Giratina|140/349|[from] item: Leftovers\n|upkeep\n|turn|15\n|\n|t:|1782824105\n|move|p2a: Giratina|Will-O-Wisp|p1a: Snorlax\n|-status|p1a: Snorlax|brn\n|move|p1a: Snorlax|Crunch|p2a: Giratina\n|-supereffective|p2a: Giratina\n|-damage|p2a: Giratina|66/349\n|-unboost|p2a: Giratina|def|1\n|\n|-heal|p2a: Giratina|87/349|[from] item: Leftovers\n|-damage|p1a: Snorlax|373/397 brn|[from] brn\n|upkeep\n|turn|16\n|\n|t:|1782824108\n|move|p1a: Snorlax|Curse|p1a: Snorlax\n|-unboost|p1a: Snorlax|spe|1\n|-boost|p1a: Snorlax|atk|1\n|-boost|p1a: Snorlax|def|1\n|move|p2a: Giratina|Dragon Tail|p1a: Snorlax\n|-damage|p1a: Snorlax|336/397 brn\n|drag|p1a: Tauros|Tauros, L82, M|190/257\n|-status|p1a: Tauros|psn\n|\n|-heal|p2a: Giratina|108/349|[from] item: Leftovers\n|-damage|p1a: Tauros|158/257 psn|[from] psn\n|upkeep\n|turn|17\n|\n|t:|1782824114\n|switch|p2a: Toxapex|Toxapex, L82, M|216/216\n|move|p1a: Tauros|Throat Chop|p2a: Toxapex\n|-damage|p2a: Toxapex|151/216\n|-damage|p1a: Tauros|116/257 psn|[from] item: Rocky Helmet|[of] p2a: Toxapex\n|\n|-damage|p1a: Tauros|84/257 psn|[from] psn\n|upkeep\n|turn|18\n|\n|t:|1782824117\n|move|p1a: Tauros|Body Slam|p2a: Toxapex\n|-damage|p2a: Toxapex|57/216\n|-damage|p1a: Tauros|42/257 psn|[from] item: Rocky Helmet|[of] p2a: Toxapex\n|move|p2a: Toxapex|Recover|p2a: Toxapex\n|-heal|p2a: Toxapex|165/216\n|\n|-damage|p1a: Tauros|10/257 psn|[from] psn\n|upkeep\n|turn|19\n|\n|t:|1782824119\n|move|p1a: Tauros|Body Slam|p2a: Toxapex\n|-damage|p2a: Toxapex|66/216\n|-damage|p1a: Tauros|0 fnt|[from] item: Rocky Helmet|[of] p2a: Toxapex\n|faint|p1a: Tauros\n|move|p2a: Toxapex|Recover|p2a: Toxapex\n|-heal|p2a: Toxapex|174/216\n|\n|upkeep\n|\n|t:|1782824123\n|switch|p1a: Solgaleo|Solgaleo, L74|325/325\n|turn|20\n|\n|t:|1782824129\n|switch|p2a: Bellibolt|Bellibolt, L84, M|128/320\n|move|p1a: Solgaleo|Earthquake|p2a: Bellibolt\n|-supereffective|p2a: Bellibolt\n|-damage|p2a: Bellibolt|0 fnt\n|faint|p2a: Bellibolt\n|\n|upkeep\n|\n|t:|1782824134\n|switch|p2a: Giratina|Giratina, L75|108/349\n|-ability|p2a: Giratina|Pressure\n|turn|21\n|\n|t:|1782824137\n|move|p1a: Solgaleo|Knock Off|p2a: Giratina\n|-supereffective|p2a: Giratina\n|-damage|p2a: Giratina|0 fnt\n|-enditem|p2a: Giratina|Leftovers|[from] move: Knock Off|[of] p1a: Solgaleo\n|faint|p2a: Giratina\n|\n|upkeep\n|\n|t:|1782824139\n|switch|p2a: Gumshoos|Gumshoos, L95, M|241/321\n|turn|22\n|\n|t:|1782824151\n|move|p1a: Solgaleo|Knock Off|p2a: Gumshoos\n|-damage|p2a: Gumshoos|165/321\n|-enditem|p2a: Gumshoos|Choice Band|[from] move: Knock Off|[of] p1a: Solgaleo\n|move|p2a: Gumshoos|Earthquake|p1a: Solgaleo\n|-supereffective|p1a: Solgaleo\n|-damage|p1a: Solgaleo|141/325\n|-enditem|p1a: Solgaleo|Weakness Policy\n|-boost|p1a: Solgaleo|atk|2|[from] item: Weakness Policy\n|-boost|p1a: Solgaleo|spa|2|[from] item: Weakness Policy\n|\n|upkeep\n|turn|23\n|\n|t:|1782824154\n|move|p1a: Solgaleo|Sunsteel Strike|p2a: Gumshoos\n|-damage|p2a: Gumshoos|0 fnt\n|faint|p2a: Gumshoos\n|\n|upkeep\n|\n|t:|1782824158\n|switch|p2a: Toxapex|Toxapex, L82, M|216/216\n|turn|24\n|\n|t:|1782824160\n|move|p1a: Solgaleo|Sunsteel Strike|p2a: Toxapex\n|-resisted|p2a: Toxapex\n|-damage|p2a: Toxapex|143/216\n|-damage|p1a: Solgaleo|87/325|[from] item: Rocky Helmet|[of] p2a: Toxapex\n|move|p2a: Toxapex|Haze|p2a: Toxapex\n|-clearallboost\n|\n|upkeep\n|turn|25\n|\n|t:|1782824164\n|move|p1a: Solgaleo|Earthquake|p2a: Toxapex\n|-supereffective|p2a: Toxapex\n|-damage|p2a: Toxapex|43/216\n|move|p2a: Toxapex|Recover|p2a: Toxapex\n|-heal|p2a: Toxapex|151/216\n|\n|upkeep\n|turn|26\n|\n|t:|1782824167\n|switch|p2a: Tsareena|Tsareena, L87, F|267/267\n|move|p1a: Solgaleo|Earthquake|p2a: Tsareena\n|-resisted|p2a: Tsareena\n|-damage|p2a: Tsareena|237/267\n|\n|upkeep\n|turn|27\n|\n|t:|1782824173\n|switch|p1a: Snorlax|Snorlax, L82, F, tera:Poison|336/397 brn\n|-sideend|p1: rocket4lyf|move: Toxic Spikes|[of] p1a: Snorlax\n|move|p2a: Tsareena|Knock Off|p1a: Snorlax\n|-damage|p1a: Snorlax|175/397 brn\n|-enditem|p1a: Snorlax|Leftovers|[from] move: Knock Off|[of] p2a: Tsareena\n|\n|-damage|p1a: Snorlax|151/397 brn|[from] brn\n|upkeep\n|turn|28\n|\n|t:|1782824177\n|move|p2a: Tsareena|Knock Off|p1a: Snorlax\n|-damage|p1a: Snorlax|35/397 brn\n|move|p1a: Snorlax|Body Slam|p2a: Tsareena\n|-damage|p2a: Tsareena|197/267\n|\n|-damage|p1a: Snorlax|11/397 brn|[from] brn\n|upkeep\n|turn|29\n|\n|t:|1782824181\n|move|p2a: Tsareena|Knock Off|p1a: Snorlax\n|-damage|p1a: Snorlax|0 fnt\n|faint|p1a: Snorlax\n|\n|upkeep\n|\n|t:|1782824187\n|switch|p1a: Solgaleo|Solgaleo, L74|87/325\n|turn|30\n|\n|t:|1782824188\n|move|p1a: Solgaleo|Flame Charge|p2a: Tsareena\n|-supereffective|p2a: Tsareena\n|-damage|p2a: Tsareena|133/267\n|-boost|p1a: Solgaleo|spe|1\n|move|p2a: Tsareena|Knock Off|p1a: Solgaleo\n|-supereffective|p1a: Solgaleo\n|-damage|p1a: Solgaleo|0 fnt\n|faint|p1a: Solgaleo\n|\n|upkeep\n|\n|t:|1782824191\n|switch|p1a: Gholdengo|Gholdengo, L77|221/261\n|turn|31\n|-message|rocket4lyf forfeited.\n|\n|win|mrongey10\n|raw|rocket4lyf's rating: 2013 &rarr; <strong>1999</strong><br />(-14 for losing)\n|raw|mrongey10's rating: 2119 &rarr; <strong>2133</strong><br />(+14 for winning)\n", "inputlog": ">version f8ac14003a5f27e1bdc8d8c59608a773c1cb96e5\n>start {\"formatid\":\"gen9randombattle\",\"seed\":\"sodium,2e276f6e362a1b5c6ef295635ea5817f\",\"rated\":\"Rated battle\"}\n>player p1 {\"name\":\"rocket4lyf\",\"avatar\":\"2\",\"rating\":2013,\"seed\":\"sodium,e66d2ba0a570d120b5e34bb92ff0af18\"}\n>player p2 {\"name\":\"mrongey10\",\"avatar\":\"170\",\"rating\":2119,\"seed\":\"sodium,4dac220d8b47e83d14173524848a9266\"}\n>p1 move gunkshot\n>p2 move voltswitch\n>p2 switch 6\n>p1 switch 2\n>p2 move willowisp\n>p1 switch 2\n>p2 move shadowball\n>p1 switch 3\n>p1 move shadowball\n>p2 move willowisp\n>p1 move shadowball\n>p2 move willowisp\n>p1 move shadowball\n>p2 switch 5\n>p1 move strengthsap\n>p2 move surf\n>p1 move shadowball\n>p2 move surf\n>p1 switch 2\n>p2 move bravebird\n>p1 move shadowball\n>p2 move surf\n>p2 switch 2\n>p1 switch 2\n>p2 move knockoff\n>p1 switch 6\n>p1 move closecombat\n>p2 switch 4\n>p1 switch 5\n>p2 move toxicspikes\n>p1 move curse terastallize\n>p2 switch 5\n>p1 move crunch\n>p2 move willowisp\n>p1 move curse\n>p2 move dragontail\n>p1 move throatchop\n>p2 switch 5\n>p1 move bodyslam\n>p2 move recover\n>p1 move bodyslam\n>p2 move recover\n>p1 switch 4\n>p1 move earthquake\n>p2 switch 6\n>p2 switch 5\n>p1 move knockoff\n>p2 move willowisp\n>p2 switch 4\n>p1 move knockoff\n>p2 move earthquake\n>p1 move sunsteelstrike\n>p2 move earthquake\n>p2 switch 6\n>p1 move sunsteelstrike\n>p2 move haze\n>p1 move earthquake\n>p2 move recover\n>p1 move earthquake\n>p2 switch 3\n>p1 switch 5\n>p2 move knockoff\n>p1 move bodyslam\n>p2 move knockoff\n>p1 move bodyslam\n>p2 move knockoff\n>p1 switch 5\n>p1 move flamecharge\n>p2 move knockoff\n>p1 switch 2\n>forcelose p1", "uploadtime": 1782823919, "views": 5, "formatid": "gen9randombattle", "rating": 1999, "private": 0, "password": null, "player_dets": [{"name": "rocket4lyf", "avatar": "2", "rating": 2013, "seed": "sodium,e66d2ba0a570d120b5e34bb92ff0af18"}, {"name": "mrongey10", "avatar": "170", "rating": 2119, "seed": "sodium,4dac220d8b47e83d14173524848a9266"}], "teams_full": [{"Toxicroak": {"name": "Toxicroak", "species": "Toxicroak", "speciesId": "toxicroak", "gender": "M", "shiny": false, "level": 84, "moves": ["gunkshot", "suckerpunch", "closecombat", "knockoff"], "ability": "Dry Skin", "evs": {"hp": 85, "atk": 85, "def": 85, "spa": 85, "spd": 85, "spe": 85}, "ivs": {"hp": 31, "atk": 31, "def": 31, "spa": 31, "spd": 31, "spe": 31}, "item": "Choice Band", "teraType": "Dark", "role": "Fast Attacker", "bvs": {"hp": 83, "atk": 106, "def": 65, "spa": 86, "spd": 65, "spe": 85}, "stats": {"hp": 277, "atk": 226, "def": 157, "spa": 193, "spd": 157, "spe": 191}, "types": ["Poison", "Fighting"]}, "Gholdengo": {"name": "Gholdengo", "species": "Gholdengo", "speciesId": "gholdengo", "gender": "N", "shiny": false, "level": 77, "moves": ["focusblast", "trick", "shadowball", "makeitrain"], "ability": "Good as Gold", "evs": {"hp": 85, "atk": 0, "def": 85, "spa": 85, "spd": 85, "spe": 85}, "ivs": {"hp": 31, "atk": 0, "def": 31, "spa": 31, "spd": 31, "spe": 31}, "item": "Choice Scarf", "teraType": "Steel", "role": "Bulky Attacker", "bvs": {"hp": 87, "atk": 60, "def": 95, "spa": 133, "spd": 91, "spe": 84}, "stats": {"hp": 261, "atk": 97, "def": 191, "spa": 249, "spd": 185, "spe": 174}, "types": ["Steel", "Ghost"]}, "Drifblim": {"name": "Drifblim", "species": "Drifblim", "speciesId": "drifblim", "gender": "M", "shiny": false, "level": 86, "moves": ["shadowball", "airslash", "defog", "strengthsap"], "ability": "Aftermath", "evs": {"hp": 85, "atk": 0, "def": 85, "spa": 85, "spd": 85, "spe": 85}, "ivs": {"hp": 31, "atk": 0, "def": 31, "spa": 31, "spd": 31, "spe": 31}, "item": "Heavy-Duty Boots", "teraType": "Dark", "role": "Bulky Attacker", "bvs": {"hp": 150, "atk": 80, "def": 44, "spa": 90, "spd": 54, "spe": 80}, "stats": {"hp": 398, "atk": 142, "def": 125, "spa": 204, "spd": 142, "spe": 187}, "types": ["Ghost", "Flying"]}, "Solgaleo": {"name": "Solgaleo", "species": "Solgaleo", "speciesId": "solgaleo", "gender": "N", "shiny": false, "level": 74, "moves": ["earthquake", "sunsteelstrike", "flamecharge", "knockoff"], "ability": "Full Metal Body", "evs": {"hp": 85, "atk": 85, "def": 85, "spa": 85, "spd": 85, "spe": 85}, "ivs": {"hp": 31, "atk": 31, "def": 31, "spa": 31, "spd": 31, "spe": 31}, "item": "Weakness Policy", "teraType": "Ground", "role": "Bulky Setup", "bvs": {"hp": 137, "atk": 137, "def": 107, "spa": 113, "spd": 89, "spe": 97}, "stats": {"hp": 325, "atk": 246, "def": 201, "spa": 210, "spd": 175, "spe": 187}, "types": ["Psychic", "Steel"]}, "Snorlax": {"name": "Snorlax", "species": "Snorlax", "speciesId": "snorlax", "gender": "F", "shiny": false, "level": 82, "moves": ["earthquake", "crunch", "bodyslam", "curse"], "ability": "Thick Fat", "evs": {"hp": 85, "atk": 85, "def": 85, "spa": 85, "spd": 85, "spe": 85}, "ivs": {"hp": 31, "atk": 31, "def": 31, "spa": 31, "spd": 31, "spe": 31}, "item": "Leftovers", "teraType": "Poison", "role": "Bulky Setup", "bvs": {"hp": 160, "atk": 110, "def": 65, "spa": 65, "spd": 110, "spe": 30}, "stats": {"hp": 397, "atk": 228, "def": 154, "spa": 154, "spd": 228, "spe": 96}, "types": ["Normal"]}, "Tauros": {"name": "Tauros", "species": "Tauros", "speciesId": "tauros", "gender": "M", "shiny": false, "level": 82, "moves": ["earthquake", "throatchop", "bodyslam", "closecombat"], "ability": "Sheer Force", "evs": {"hp": 85, "atk": 85, "def": 85, "spa": 85, "spd": 85, "spe": 85}, "ivs": {"hp": 31, "atk": 31, "def": 31, "spa": 31, "spd": 31, "spe": 31}, "item": "Life Orb", "teraType": "Normal", "role": "Fast Attacker", "bvs": {"hp": 75, "atk": 100, "def": 95, "spa": 40, "spd": 70, "spe": 110}, "stats": {"hp": 257, "atk": 211, "def": 203, "spa": 113, "spd": 162, "spe": 228}, "types": ["Normal"]}}, {"Bellibolt": {"name": "Bellibolt", "species": "Bellibolt", "speciesId": "bellibolt", "gender": "M", "shiny": false, "level": 84, "moves": ["voltswitch", "muddywater", "thunderbolt", "slackoff"], "ability": "Electromorphosis", "evs": {"hp": 85, "atk": 0, "def": 85, "spa": 85, "spd": 85, "spe": 85}, "ivs": {"hp": 31, "atk": 0, "def": 31, "spa": 31, "spd": 31, "spe": 31}, "item": "Leftovers", "teraType": "Electric", "role": "Bulky Attacker", "bvs": {"hp": 109, "atk": 64, "def": 91, "spa": 103, "spd": 83, "spe": 45}, "stats": {"hp": 320, "atk": 112, "def": 201, "spa": 221, "spd": 188, "spe": 124}, "types": ["Electric"]}, "Gumshoos": {"name": "Gumshoos", "species": "Gumshoos", "speciesId": "gumshoos", "gender": "M", "shiny": false, "level": 95, "moves": ["knockoff", "doubleedge", "uturn", "earthquake"], "ability": "Stakeout", "evs": {"hp": 85, "atk": 85, "def": 85, "spa": 85, "spd": 85, "spe": 85}, "ivs": {"hp": 31, "atk": 31, "def": 31, "spa": 31, "spd": 31, "spe": 31}, "item": "Choice Band", "teraType": "Normal", "role": "Wallbreaker", "bvs": {"hp": 88, "atk": 110, "def": 60, "spa": 55, "spd": 60, "spe": 45}, "stats": {"hp": 321, "atk": 263, "def": 168, "spa": 158, "spd": 168, "spe": 139}, "types": ["Normal"]}, "Tsareena": {"name": "Tsareena", "species": "Tsareena", "speciesId": "tsareena", "gender": "F", "shiny": false, "level": 87, "moves": ["powerwhip", "knockoff", "highjumpkick", "tripleaxel"], "ability": "Queenly Majesty", "evs": {"hp": 85, "atk": 85, "def": 85, "spa": 85, "spd": 85, "spe": 85}, "ivs": {"hp": 31, "atk": 31, "def": 31, "spa": 31, "spd": 31, "spe": 31}, "item": "Choice Band", "teraType": "Steel", "role": "Fast Support", "bvs": {"hp": 72, "atk": 120, "def": 98, "spa": 50, "spd": 98, "spe": 72}, "stats": {"hp": 267, "atk": 259, "def": 220, "spa": 137, "spd": 220, "spe": 175}, "types": ["Grass"]}, "Toxapex": {"name": "Toxapex", "species": "Toxapex", "speciesId": "toxapex", "gender": "M", "shiny": false, "level": 82, "moves": ["liquidation", "haze", "toxicspikes", "recover"], "ability": "Regenerator", "evs": {"hp": 85, "atk": 85, "def": 85, "spa": 85, "spd": 85, "spe": 85}, "ivs": {"hp": 31, "atk": 31, "def": 31, "spa": 31, "spd": 31, "spe": 31}, "item": "Rocky Helmet", "teraType": "Fairy", "role": "Bulky Support", "bvs": {"hp": 50, "atk": 63, "def": 152, "spa": 53, "spd": 142, "spe": 35}, "stats": {"hp": 216, "atk": 150, "def": 296, "spa": 134, "spd": 280, "spe": 105}, "types": ["Poison", "Water"]}, "Cramorant": {"name": "Cramorant", "species": "Cramorant", "speciesId": "cramorant", "gender": "M", "shiny": false, "level": 86, "moves": ["bravebird", "surf", "roost", "defog"], "ability": "Gulp Missile", "evs": {"hp": 85, "atk": 85, "def": 85, "spa": 85, "spd": 85, "spe": 85}, "ivs": {"hp": 31, "atk": 31, "def": 31, "spa": 31, "spd": 31, "spe": 31}, "item": "Heavy-Duty Boots", "teraType": "Ground", "role": "Bulky Support", "bvs": {"hp": 70, "atk": 85, "def": 55, "spa": 85, "spd": 95, "spe": 85}, "stats": {"hp": 261, "atk": 195, "def": 144, "spa": 195, "spd": 213, "spe": 195}, "types": ["Flying", "Water"]}, "Giratina": {"name": "Giratina", "species": "Giratina", "speciesId": "giratina", "gender": "N", "shiny": false, "level": 75, "moves": ["willowisp", "shadowball", "dragontail", "rest"], "ability": "Pressure", "evs": {"hp": 85, "atk": 85, "def": 85, "spa": 85, "spd": 85, "spe": 85}, "ivs": {"hp": 31, "atk": 31, "def": 31, "spa": 31, "spd": 31, "spe": 31}, "item": "Leftovers", "teraType": "Fairy", "role": "Bulky Support", "bvs": {"hp": 150, "atk": 100, "def": 120, "spa": 100, "spd": 120, "spe": 90}, "stats": {"hp": 349, "atk": 194, "def": 224, "spa": 194, "spd": 224, "spe": 179}, "types": ["Ghost", "Dragon"]}}]}