{"id": "gen9randombattle-2641172552", "format": "[Gen 9] Random Battle", "players": ["oddishlover4", "notmetbh102"], "log": "|badge|p1|bronze|gen9nu|100-9\n|uhtml|medal-msg|<div class=\"broadcast-blue\">Curious what those medals under the avatar are? PS now has Ladder Seasons! For more information, check out the <a href=\"https://www.smogon.com/forums/threads/3740067/\">thread on Smogon.</a></div>\n|badge|p2|bronze|gen9randombattle|100-9\n|html|<div class=\"broadcast-red\"><strong>This battle is required to be public due to one or more player having a season medal.</strong><br />During the public phase, you can discuss the state of the ladder <a href=\"/seasondiscussion\">in a special chatroom.</a></div>\n|uhtml|medal-msg|<div class=\"broadcast-blue\">Curious what those medals under the avatar are? PS now has Ladder Seasons! For more information, check out the <a href=\"https://www.smogon.com/forums/threads/3740067/\">thread on Smogon.</a></div>\n|j|\u203doddishlover4\n|j|\u2606notmetbh102\n|inactive|Battle timer is ON: inactive players will automatically lose when time's up. (requested by notmetbh102)\n|t:|1782749430\n|gametype|singles\n|player|p1|oddishlover4|170|2235\n|player|p2|notmetbh102|2|2328\n|gen|9\n|tier|[Gen 9] Random Battle\n|rated|\n|rule|Species Clause: Limit one of each Pok\u00e9mon\n|rule|HP Percentage Mod: HP is shown in percentages\n|rule|Sleep Clause Mod: Limit one foe put to sleep\n|rule|Illusion Level Mod: Illusion disguises the Pok\u00e9mon's true level\n|\n|t:|1782749430\n|teamsize|p1|6\n|teamsize|p2|6\n|start\n|switch|p1a: Kingambit|Kingambit, L74, M|270/270\n|switch|p2a: Miraidon|Miraidon, L65|238/238\n|-fieldstart|move: Electric Terrain|[from] ability: Hadron Engine|[of] p2a: Miraidon\n|turn|1\n|c|\u2606notmetbh102|hf\n|\n|t:|1782749448\n|move|p2a: Miraidon|Calm Mind|p2a: Miraidon\n|-boost|p2a: Miraidon|spa|1\n|-boost|p2a: Miraidon|spd|1\n|move|p1a: Kingambit|Kowtow Cleave|p2a: Miraidon\n|-damage|p2a: Miraidon|127/238\n|\n|upkeep\n|turn|2\n|inactive|oddishlover4 also wants the timer to be on.\n|\n|t:|1782749466\n|move|p1a: Kingambit|Sucker Punch|p2a: Miraidon\n|-damage|p2a: Miraidon|37/238\n|move|p2a: Miraidon|Electro Drift|p1a: Kingambit\n|-damage|p1a: Kingambit|0 fnt\n|faint|p1a: Kingambit\n|-end|p1a: Kingambit|fallenundefined|[silent]\n|-damage|p2a: Miraidon|14/238|[from] item: Life Orb\n|\n|upkeep\n|\n|t:|1782749484\n|switch|p1a: Ogerpon|Ogerpon, L80, F|259/259\n|turn|3\n|inactive|oddishlover4 has 120 seconds left.\n|\n|t:|1782749502\n|switch|p2a: Zacian|Zacian-Crowned, L64|225/225\n|-ability|p2a: Zacian|Intrepid Sword|boost\n|-boost|p2a: Zacian|atk|1\n|move|p1a: Ogerpon|U-turn|p2a: Zacian\n|-resisted|p2a: Zacian\n|-damage|p2a: Zacian|211/225\n|inactive|oddishlover4 has 120 seconds left.\n|\n|t:|1782749520\n|switch|p1a: Plusle|Plusle, L95, F|268/268|[from] U-turn\n|\n|upkeep\n|turn|4\n|\n|t:|1782749538\n|switch|p2a: Snorlax|Snorlax, L82, M|397/397\n|move|p1a: Plusle|Nasty Plot|p1a: Plusle\n|-boost|p1a: Plusle|spa|2\n|\n|upkeep\n|turn|5\n|\n|t:|1782749555\n|move|p1a: Plusle|Nasty Plot|p1a: Plusle\n|-boost|p1a: Plusle|spa|2\n|move|p2a: Snorlax|Body Slam|p1a: Plusle\n|-damage|p1a: Plusle|121/268\n|\n|-fieldend|move: Electric Terrain\n|upkeep\n|turn|6\n|\n|t:|1782749573\n|-terastallize|p1a: Plusle|Electric\n|move|p1a: Plusle|Thunderbolt|p2a: Snorlax\n|-damage|p2a: Snorlax|0 fnt\n|faint|p2a: Snorlax\n|-damage|p1a: Plusle|95/268|[from] item: Life Orb\n|\n|upkeep\n|\n|t:|1782749574\n|switch|p2a: Palafin|Palafin, L77, F|281/281\n|turn|7\n|\n|t:|1782749592\n|switch|p1a: Ogerpon|Ogerpon, L80, F|259/259\n|detailschange|p2a: Palafin|Palafin-Hero, L77, F\n|switch|p2a: Miraidon|Miraidon, L65|14/238\n|-fieldstart|move: Electric Terrain|[from] ability: Hadron Engine|[of] p2a: Miraidon\n|\n|upkeep\n|turn|8\n|inactive|oddishlover4 has 90 seconds left.\n|\n|t:|1782749611\n|move|p1a: Ogerpon|U-turn|p2a: Miraidon\n|-damage|p2a: Miraidon|0 fnt\n|faint|p2a: Miraidon\n|inactive|oddishlover4 has 90 seconds left.\n|\n|t:|1782749629\n|switch|p1a: Plusle|Plusle, L95, F, tera:Electric|95/268|[from] U-turn\n|\n|upkeep\n|\n|t:|1782749630\n|switch|p2a: Palafin|Palafin-Hero, L77, F|281/281\n|-activate|p2a: Palafin|ability: Zero to Hero\n|turn|9\n|inactive|oddishlover4 has 90 seconds left.\n|\n|t:|1782749648\n|switch|p1a: Ogerpon|Ogerpon, L80, F|259/259\n|move|p2a: Palafin|Jet Punch|p1a: Ogerpon\n|-resisted|p1a: Ogerpon\n|-damage|p1a: Ogerpon|217/259\n|\n|upkeep\n|turn|10\n|\n|t:|1782749667\n|-terastallize|p2a: Palafin|Steel\n|move|p1a: Ogerpon|Encore|p2a: Palafin\n|-start|p2a: Palafin|Encore\n|move|p2a: Palafin|Jet Punch|p1a: Ogerpon\n|-resisted|p1a: Ogerpon\n|-damage|p1a: Ogerpon|175/259\n|\n|upkeep\n|turn|11\n|\n|t:|1782749685\n|move|p2a: Palafin|Jet Punch|p1a: Ogerpon\n|-resisted|p1a: Ogerpon\n|-damage|p1a: Ogerpon|132/259\n|move|p1a: Ogerpon|Spikes|p2a: Palafin\n|-sidestart|p2: notmetbh102|Spikes\n|\n|-fieldend|move: Electric Terrain\n|upkeep\n|turn|12\n|\n|t:|1782749703\n|move|p2a: Palafin|Jet Punch|p1a: Ogerpon\n|-resisted|p1a: Ogerpon\n|-damage|p1a: Ogerpon|87/259\n|move|p1a: Ogerpon|U-turn|p2a: Palafin\n|-resisted|p2a: Palafin\n|-damage|p2a: Palafin|253/281\n|inactive|oddishlover4 has 60 seconds left.\n|\n|t:|1782749721\n|switch|p1a: Heracross|Heracross, L80, F|259/259|[from] U-turn\n|\n|-heal|p2a: Palafin|270/281|[from] item: Leftovers\n|-end|p2a: Palafin|Encore\n|upkeep\n|turn|13\n|inactive|oddishlover4 has 60 seconds left.\n|\n|t:|1782749739\n|switch|p2a: Masquerain|Masquerain, L87, F|264/264\n|-ability|p2a: Masquerain|Intimidate|boost\n|-unboost|p1a: Heracross|atk|1\n|move|p1a: Heracross|Close Combat|p2a: Masquerain\n|-resisted|p2a: Masquerain\n|-damage|p2a: Masquerain|219/264\n|-unboost|p1a: Heracross|def|1\n|-unboost|p1a: Heracross|spd|1\n|\n|upkeep\n|turn|14\n|\n|t:|1782749757\n|switch|p1a: Plusle|Plusle, L95, F, tera:Electric|95/268\n|move|p2a: Masquerain|Sticky Web|p1a: Plusle\n|-sidestart|p1: oddishlover4|move: Sticky Web\n|\n|upkeep\n|turn|15\n|\n|t:|1782749766\n|switch|p2a: Palafin|Palafin-Hero, L77, F, tera:Steel|270/281\n|-damage|p2a: Palafin|235/281|[from] Spikes\n|move|p1a: Plusle|Thunderbolt|p2a: Palafin\n|-damage|p2a: Palafin|43/281\n|-damage|p1a: Plusle|69/268|[from] item: Life Orb\n|\n|-heal|p2a: Palafin|60/281|[from] item: Leftovers\n|upkeep\n|turn|16\n|\n|t:|1782749776\n|move|p2a: Palafin|Jet Punch|p1a: Plusle\n|-crit|p1a: Plusle\n|-damage|p1a: Plusle|0 fnt\n|faint|p1a: Plusle\n|\n|-heal|p2a: Palafin|77/281|[from] item: Leftovers\n|upkeep\n|\n|t:|1782749785\n|switch|p1a: Dodrio|Dodrio, L85, M|241/241\n|turn|17\n|inactive|oddishlover4 has 60 seconds left.\n|\n|t:|1782749794\n|move|p1a: Dodrio|Drill Run|p2a: Palafin\n|-supereffective|p2a: Palafin\n|-crit|p2a: Palafin\n|-damage|p2a: Palafin|0 fnt\n|faint|p2a: Palafin\n|\n|upkeep\n|\n|t:|1782749795\n|switch|p2a: Masquerain|Masquerain, L87, F|219/264\n|-ability|p2a: Masquerain|Intimidate|boost\n|-unboost|p1a: Dodrio|atk|1\n|turn|18\n|inactive|oddishlover4 has 60 seconds left.\n|\n|t:|1782749813\n|switch|p2a: Jirachi|Jirachi, L80|291/291\n|-damage|p2a: Jirachi|255/291|[from] Spikes\n|move|p1a: Dodrio|Brave Bird|p2a: Jirachi\n|-resisted|p2a: Jirachi\n|-damage|p2a: Jirachi|211/291\n|-damage|p1a: Dodrio|226/241|[from] Recoil\n|\n|-heal|p2a: Jirachi|229/291|[from] item: Leftovers\n|upkeep\n|turn|19\n|inactive|oddishlover4 has 60 seconds left.\n|\n|t:|1782749831\n|move|p1a: Dodrio|Swords Dance|p1a: Dodrio\n|-boost|p1a: Dodrio|atk|2\n|move|p2a: Jirachi|Body Slam|p1a: Dodrio\n|-damage|p1a: Dodrio|164/241\n|-status|p1a: Dodrio|par\n|\n|-heal|p2a: Jirachi|247/291|[from] item: Leftovers\n|upkeep\n|turn|20\n|inactive|oddishlover4 has 60 seconds left.\n|\n|t:|1782749850\n|move|p2a: Jirachi|Iron Head|p1a: Dodrio\n|-damage|p1a: Dodrio|68/241 par\n|cant|p1a: Dodrio|flinch\n|\n|-heal|p2a: Jirachi|265/291|[from] item: Leftovers\n|upkeep\n|turn|21\n|\n|t:|1782749868\n|move|p2a: Jirachi|Iron Head|p1a: Dodrio\n|-damage|p1a: Dodrio|0 fnt\n|faint|p1a: Dodrio\n|\n|-heal|p2a: Jirachi|283/291|[from] item: Leftovers\n|upkeep\n|\n|t:|1782749878\n|switch|p1a: Honchkrow|Honchkrow, L86, M|312/312\n|turn|22\n|\n|t:|1782749887\n|move|p1a: Honchkrow|Sucker Punch|p2a: Jirachi\n|-supereffective|p2a: Jirachi\n|-damage|p2a: Jirachi|115/291\n|move|p2a: Jirachi|Iron Head|p1a: Honchkrow\n|-damage|p1a: Honchkrow|191/312\n|\n|-heal|p2a: Jirachi|133/291|[from] item: Leftovers\n|upkeep\n|turn|23\n|\n|t:|1782749896\n|switch|p1a: Ogerpon|Ogerpon, L80, F|87/259\n|move|p2a: Jirachi|Iron Head|p1a: Ogerpon\n|-damage|p1a: Ogerpon|0 fnt\n|faint|p1a: Ogerpon\n|\n|-heal|p2a: Jirachi|151/291|[from] item: Leftovers\n|upkeep\n|\n|t:|1782749904\n|switch|p1a: Heracross|Heracross, L80, F|259/259\n|-activate|p1a: Heracross|move: Sticky Web\n|-unboost|p1a: Heracross|spe|1\n|turn|24\n|inactive|oddishlover4 has 60 seconds left.\n|\n|t:|1782749912\n|move|p2a: Jirachi|Iron Head|p1a: Heracross\n|-damage|p1a: Heracross|171/259\n|cant|p1a: Heracross|flinch\n|\n|-heal|p2a: Jirachi|169/291|[from] item: Leftovers\n|upkeep\n|turn|25\n|inactive|oddishlover4 has 60 seconds left.\n|\n|t:|1782749927\n|switch|p2a: Zacian|Zacian-Crowned, L64|211/225\n|-damage|p2a: Zacian|183/225|[from] Spikes\n|move|p1a: Heracross|Stone Edge|p2a: Zacian\n|-resisted|p2a: Zacian\n|-damage|p2a: Zacian|117/225\n|\n|upkeep\n|turn|26\n|inactive|oddishlover4 has 60 seconds left.\n|\n|t:|1782749940\n|move|p2a: Zacian|Play Rough|p1a: Heracross\n|-supereffective|p1a: Heracross\n|-damage|p1a: Heracross|0 fnt\n|faint|p1a: Heracross\n|\n|upkeep\n|inactive|oddishlover4 has 60 seconds left.\n|\n|t:|1782749951\n|switch|p1a: Honchkrow|Honchkrow, L86, M|191/312\n|turn|27\n|inactive|oddishlover4 has 60 seconds left.\n|\n|t:|1782749960\n|move|p2a: Zacian|Play Rough|p1a: Honchkrow\n|-supereffective|p1a: Honchkrow\n|-damage|p1a: Honchkrow|0 fnt\n|faint|p1a: Honchkrow\n|\n|win|notmetbh102\n|raw|oddishlover4's rating: 2235 &rarr; <strong>2220</strong><br />(-15 for losing)\n|raw|notmetbh102's rating: 2328 &rarr; <strong>2343</strong><br />(+15 for winning)\n|c|\u2606notmetbh102|gg\n", "inputlog": ">version f8ac14003a5f27e1bdc8d8c59608a773c1cb96e5\n>start {\"formatid\":\"gen9randombattle\",\"seed\":\"sodium,b5a8c2f44c6f5e76b5ce25e63c30067a\",\"rated\":\"Rated battle\"}\n>player p1 {\"name\":\"oddishlover4\",\"avatar\":\"170\",\"rating\":2235,\"seed\":\"sodium,34a58c50c07b616138586e6707ce6c03\"}\n>player p2 {\"name\":\"notmetbh102\",\"avatar\":\"2\",\"rating\":2328,\"seed\":\"sodium,c6f2481c384fc495a83fc2503181dd88\"}\n>chat \u2606notmetbh102|hf\n>p1 move kowtowcleave\n>p2 move calmmind\n>p1 move suckerpunch\n>p2 move electrodrift\n>p1 switch 5\n>p1 move uturn\n>p2 switch 2\n>p1 switch 6\n>p1 move nastyplot\n>p2 switch 6\n>p1 move nastyplot\n>p2 move bodyslam\n>p1 move thunderbolt terastallize\n>p2 move bodyslam\n>p2 switch 3\n>p1 switch 6\n>p2 switch 2\n>p1 move uturn\n>p2 move dracometeor\n>p1 switch 6\n>p2 switch 2\n>p1 switch 6\n>p2 move jetpunch\n>p1 move encore\n>p2 move bulkup terastallize\n>p1 move spikes\n>p2 move jetpunch\n>p1 move uturn\n>p2 move jetpunch\n>p1 switch 3\n>p1 move closecombat\n>p2 switch 5\n>p1 switch 6\n>p2 move stickyweb\n>p1 move thunderbolt\n>p2 switch 5\n>p1 move thunderbolt\n>p2 move jetpunch\n>p1 switch 4\n>p1 move drillrun\n>p2 move icepunch\n>p2 switch 5\n>p1 move bravebird\n>p2 switch 4\n>p1 move swordsdance\n>p2 move bodyslam\n>p1 move drillrun\n>p2 move ironhead\n>p1 move swordsdance\n>p2 move ironhead\n>p1 switch 2\n>p1 move suckerpunch\n>p2 move ironhead\n>p1 switch 3\n>p2 move ironhead\n>p1 switch 6\n>p1 move stoneedge\n>p2 move ironhead\n>p1 move stoneedge\n>p2 switch 6\n>p1 move stoneedge\n>p2 move playrough\n>p1 switch 3\n>p1 move heatwave\n>p2 move playrough", "uploadtime": 1782749961, "views": 6, "formatid": "gen9randombattle", "rating": 2220, "private": 0, "password": null, "player_dets": [{"name": "oddishlover4", "avatar": "170", "rating": 2235, "seed": "sodium,34a58c50c07b616138586e6707ce6c03"}, {"name": "notmetbh102", "avatar": "2", "rating": 2328, "seed": "sodium,c6f2481c384fc495a83fc2503181dd88"}], "teams_full": [{"Kingambit": {"name": "Kingambit", "species": "Kingambit", "speciesId": "kingambit", "gender": "M", "shiny": false, "level": 74, "moves": ["suckerpunch", "kowtowcleave", "ironhead", "swordsdance"], "ability": "Supreme Overlord", "evs": {"hp": 85, "atk": 85, "def": 85, "spa": 85, "spd": 85, "spe": 85}, "ivs": {"hp": 31, "atk": 31, "def": 31, "spa": 31, "spd": 31, "spe": 31}, "item": "Leftovers", "teraType": "Flying", "role": "Bulky Attacker", "bvs": {"hp": 100, "atk": 135, "def": 120, "spa": 60, "spd": 85, "spe": 50}, "stats": {"hp": 270, "atk": 243, "def": 221, "spa": 132, "spd": 169, "spe": 117}, "types": ["Dark", "Steel"]}, "Honchkrow": {"name": "Honchkrow", "species": "Honchkrow", "speciesId": "honchkrow", "gender": "M", "shiny": false, "level": 86, "moves": ["suckerpunch", "bravebird", "lashout", "heatwave"], "ability": "Moxie", "evs": {"hp": 85, "atk": 85, "def": 85, "spa": 85, "spd": 85, "spe": 85}, "ivs": {"hp": 31, "atk": 31, "def": 31, "spa": 31, "spd": 31, "spe": 31}, "item": "Heavy-Duty Boots", "teraType": "Dark", "role": "Wallbreaker", "bvs": {"hp": 100, "atk": 125, "def": 52, "spa": 105, "spd": 52, "spe": 71}, "stats": {"hp": 312, "atk": 264, "def": 139, "spa": 230, "spd": 139, "spe": 171}, "types": ["Dark", "Flying"]}, "Heracross": {"name": "Heracross", "species": "Heracross", "speciesId": "heracross", "gender": "F", "shiny": false, "level": 80, "moves": ["closecombat", "stoneedge", "earthquake", "megahorn"], "ability": "Moxie", "evs": {"hp": 85, "atk": 85, "def": 85, "spa": 85, "spd": 85, "spe": 85}, "ivs": {"hp": 31, "atk": 31, "def": 31, "spa": 31, "spd": 31, "spe": 31}, "item": "Choice Band", "teraType": "Bug", "role": "Fast Attacker", "bvs": {"hp": 80, "atk": 125, "def": 75, "spa": 40, "spd": 95, "spe": 85}, "stats": {"hp": 259, "atk": 246, "def": 166, "spa": 110, "spd": 198, "spe": 182}, "types": ["Bug", "Fighting"]}, "Dodrio": {"name": "Dodrio", "species": "Dodrio", "speciesId": "dodrio", "gender": "M", "shiny": false, "level": 85, "moves": ["drillrun", "swordsdance", "doubleedge", "bravebird"], "ability": "Early Bird", "evs": {"hp": 85, "atk": 85, "def": 85, "spa": 85, "spd": 85, "spe": 85}, "ivs": {"hp": 31, "atk": 31, "def": 31, "spa": 31, "spd": 31, "spe": 31}, "item": "Heavy-Duty Boots", "teraType": "Normal", "role": "Setup Sweeper", "bvs": {"hp": 60, "atk": 110, "def": 70, "spa": 60, "spd": 60, "spe": 110}, "stats": {"hp": 241, "atk": 236, "def": 168, "spa": 151, "spd": 151, "spe": 236}, "types": ["Normal", "Flying"]}, "Ogerpon": {"name": "Ogerpon", "species": "Ogerpon", "speciesId": "ogerpon", "gender": "F", "shiny": false, "level": 80, "moves": ["spikes", "ivycudgel", "uturn", "encore"], "ability": "Defiant", "evs": {"hp": 85, "atk": 85, "def": 85, "spa": 85, "spd": 85, "spe": 85}, "ivs": {"hp": 31, "atk": 31, "def": 31, "spa": 31, "spd": 31, "spe": 31}, "item": "Heavy-Duty Boots", "teraType": "Grass", "role": "Fast Support", "bvs": {"hp": 80, "atk": 120, "def": 84, "spa": 60, "spd": 96, "spe": 110}, "stats": {"hp": 259, "atk": 238, "def": 181, "spa": 142, "spd": 200, "spe": 222}, "types": ["Grass"]}, "Plusle": {"name": "Plusle", "species": "Plusle", "speciesId": "plusle", "gender": "F", "shiny": false, "level": 95, "moves": ["grassknot", "thunderbolt", "encore", "nastyplot"], "ability": "Lightning Rod", "evs": {"hp": 85, "atk": 0, "def": 85, "spa": 85, "spd": 85, "spe": 85}, "ivs": {"hp": 31, "atk": 0, "def": 31, "spa": 31, "spd": 31, "spe": 31}, "item": "Life Orb", "teraType": "Electric", "role": "Setup Sweeper", "bvs": {"hp": 60, "atk": 50, "def": 40, "spa": 85, "spd": 75, "spe": 95}, "stats": {"hp": 268, "atk": 100, "def": 130, "spa": 215, "spd": 196, "spe": 234}, "types": ["Electric"]}}, {"Miraidon": {"name": "Miraidon", "species": "Miraidon", "speciesId": "miraidon", "gender": "N", "shiny": false, "level": 65, "moves": ["dragonpulse", "electrodrift", "calmmind", "dracometeor"], "ability": "Hadron Engine", "evs": {"hp": 85, "atk": 0, "def": 85, "spa": 85, "spd": 85, "spe": 85}, "ivs": {"hp": 31, "atk": 0, "def": 31, "spa": 31, "spd": 31, "spe": 31}, "item": "Life Orb", "teraType": "Electric", "role": "Setup Sweeper", "bvs": {"hp": 100, "atk": 85, "def": 100, "spa": 135, "spd": 115, "spe": 135}, "stats": {"hp": 238, "atk": 115, "def": 168, "spa": 214, "spd": 188, "spe": 214}, "types": ["Electric", "Dragon"]}, "Zacian": {"name": "Zacian", "species": "Zacian", "speciesId": "zaciancrowned", "gender": "N", "shiny": false, "level": 64, "moves": ["closecombat", "playrough", "swordsdance", "behemothblade"], "ability": "Intrepid Sword", "evs": {"hp": 85, "atk": 85, "def": 85, "spa": 85, "spd": 85, "spe": 85}, "ivs": {"hp": 31, "atk": 31, "def": 31, "spa": 31, "spd": 31, "spe": 31}, "item": "Rusted Sword", "teraType": "Fighting", "role": "Setup Sweeper", "bvs": {"hp": 92, "atk": 150, "def": 115, "spa": 80, "spd": 115, "spe": 148}, "stats": {"hp": 225, "atk": 230, "def": 185, "spa": 140, "spd": 185, "spe": 227}, "types": ["Fairy", "Steel"]}, "Palafin": {"name": "Palafin", "species": "Palafin", "speciesId": "palafin", "gender": "F", "shiny": false, "level": 77, "moves": ["jetpunch", "icepunch", "drainpunch", "bulkup"], "ability": "Zero to Hero", "evs": {"hp": 85, "atk": 85, "def": 85, "spa": 85, "spd": 85, "spe": 85}, "ivs": {"hp": 31, "atk": 31, "def": 31, "spa": 31, "spd": 31, "spe": 31}, "item": "Leftovers", "teraType": "Steel", "role": "Bulky Setup", "bvs": {"hp": 100, "atk": 70, "def": 72, "spa": 53, "spd": 62, "spe": 100}, "stats": {"hp": 281, "atk": 152, "def": 155, "spa": 126, "spd": 140, "spe": 199}, "types": ["Water"]}, "Jirachi": {"name": "Jirachi", "species": "Jirachi", "speciesId": "jirachi", "gender": "N", "shiny": false, "level": 80, "moves": ["wish", "protect", "ironhead", "bodyslam"], "ability": "Serene Grace", "evs": {"hp": 85, "atk": 85, "def": 85, "spa": 85, "spd": 85, "spe": 85}, "ivs": {"hp": 31, "atk": 31, "def": 31, "spa": 31, "spd": 31, "spe": 31}, "item": "Leftovers", "teraType": "Water", "role": "Fast Support", "bvs": {"hp": 100, "atk": 100, "def": 100, "spa": 100, "spd": 100, "spe": 100}, "stats": {"hp": 291, "atk": 206, "def": 206, "spa": 206, "spd": 206, "spe": 206}, "types": ["Steel", "Psychic"]}, "Masquerain": {"name": "Masquerain", "species": "Masquerain", "speciesId": "masquerain", "gender": "F", "shiny": false, "level": 87, "moves": ["hydropump", "stunspore", "hurricane", "stickyweb"], "ability": "Intimidate", "evs": {"hp": 85, "atk": 0, "def": 85, "spa": 85, "spd": 85, "spe": 85}, "ivs": {"hp": 31, "atk": 0, "def": 31, "spa": 31, "spd": 31, "spe": 31}, "item": "Heavy-Duty Boots", "teraType": "Water", "role": "Fast Support", "bvs": {"hp": 70, "atk": 60, "def": 62, "spa": 100, "spd": 82, "spe": 80}, "stats": {"hp": 264, "atk": 109, "def": 158, "spa": 224, "spd": 192, "spe": 189}, "types": ["Bug", "Flying"]}, "Snorlax": {"name": "Snorlax", "species": "Snorlax", "speciesId": "snorlax", "gender": "M", "shiny": false, "level": 82, "moves": ["bodyslam", "rest", "sleeptalk", "curse"], "ability": "Thick Fat", "evs": {"hp": 85, "atk": 85, "def": 85, "spa": 85, "spd": 85, "spe": 85}, "ivs": {"hp": 31, "atk": 31, "def": 31, "spa": 31, "spd": 31, "spe": 31}, "item": "Leftovers", "teraType": "Poison", "role": "Bulky Attacker", "bvs": {"hp": 160, "atk": 110, "def": 65, "spa": 65, "spd": 110, "spe": 30}, "stats": {"hp": 397, "atk": 228, "def": 154, "spa": 154, "spd": 228, "spe": 96}, "types": ["Normal"]}}]}