{"id": "gen9randombattle-2641488523", "format": "[Gen 9] Random Battle", "players": ["sarodiya", "isureadyorisuready"], "log": "|j|\u2606sarodiya\n|j|\u2606isureadyorisuready\n|t:|1782793061\n|gametype|singles\n|player|p1|sarodiya|265|2112\n|player|p2|isureadyorisuready|101|2171\n|gen|9\n|tier|[Gen 9] Random Battle\n|rated|\n|rule|Species Clause: Limit one of each Pok\u00e9mon\n|rule|HP Percentage Mod: HP is shown in percentages\n|rule|Sleep Clause Mod: Limit one foe put to sleep\n|rule|Illusion Level Mod: Illusion disguises the Pok\u00e9mon's true level\n|\n|t:|1782793061\n|teamsize|p1|6\n|teamsize|p2|6\n|start\n|switch|p1a: Vikavolt|Vikavolt, L83, F|263/263\n|switch|p2a: Serperior|Serperior, L79, M|248/248\n|turn|1\n|inactive|Battle timer is ON: inactive players will automatically lose when time's up. (requested by sarodiya)\n|inactive|isureadyorisuready also wants the timer to be on.\n|\n|t:|1782793087\n|switch|p2a: Ursaring|Ursaring, L84, M|288/288\n|move|p1a: Vikavolt|Bug Buzz|p2a: Ursaring\n|-damage|p2a: Ursaring|192/288\n|\n|upkeep\n|turn|2\n|\n|t:|1782793098\n|move|p2a: Ursaring|Body Slam|p1a: Vikavolt\n|-damage|p1a: Vikavolt|160/263\n|move|p1a: Vikavolt|Discharge|p2a: Ursaring\n|-damage|p2a: Ursaring|108/288\n|\n|upkeep\n|turn|3\n|\n|t:|1782793108\n|move|p2a: Ursaring|Rest|p2a: Ursaring\n|-status|p2a: Ursaring|slp|[from] move: Rest\n|-heal|p2a: Ursaring|288/288 slp|[silent]\n|move|p1a: Vikavolt|Discharge|p2a: Ursaring\n|-damage|p2a: Ursaring|209/288 slp\n|\n|upkeep\n|turn|4\n|\n|t:|1782793110\n|cant|p2a: Ursaring|slp\n|move|p2a: Ursaring|Sleep Talk|p2a: Ursaring\n|move|p2a: Ursaring|Throat Chop|p1a: Vikavolt|[from] move: Sleep Talk\n|-damage|p1a: Vikavolt|49/263\n|-start|p1a: Vikavolt|Throat Chop|[silent]\n|cant|p1a: Vikavolt|move: Throat Chop\n|\n|upkeep\n|turn|5\n|\n|t:|1782793112\n|cant|p2a: Ursaring|slp\n|move|p2a: Ursaring|Sleep Talk|p2a: Ursaring\n|move|p2a: Ursaring|Body Slam|p1a: Vikavolt|[from] move: Sleep Talk\n|-damage|p1a: Vikavolt|0 fnt\n|faint|p1a: Vikavolt\n|\n|upkeep\n|\n|t:|1782793117\n|switch|p1a: Probopass|Probopass, L91, F|257/257\n|turn|6\n|\n|t:|1782793131\n|switch|p2a: Cobalion|Cobalion, L80|277/277\n|move|p1a: Probopass|Iron Defense|p1a: Probopass\n|-boost|p1a: Probopass|def|2\n|\n|upkeep\n|turn|7\n|\n|t:|1782793137\n|-terastallize|p1a: Probopass|Fighting\n|move|p2a: Cobalion|Aura Sphere|p1a: Probopass\n|-damage|p1a: Probopass|215/257\n|move|p1a: Probopass|Iron Defense|p1a: Probopass\n|-boost|p1a: Probopass|def|2\n|\n|-heal|p1a: Probopass|231/257|[from] item: Leftovers\n|upkeep\n|turn|8\n|\n|t:|1782793142\n|move|p2a: Cobalion|Flash Cannon|p1a: Probopass\n|-damage|p1a: Probopass|183/257\n|-unboost|p1a: Probopass|spd|1\n|move|p1a: Probopass|Body Press|p2a: Cobalion\n|-supereffective|p2a: Cobalion\n|-damage|p2a: Cobalion|0 fnt\n|faint|p2a: Cobalion\n|\n|-heal|p1a: Probopass|199/257|[from] item: Leftovers\n|upkeep\n|\n|t:|1782793165\n|switch|p2a: Serperior|Serperior, L79, M|248/248\n|turn|9\n|\n|t:|1782793169\n|move|p2a: Serperior|Leaf Storm|p1a: Probopass\n|-crit|p1a: Probopass\n|-damage|p1a: Probopass|70/257\n|-boost|p2a: Serperior|spa|2\n|move|p1a: Probopass|Body Press|p2a: Serperior\n|-damage|p2a: Serperior|0 fnt\n|faint|p2a: Serperior\n|\n|-heal|p1a: Probopass|86/257|[from] item: Leftovers\n|upkeep\n|\n|t:|1782793184\n|switch|p2a: Mightyena|Mightyena, L96, F|290/290\n|-ability|p2a: Mightyena|Intimidate|boost\n|-unboost|p1a: Probopass|atk|1\n|turn|10\n|\n|t:|1782793188\n|move|p2a: Mightyena|Taunt|p1a: Probopass\n|-start|p1a: Probopass|move: Taunt\n|move|p1a: Probopass|Body Press|p2a: Mightyena\n|-supereffective|p2a: Mightyena\n|-damage|p2a: Mightyena|0 fnt\n|faint|p2a: Mightyena\n|\n|-heal|p1a: Probopass|102/257|[from] item: Leftovers\n|upkeep\n|\n|t:|1782793192\n|switch|p2a: Dragonite|Dragonite, L74, M|257/257\n|turn|11\n|\n|t:|1782793195\n|-terastallize|p2a: Dragonite|Flying\n|move|p2a: Dragonite|Tera Blast|p1a: Probopass|[anim] Tera Blast Flying\n|-supereffective|p1a: Probopass\n|-damage|p1a: Probopass|50/257\n|move|p1a: Probopass|Body Press|p2a: Dragonite\n|-resisted|p2a: Dragonite\n|-damage|p2a: Dragonite|141/257\n|\n|-heal|p1a: Probopass|66/257|[from] item: Leftovers\n|upkeep\n|turn|12\n|\n|t:|1782793198\n|move|p2a: Dragonite|Tera Blast|p1a: Probopass|[anim] Tera Blast Flying\n|-supereffective|p1a: Probopass\n|-damage|p1a: Probopass|22/257\n|move|p1a: Probopass|Body Press|p2a: Dragonite\n|-resisted|p2a: Dragonite\n|-damage|p2a: Dragonite|0 fnt\n|faint|p2a: Dragonite\n|\n|-heal|p1a: Probopass|38/257|[from] item: Leftovers\n|-end|p1a: Probopass|move: Taunt\n|upkeep\n|\n|t:|1782793204\n|switch|p2a: Flareon|Flareon, L90, F|263/263\n|turn|13\n|\n|t:|1782793207\n|move|p2a: Flareon|Flare Blitz|p1a: Probopass\n|-damage|p1a: Probopass|0 fnt\n|faint|p1a: Probopass\n|-damage|p2a: Flareon|250/263|[from] Recoil\n|\n|-status|p2a: Flareon|tox|[from] item: Toxic Orb\n|upkeep\n|\n|t:|1782793215\n|switch|p1a: Floatzel|Floatzel, L86, M|286/286\n|turn|14\n|\n|t:|1782793224\n|move|p1a: Floatzel|Wave Crash|p2a: Flareon\n|-supereffective|p2a: Flareon\n|-damage|p2a: Flareon|0 fnt\n|faint|p2a: Flareon\n|-damage|p1a: Floatzel|203/286|[from] Recoil\n|\n|-heal|p1a: Floatzel|220/286|[from] item: Leftovers\n|upkeep\n|\n|t:|1782793227\n|switch|p2a: Ursaring|Ursaring, L84, M|209/288 slp\n|turn|15\n|\n|t:|1782793235\n|move|p1a: Floatzel|Bulk Up|p1a: Floatzel\n|-boost|p1a: Floatzel|atk|1\n|-boost|p1a: Floatzel|def|1\n|-curestatus|p2a: Ursaring|slp|[msg]\n|move|p2a: Ursaring|Body Slam|p1a: Floatzel\n|-damage|p1a: Floatzel|121/286\n|-status|p1a: Floatzel|par\n|\n|-heal|p1a: Floatzel|138/286 par|[from] item: Leftovers\n|upkeep\n|turn|16\n|\n|t:|1782793244\n|move|p2a: Ursaring|Body Slam|p1a: Floatzel\n|-damage|p1a: Floatzel|39/286 par\n|move|p1a: Floatzel|Wave Crash|p2a: Ursaring\n|-damage|p2a: Ursaring|40/288\n|-damage|p1a: Floatzel|0 fnt|[from] Recoil\n|faint|p1a: Floatzel\n|\n|upkeep\n|\n|t:|1782793248\n|switch|p1a: Lanturn|Lanturn, L89, M|367/367\n|turn|17\n|\n|t:|1782793250\n|move|p1a: Lanturn|Scald|p2a: Ursaring\n|-damage|p2a: Ursaring|0 fnt\n|faint|p2a: Ursaring\n|\n|win|sarodiya\n|raw|sarodiya's rating: 2136 &rarr; <strong>2158</strong><br />(+22 for winning)\n|raw|isureadyorisuready's rating: 2171 &rarr; <strong>2149</strong><br />(-22 for losing)\n", "inputlog": ">version f8ac14003a5f27e1bdc8d8c59608a773c1cb96e5\n>start {\"formatid\":\"gen9randombattle\",\"seed\":\"sodium,5fa9b5a16f45beddb79ce427aa7f47d8\",\"rated\":\"Rated battle\"}\n>player p1 {\"name\":\"sarodiya\",\"avatar\":\"265\",\"rating\":2112,\"seed\":\"sodium,3bea0d71ad040d75f647616cda4894f6\"}\n>player p2 {\"name\":\"isureadyorisuready\",\"avatar\":\"101\",\"rating\":2171,\"seed\":\"sodium,2d7a35091c3963bc0d009d61c2bab3c3\"}\n>p1 move bugbuzz\n>p2 switch 5\n>p1 move discharge\n>p2 move bodyslam\n>p1 move discharge\n>p2 move rest\n>p1 move bugbuzz\n>p2 move sleeptalk\n>p1 move discharge\n>p2 move sleeptalk\n>p1 switch 2\n>p1 move irondefense\n>p2 switch 3\n>p1 move irondefense terastallize\n>p2 move aurasphere\n>p1 move bodypress\n>p2 move flashcannon\n>p2 switch 5\n>p1 move bodypress\n>p2 move leafstorm\n>p2 switch 4\n>p1 move bodypress\n>p2 move taunt\n>p2 switch 6\n>p1 move bodypress\n>p2 move terablast terastallize\n>p1 move bodypress\n>p2 move terablast\n>p2 switch 2\n>p1 move bodypress\n>p2 move flareblitz\n>p1 switch 4\n>p1 move wavecrash\n>p2 move trailblaze\n>p2 switch 3\n>p1 move bulkup\n>p2 move bodyslam\n>p1 move wavecrash\n>p2 move bodyslam\n>p1 switch 5\n>p1 move scald\n>p2 move rest", "uploadtime": 1782793062, "views": 4, "formatid": "gen9randombattle", "rating": 2149, "private": 0, "password": null, "player_dets": [{"name": "sarodiya", "avatar": "265", "rating": 2112, "seed": "sodium,3bea0d71ad040d75f647616cda4894f6"}, {"name": "isureadyorisuready", "avatar": "101", "rating": 2171, "seed": "sodium,2d7a35091c3963bc0d009d61c2bab3c3"}], "teams_full": [{"Vikavolt": {"name": "Vikavolt", "species": "Vikavolt", "speciesId": "vikavolt", "gender": "F", "shiny": false, "level": 83, "moves": ["energyball", "stickyweb", "discharge", "bugbuzz"], "ability": "Levitate", "evs": {"hp": 85, "atk": 0, "def": 85, "spa": 85, "spd": 85, "spe": 85}, "ivs": {"hp": 31, "atk": 0, "def": 31, "spa": 31, "spd": 31, "spe": 31}, "item": "Heavy-Duty Boots", "teraType": "Electric", "role": "Bulky Support", "bvs": {"hp": 77, "atk": 70, "def": 90, "spa": 145, "spd": 75, "spe": 43}, "stats": {"hp": 263, "atk": 121, "def": 197, "spa": 288, "spd": 172, "spe": 119}, "types": ["Bug", "Electric"]}, "Probopass": {"name": "Probopass", "species": "Probopass", "speciesId": "probopass", "gender": "F", "shiny": false, "level": 91, "moves": ["powergem", "flashcannon", "bodypress", "irondefense"], "ability": "Magnet Pull", "evs": {"hp": 85, "atk": 0, "def": 85, "spa": 85, "spd": 85, "spe": 85}, "ivs": {"hp": 31, "atk": 0, "def": 31, "spa": 31, "spd": 31, "spe": 31}, "item": "Leftovers", "teraType": "Fighting", "role": "Bulky Setup", "bvs": {"hp": 60, "atk": 55, "def": 145, "spa": 75, "spd": 150, "spe": 40}, "stats": {"hp": 257, "atk": 105, "def": 316, "spa": 188, "spd": 325, "spe": 125}, "types": ["Rock", "Steel"]}, "Cryogonal": {"name": "Cryogonal", "species": "Cryogonal", "speciesId": "cryogonal", "gender": "N", "shiny": false, "level": 89, "moves": ["rapidspin", "freezedry", "recover", "flashcannon"], "ability": "Levitate", "evs": {"hp": 85, "atk": 85, "def": 85, "spa": 85, "spd": 85, "spe": 85}, "ivs": {"hp": 31, "atk": 31, "def": 31, "spa": 31, "spd": 31, "spe": 31}, "item": "Heavy-Duty Boots", "teraType": "Steel", "role": "Bulky Support", "bvs": {"hp": 80, "atk": 50, "def": 50, "spa": 95, "spd": 135, "spe": 105}, "stats": {"hp": 287, "atk": 140, "def": 140, "spa": 220, "spd": 291, "spe": 238}, "types": ["Ice"]}, "Floatzel": {"name": "Floatzel", "species": "Floatzel", "speciesId": "floatzel", "gender": "M", "shiny": false, "level": 86, "moves": ["bulkup", "taunt", "icespinner", "wavecrash"], "ability": "Water Veil", "evs": {"hp": 85, "atk": 85, "def": 85, "spa": 85, "spd": 85, "spe": 85}, "ivs": {"hp": 31, "atk": 31, "def": 31, "spa": 31, "spd": 31, "spe": 31}, "item": "Leftovers", "teraType": "Water", "role": "Bulky Setup", "bvs": {"hp": 85, "atk": 105, "def": 55, "spa": 85, "spd": 50, "spe": 115}, "stats": {"hp": 286, "atk": 230, "def": 144, "spa": 195, "spd": 135, "spe": 247}, "types": ["Water"]}, "Lanturn": {"name": "Lanturn", "species": "Lanturn", "speciesId": "lanturn", "gender": "M", "shiny": false, "level": 89, "moves": ["icebeam", "thunderbolt", "thunderwave", "scald"], "ability": "Volt Absorb", "evs": {"hp": 85, "atk": 0, "def": 85, "spa": 85, "spd": 85, "spe": 85}, "ivs": {"hp": 31, "atk": 0, "def": 31, "spa": 31, "spd": 31, "spe": 31}, "item": "Leftovers", "teraType": "Flying", "role": "Bulky Attacker", "bvs": {"hp": 125, "atk": 58, "def": 58, "spa": 76, "spd": 76, "spe": 67}, "stats": {"hp": 367, "atk": 108, "def": 154, "spa": 186, "spd": 186, "spe": 170}, "types": ["Water", "Electric"]}, "Scream Tail": {"name": "Scream Tail", "species": "Scream Tail", "speciesId": "screamtail", "gender": "N", "shiny": false, "level": 84, "moves": ["encore", "protect", "dazzlinggleam", "wish"], "ability": "Protosynthesis", "evs": {"hp": 85, "atk": 0, "def": 85, "spa": 85, "spd": 85, "spe": 85}, "ivs": {"hp": 31, "atk": 0, "def": 31, "spa": 31, "spd": 31, "spe": 31}, "item": "Leftovers", "teraType": "Steel", "role": "Bulky Attacker", "bvs": {"hp": 115, "atk": 65, "def": 99, "spa": 65, "spd": 115, "spe": 111}, "stats": {"hp": 330, "atk": 114, "def": 215, "spa": 157, "spd": 241, "spe": 235}, "types": ["Fairy", "Psychic"]}}, {"Serperior": {"name": "Serperior", "species": "Serperior", "speciesId": "serperior", "gender": "M", "shiny": false, "level": 79, "moves": ["leafstorm", "substitute", "leechseed", "dragonpulse"], "ability": "Contrary", "evs": {"hp": 85, "atk": 0, "def": 85, "spa": 85, "spd": 85, "spe": 85}, "ivs": {"hp": 31, "atk": 0, "def": 31, "spa": 31, "spd": 31, "spe": 31}, "item": "Leftovers", "teraType": "Dragon", "role": "Fast Attacker", "bvs": {"hp": 75, "atk": 75, "def": 95, "spa": 75, "spd": 95, "spe": 113}, "stats": {"hp": 248, "atk": 123, "def": 196, "spa": 164, "spd": 196, "spe": 224}, "types": ["Grass"]}, "Flareon": {"name": "Flareon", "species": "Flareon", "speciesId": "flareon", "gender": "F", "shiny": false, "level": 90, "moves": ["quickattack", "flareblitz", "trailblaze", "facade"], "ability": "Guts", "evs": {"hp": 85, "atk": 85, "def": 85, "spa": 85, "spd": 85, "spe": 85}, "ivs": {"hp": 31, "atk": 31, "def": 31, "spa": 31, "spd": 31, "spe": 31}, "item": "Toxic Orb", "teraType": "Normal", "role": "Setup Sweeper", "bvs": {"hp": 65, "atk": 130, "def": 60, "spa": 95, "spd": 110, "spe": 65}, "stats": {"hp": 263, "atk": 285, "def": 159, "spa": 222, "spd": 249, "spe": 168}, "types": ["Fire"]}, "Cobalion": {"name": "Cobalion", "species": "Cobalion", "speciesId": "cobalion", "gender": "N", "shiny": false, "level": 80, "moves": ["flashcannon", "aurasphere", "vacuumwave", "calmmind"], "ability": "Justified", "evs": {"hp": 85, "atk": 0, "def": 85, "spa": 85, "spd": 85, "spe": 85}, "ivs": {"hp": 31, "atk": 0, "def": 31, "spa": 31, "spd": 31, "spe": 31}, "item": "Leftovers", "teraType": "Water", "role": "Bulky Setup", "bvs": {"hp": 91, "atk": 90, "def": 129, "spa": 90, "spd": 72, "spe": 108}, "stats": {"hp": 277, "atk": 149, "def": 253, "spa": 190, "spd": 161, "spe": 219}, "types": ["Steel", "Fighting"]}, "Mightyena": {"name": "Mightyena", "species": "Mightyena", "speciesId": "mightyena", "gender": "F", "shiny": false, "level": 96, "moves": ["suckerpunch", "playrough", "throatchop", "taunt"], "ability": "Intimidate", "evs": {"hp": 85, "atk": 85, "def": 85, "spa": 85, "spd": 85, "spe": 85}, "ivs": {"hp": 31, "atk": 31, "def": 31, "spa": 31, "spd": 31, "spe": 31}, "item": "Leftovers", "teraType": "Fairy", "role": "Bulky Attacker", "bvs": {"hp": 70, "atk": 90, "def": 70, "spa": 60, "spd": 60, "spe": 70}, "stats": {"hp": 290, "atk": 227, "def": 189, "spa": 170, "spd": 170, "spe": 189}, "types": ["Dark"]}, "Ursaring": {"name": "Ursaring", "species": "Ursaring", "speciesId": "ursaring", "gender": "M", "shiny": false, "level": 84, "moves": ["bodyslam", "sleeptalk", "rest", "throatchop"], "ability": "Guts", "evs": {"hp": 85, "atk": 85, "def": 85, "spa": 85, "spd": 85, "spe": 85}, "ivs": {"hp": 31, "atk": 31, "def": 31, "spa": 31, "spd": 31, "spe": 31}, "item": "Eviolite", "teraType": "Ghost", "role": "Bulky Attacker", "bvs": {"hp": 90, "atk": 130, "def": 75, "spa": 75, "spd": 75, "spe": 55}, "stats": {"hp": 288, "atk": 267, "def": 174, "spa": 174, "spd": 174, "spe": 141}, "types": ["Normal"]}, "Dragonite": {"name": "Dragonite", "species": "Dragonite", "speciesId": "dragonite", "gender": "M", "shiny": false, "level": 74, "moves": ["earthquake", "terablast", "dragondance", "outrage"], "ability": "Multiscale", "evs": {"hp": 85, "atk": 85, "def": 85, "spa": 85, "spd": 85, "spe": 85}, "ivs": {"hp": 31, "atk": 31, "def": 31, "spa": 31, "spd": 31, "spe": 31}, "item": "Heavy-Duty Boots", "teraType": "Flying", "role": "Tera Blast user", "bvs": {"hp": 91, "atk": 134, "def": 95, "spa": 100, "spd": 100, "spe": 80}, "stats": {"hp": 257, "atk": 241, "def": 184, "spa": 191, "spd": 191, "spe": 161}, "types": ["Dragon", "Flying"]}}]}