{"id": "gen9randombattle-2641343818", "format": "[Gen 9] Random Battle", "players": ["pastnex", "Son of Sandslash"], "log": "|j|\u2606pastnex\n|j|\u2606Son of Sandslash\n|t:|1782770552\n|gametype|singles\n|player|p1|pastnex|lusamine-nihilego|1950\n|player|p2|Son of Sandslash|102|1977\n|gen|9\n|tier|[Gen 9] Random Battle\n|rated|\n|rule|Species Clause: Limit one of each Pok\u00e9mon\n|rule|HP Percentage Mod: HP is shown in percentages\n|rule|Sleep Clause Mod: Limit one foe put to sleep\n|rule|Illusion Level Mod: Illusion disguises the Pok\u00e9mon's true level\n|\n|t:|1782770552\n|teamsize|p1|6\n|teamsize|p2|6\n|start\n|switch|p1a: Mightyena|Mightyena, L96, M|290/290\n|switch|p2a: Charizard|Charizard, L85, M|271/271\n|-ability|p1a: Mightyena|Intimidate|boost\n|-unboost|p2a: Charizard|atk|1\n|turn|1\n|\n|t:|1782770563\n|move|p2a: Charizard|Will-O-Wisp|p1a: Mightyena\n|-status|p1a: Mightyena|brn\n|move|p1a: Mightyena|Poison Fang|p2a: Charizard\n|-damage|p2a: Charizard|247/271\n|\n|-damage|p1a: Mightyena|272/290 brn|[from] brn\n|upkeep\n|turn|2\n|\n|t:|1782770571\n|switch|p2a: Magearna|Magearna, L77|250/250\n|move|p1a: Mightyena|Poison Fang|p2a: Magearna\n|-immune|p2a: Magearna\n|\n|-heal|p1a: Mightyena|290/290 brn|[from] item: Leftovers\n|-damage|p1a: Mightyena|272/290 brn|[from] brn\n|upkeep\n|turn|3\n|\n|t:|1782770608\n|move|p1a: Mightyena|Taunt|p2a: Magearna\n|-start|p2a: Magearna|move: Taunt\n|move|p2a: Magearna|Volt Switch|p1a: Mightyena\n|-damage|p1a: Mightyena|177/290 brn\n|inactive|Battle timer is ON: inactive players will automatically lose when time's up. (requested by pastnex)\n|l|\u2606Son of Sandslash\n|inactive|Son of Sandslash disconnected and has a minute to reconnect!\n|player|p2|\n|j|\u2606Son of Sandslash\n|inactive|Son of Sandslash reconnected and has 130 seconds left.\n|player|p2|Son of Sandslash|102|\n|inactive|Son of Sandslash has 120 seconds left.\n|\n|t:|1782770687\n|switch|p2a: Conkeldurr|Conkeldurr, L80, F|299/299|[from] Volt Switch\n|\n|-heal|p1a: Mightyena|195/290 brn|[from] item: Leftovers\n|-damage|p1a: Mightyena|177/290 brn|[from] brn\n|-status|p2a: Conkeldurr|brn|[from] item: Flame Orb\n|upkeep\n|turn|4\n|\n|t:|1782770712\n|move|p1a: Mightyena|Crunch|p2a: Conkeldurr\n|-resisted|p2a: Conkeldurr\n|-damage|p2a: Conkeldurr|275/299 brn\n|move|p2a: Conkeldurr|Facade|p1a: Mightyena\n|-damage|p1a: Mightyena|0 fnt\n|faint|p1a: Mightyena\n|\n|-damage|p2a: Conkeldurr|257/299 brn|[from] brn\n|upkeep\n|inactive|pastnex has 120 seconds left.\n|\n|t:|1782770729\n|switch|p1a: Iron Leaves|Iron Leaves, L80|275/275\n|turn|5\n|\n|t:|1782770740\n|switch|p2a: Charizard|Charizard, L85, M|247/271\n|move|p1a: Iron Leaves|Psyblade|p2a: Charizard\n|-damage|p2a: Charizard|94/271\n|\n|upkeep\n|turn|6\n|inactive|pastnex has 120 seconds left.\n|\n|t:|1782770765\n|-end|p1a: Iron Leaves|Quark Drive|[silent]\n|switch|p1a: Sylveon|Sylveon, L85, F|300/300\n|move|p2a: Charizard|Flamethrower|p1a: Sylveon\n|-damage|p1a: Sylveon|224/300\n|\n|-heal|p1a: Sylveon|242/300|[from] item: Leftovers\n|upkeep\n|turn|7\n|inactive|pastnex has 120 seconds left.\n|\n|t:|1782770780\n|switch|p2a: Lunala|Lunala, L70|308/308\n|move|p1a: Sylveon|Wish|p1a: Sylveon\n|\n|-heal|p1a: Sylveon|260/300|[from] item: Leftovers\n|upkeep\n|turn|8\n|inactive|pastnex has 120 seconds left.\n|\n|t:|1782770792\n|move|p2a: Lunala|Calm Mind|p2a: Lunala\n|-boost|p2a: Lunala|spa|1\n|-boost|p2a: Lunala|spd|1\n|move|p1a: Sylveon|Calm Mind|p1a: Sylveon\n|-boost|p1a: Sylveon|spa|1\n|-boost|p1a: Sylveon|spd|1\n|\n|-heal|p1a: Sylveon|300/300|[from] move: Wish|[wisher] Sylveon\n|upkeep\n|turn|9\n|inactive|pastnex has 120 seconds left.\n|\n|t:|1782770809\n|switch|p1a: Meganium|Meganium, L90, F|290/290\n|move|p2a: Lunala|Calm Mind|p2a: Lunala\n|-boost|p2a: Lunala|spa|1\n|-boost|p2a: Lunala|spd|1\n|\n|upkeep\n|turn|10\n|\n|t:|1782770828\n|switch|p2a: Conkeldurr|Conkeldurr, L80, F|257/299 brn\n|move|p1a: Meganium|Encore||[still]\n|-fail|p1a: Meganium\n|\n|-damage|p2a: Conkeldurr|239/299 brn|[from] brn\n|upkeep\n|turn|11\n|inactive|pastnex has 120 seconds left.\n|\n|t:|1782770862\n|move|p1a: Meganium|Energy Ball|p2a: Conkeldurr\n|-damage|p2a: Conkeldurr|116/299 brn\n|move|p2a: Conkeldurr|Close Combat|p1a: Meganium\n|-crit|p1a: Meganium\n|-damage|p1a: Meganium|0 fnt\n|-unboost|p2a: Conkeldurr|def|1\n|-unboost|p2a: Conkeldurr|spd|1\n|faint|p1a: Meganium\n|\n|-damage|p2a: Conkeldurr|98/299 brn|[from] brn\n|upkeep\n|inactive|pastnex has 90 seconds left.\n|\n|t:|1782770906\n|switch|p1a: Arbok|Arbok, L87, M|246/246\n|-ability|p1a: Arbok|Intimidate|boost\n|-unboost|p2a: Conkeldurr|atk|1\n|turn|12\n|\n|t:|1782770924\n|move|p2a: Conkeldurr|Mach Punch|p1a: Arbok\n|-resisted|p1a: Arbok\n|-damage|p1a: Arbok|216/246\n|move|p1a: Arbok|Earthquake|p2a: Conkeldurr\n|-damage|p2a: Conkeldurr|0 fnt\n|faint|p2a: Conkeldurr\n|-damage|p1a: Arbok|192/246|[from] item: Life Orb\n|\n|upkeep\n|inactive|Son of Sandslash has 120 seconds left.\n|\n|t:|1782770949\n|switch|p2a: Dragapult|Dragapult, L77, F|262/262\n|turn|13\n|inactive|pastnex has 90 seconds left.\n|\n|t:|1782770956\n|switch|p1a: Sylveon|Sylveon, L85, F|300/300\n|move|p2a: Dragapult|Will-O-Wisp|p1a: Sylveon\n|-status|p1a: Sylveon|brn\n|\n|-damage|p1a: Sylveon|282/300 brn|[from] brn\n|upkeep\n|turn|14\n|inactive|pastnex has 90 seconds left.\n|\n|t:|1782770969\n|move|p2a: Dragapult|U-turn|p1a: Sylveon\n|-resisted|p1a: Sylveon\n|-damage|p1a: Sylveon|251/300 brn\n|inactive|Son of Sandslash has 120 seconds left.\n|\n|t:|1782770992\n|switch|p2a: Lunala|Lunala, L70|308/308|[from] U-turn\n|move|p1a: Sylveon|Wish|p1a: Sylveon\n|\n|-heal|p1a: Sylveon|269/300 brn|[from] item: Leftovers\n|-damage|p1a: Sylveon|251/300 brn|[from] brn\n|upkeep\n|turn|15\n|inactive|Son of Sandslash has 120 seconds left.\n|inactive|pastnex has 90 seconds left.\n|\n|t:|1782771035\n|move|p2a: Lunala|Calm Mind|p2a: Lunala\n|-boost|p2a: Lunala|spa|1\n|-boost|p2a: Lunala|spd|1\n|move|p1a: Sylveon|Calm Mind|p1a: Sylveon\n|-boost|p1a: Sylveon|spa|1\n|-boost|p1a: Sylveon|spd|1\n|\n|-heal|p1a: Sylveon|300/300 brn|[from] move: Wish|[wisher] Sylveon\n|-damage|p1a: Sylveon|282/300 brn|[from] brn\n|upkeep\n|turn|16\n|inactive|Son of Sandslash has 120 seconds left.\n|\n|t:|1782771070\n|move|p2a: Lunala|Psyshock|p1a: Sylveon\n|-damage|p1a: Sylveon|129/300 brn\n|move|p1a: Sylveon|Calm Mind|p1a: Sylveon\n|-boost|p1a: Sylveon|spa|1\n|-boost|p1a: Sylveon|spd|1\n|\n|-heal|p1a: Sylveon|147/300 brn|[from] item: Leftovers\n|-damage|p1a: Sylveon|129/300 brn|[from] brn\n|upkeep\n|turn|17\n|\n|t:|1782771088\n|move|p2a: Lunala|Psyshock|p1a: Sylveon\n|-damage|p1a: Sylveon|0 fnt\n|faint|p1a: Sylveon\n|\n|upkeep\n|inactive|pastnex has 60 seconds left.\n|\n|t:|1782771128\n|switch|p1a: Iron Leaves|Iron Leaves, L80|275/275\n|turn|18\n|\n|t:|1782771134\n|move|p1a: Iron Leaves|Leaf Blade|p2a: Lunala\n|-damage|p2a: Lunala|206/308\n|move|p2a: Lunala|Moongeist Beam|p1a: Iron Leaves\n|-supereffective|p1a: Iron Leaves\n|-damage|p1a: Iron Leaves|0 fnt\n|faint|p1a: Iron Leaves\n|-end|p1a: Iron Leaves|Quark Drive|[silent]\n|\n|-heal|p2a: Lunala|225/308|[from] item: Leftovers\n|upkeep\n|\n|t:|1782771142\n|switch|p1a: Arbok|Arbok, L87, M|192/246\n|-ability|p1a: Arbok|Intimidate|boost\n|-unboost|p2a: Lunala|atk|1\n|turn|19\n|inactive|Son of Sandslash has 120 seconds left.\n|inactive|pastnex has 60 seconds left.\n|\n|t:|1782771154\n|-terastallize|p2a: Lunala|Dark\n|move|p1a: Arbok|Knock Off|p2a: Lunala\n|-resisted|p2a: Lunala\n|-damage|p2a: Lunala|168/308\n|-enditem|p2a: Lunala|Leftovers|[from] move: Knock Off|[of] p1a: Arbok\n|-damage|p1a: Arbok|168/246|[from] item: Life Orb\n|move|p2a: Lunala|Psyshock|p1a: Arbok\n|-supereffective|p1a: Arbok\n|-damage|p1a: Arbok|0 fnt\n|faint|p1a: Arbok\n|\n|upkeep\n|\n|t:|1782771157\n|switch|p1a: Glimmora|Glimmora, L75, M|248/248\n|turn|20\n|-message|pastnex forfeited.\n|\n|win|Son of Sandslash\n|raw|pastnex's rating: 1950 &rarr; <strong>1932</strong><br />(-18 for losing)\n|raw|Son of Sandslash's rating: 1977 &rarr; <strong>1995</strong><br />(+18 for winning)\n", "inputlog": ">version f8ac14003a5f27e1bdc8d8c59608a773c1cb96e5\n>start {\"formatid\":\"gen9randombattle\",\"seed\":\"sodium,3567ec923dbb809d5de544e6cf15f1c7\",\"rated\":\"Rated battle\"}\n>player p1 {\"name\":\"pastnex\",\"avatar\":\"lusamine-nihilego\",\"rating\":1950,\"seed\":\"sodium,72f78b0d65d3be8fcdc3560055ef79b7\"}\n>player p2 {\"name\":\"Son of Sandslash\",\"avatar\":\"102\",\"rating\":1977,\"seed\":\"sodium,ff2e4826c329d4f359efe4a1b9eec11b\"}\n>p1 move poisonfang\n>p2 move willowisp\n>p1 move poisonfang\n>p2 switch 2\n>p1 move taunt\n>p2 move voltswitch\n>p2 switch 5\n>p1 move crunch\n>p2 move facade\n>p1 switch 2\n>p1 move psyblade\n>p2 switch 2\n>p1 switch 6\n>p2 move flamethrower\n>p1 move wish\n>p2 switch 4\n>p1 move calmmind\n>p2 move calmmind\n>p1 switch 5\n>p2 move calmmind\n>p1 move encore\n>p2 switch 2\n>p1 move energyball\n>p2 move closecombat\n>p1 switch 4\n>p1 move earthquake\n>p2 move machpunch\n>p2 switch 3\n>p1 switch 5\n>p2 move willowisp\n>p1 move wish\n>p2 move uturn\n>p2 switch 2\n>p1 move calmmind\n>p2 move calmmind\n>p1 move calmmind\n>p2 move psyshock\n>p1 move hypervoice\n>p2 move psyshock\n>p1 switch 6\n>p1 move leafblade\n>p2 move moongeistbeam\n>p1 switch 5\n>p1 move knockoff\n>p2 move psyshock terastallize\n>p1 switch 3\n>forcelose p1", "uploadtime": 1782771164, "views": 8, "formatid": "gen9randombattle", "rating": 1932, "private": 0, "password": null, "player_dets": [{"name": "pastnex", "avatar": "lusamine-nihilego", "rating": 1950, "seed": "sodium,72f78b0d65d3be8fcdc3560055ef79b7"}, {"name": "Son of Sandslash", "avatar": "102", "rating": 1977, "seed": "sodium,ff2e4826c329d4f359efe4a1b9eec11b"}], "teams_full": [{"Mightyena": {"name": "Mightyena", "species": "Mightyena", "speciesId": "mightyena", "gender": "M", "shiny": false, "level": 96, "moves": ["poisonfang", "suckerpunch", "crunch", "taunt"], "ability": "Intimidate", "evs": {"hp": 85, "atk": 85, "def": 85, "spa": 85, "spd": 85, "spe": 85}, "ivs": {"hp": 31, "atk": 31, "def": 31, "spa": 31, "spd": 31, "spe": 31}, "item": "Leftovers", "teraType": "Poison", "role": "Bulky Attacker", "bvs": {"hp": 70, "atk": 90, "def": 70, "spa": 60, "spd": 60, "spe": 70}, "stats": {"hp": 290, "atk": 227, "def": 189, "spa": 170, "spd": 170, "spe": 189}, "types": ["Dark"]}, "Iron Leaves": {"name": "Iron Leaves", "species": "Iron Leaves", "speciesId": "ironleaves", "gender": "N", "shiny": false, "level": 80, "moves": ["megahorn", "closecombat", "leafblade", "psyblade"], "ability": "Quark Drive", "evs": {"hp": 85, "atk": 85, "def": 85, "spa": 85, "spd": 85, "spe": 85}, "ivs": {"hp": 31, "atk": 31, "def": 31, "spa": 31, "spd": 31, "spe": 31}, "item": "Choice Band", "teraType": "Fighting", "role": "Wallbreaker", "bvs": {"hp": 90, "atk": 130, "def": 88, "spa": 70, "spd": 108, "spe": 104}, "stats": {"hp": 275, "atk": 254, "def": 187, "spa": 158, "spd": 219, "spe": 213}, "types": ["Grass", "Psychic"]}, "Glimmora": {"name": "Glimmora", "species": "Glimmora", "speciesId": "glimmora", "gender": "M", "shiny": false, "level": 75, "moves": ["earthpower", "sludgewave", "meteorbeam", "energyball"], "ability": "Toxic Debris", "evs": {"hp": 85, "atk": 0, "def": 85, "spa": 85, "spd": 85, "spe": 85}, "ivs": {"hp": 31, "atk": 0, "def": 31, "spa": 31, "spd": 31, "spe": 31}, "item": "Power Herb", "teraType": "Grass", "role": "Setup Sweeper", "bvs": {"hp": 83, "atk": 55, "def": 90, "spa": 130, "spd": 81, "spe": 86}, "stats": {"hp": 248, "atk": 87, "def": 179, "spa": 239, "spd": 165, "spe": 173}, "types": ["Rock", "Poison"]}, "Arbok": {"name": "Arbok", "species": "Arbok", "speciesId": "arbok", "gender": "M", "shiny": false, "level": 87, "moves": ["glare", "earthquake", "gunkshot", "knockoff"], "ability": "Intimidate", "evs": {"hp": 85, "atk": 85, "def": 85, "spa": 85, "spd": 85, "spe": 85}, "ivs": {"hp": 31, "atk": 31, "def": 31, "spa": 31, "spd": 31, "spe": 31}, "item": "Life Orb", "teraType": "Ground", "role": "Fast Support", "bvs": {"hp": 60, "atk": 95, "def": 69, "spa": 65, "spd": 79, "spe": 80}, "stats": {"hp": 246, "atk": 215, "def": 170, "spa": 163, "spd": 187, "spe": 189}, "types": ["Poison"]}, "Meganium": {"name": "Meganium", "species": "Meganium", "speciesId": "meganium", "gender": "F", "shiny": false, "level": 90, "moves": ["synthesis", "energyball", "knockoff", "encore"], "ability": "Overgrow", "evs": {"hp": 85, "atk": 85, "def": 85, "spa": 85, "spd": 85, "spe": 85}, "ivs": {"hp": 31, "atk": 31, "def": 31, "spa": 31, "spd": 31, "spe": 31}, "item": "Leftovers", "teraType": "Steel", "role": "Bulky Attacker", "bvs": {"hp": 80, "atk": 82, "def": 100, "spa": 83, "spd": 100, "spe": 80}, "stats": {"hp": 290, "atk": 199, "def": 231, "spa": 201, "spd": 231, "spe": 195}, "types": ["Grass"]}, "Sylveon": {"name": "Sylveon", "species": "Sylveon", "speciesId": "sylveon", "gender": "F", "shiny": false, "level": 85, "moves": ["protect", "wish", "hypervoice", "calmmind"], "ability": "Pixilate", "evs": {"hp": 85, "atk": 0, "def": 85, "spa": 85, "spd": 85, "spe": 85}, "ivs": {"hp": 31, "atk": 0, "def": 31, "spa": 31, "spd": 31, "spe": 31}, "item": "Leftovers", "teraType": "Steel", "role": "Bulky Setup", "bvs": {"hp": 95, "atk": 65, "def": 65, "spa": 110, "spd": 130, "spe": 60}, "stats": {"hp": 300, "atk": 115, "def": 159, "spa": 236, "spd": 270, "spe": 151}, "types": ["Fairy"]}}, {"Charizard": {"name": "Charizard", "species": "Charizard", "speciesId": "charizard", "gender": "M", "shiny": false, "level": 85, "moves": ["willowisp", "hurricane", "flamethrower", "earthquake"], "ability": "Blaze", "evs": {"hp": 85, "atk": 85, "def": 85, "spa": 85, "spd": 85, "spe": 85}, "ivs": {"hp": 31, "atk": 31, "def": 31, "spa": 31, "spd": 31, "spe": 31}, "item": "Heavy-Duty Boots", "teraType": "Ground", "role": "Fast Attacker", "bvs": {"hp": 78, "atk": 84, "def": 78, "spa": 109, "spd": 85, "spe": 100}, "stats": {"hp": 271, "atk": 192, "def": 181, "spa": 234, "spd": 193, "spe": 219}, "types": ["Fire", "Flying"]}, "Magearna": {"name": "Magearna", "species": "Magearna", "speciesId": "magearna", "gender": "N", "shiny": false, "level": 77, "moves": ["voltswitch", "fleurcannon", "flashcannon", "aurasphere"], "ability": "Soul-Heart", "evs": {"hp": 85, "atk": 0, "def": 85, "spa": 85, "spd": 85, "spe": 85}, "ivs": {"hp": 31, "atk": 0, "def": 31, "spa": 31, "spd": 31, "spe": 31}, "item": "Choice Specs", "teraType": "Fighting", "role": "Bulky Attacker", "bvs": {"hp": 80, "atk": 95, "def": 115, "spa": 130, "spd": 115, "spe": 65}, "stats": {"hp": 250, "atk": 151, "def": 222, "spa": 245, "spd": 222, "spe": 145}, "types": ["Steel", "Fairy"]}, "Dragapult": {"name": "Dragapult", "species": "Dragapult", "speciesId": "dragapult", "gender": "F", "shiny": false, "level": 77, "moves": ["uturn", "hex", "willowisp", "dragondarts"], "ability": "Cursed Body", "evs": {"hp": 85, "atk": 85, "def": 85, "spa": 85, "spd": 85, "spe": 85}, "ivs": {"hp": 31, "atk": 31, "def": 31, "spa": 31, "spd": 31, "spe": 31}, "item": "Heavy-Duty Boots", "teraType": "Fairy", "role": "Fast Support", "bvs": {"hp": 88, "atk": 120, "def": 75, "spa": 100, "spd": 75, "spe": 142}, "stats": {"hp": 262, "atk": 229, "def": 160, "spa": 199, "spd": 160, "spe": 263}, "types": ["Dragon", "Ghost"]}, "Lunala": {"name": "Lunala", "species": "Lunala", "speciesId": "lunala", "gender": "N", "shiny": false, "level": 70, "moves": ["moongeistbeam", "psyshock", "moonlight", "calmmind"], "ability": "Shadow Shield", "evs": {"hp": 85, "atk": 0, "def": 85, "spa": 85, "spd": 85, "spe": 85}, "ivs": {"hp": 31, "atk": 0, "def": 31, "spa": 31, "spd": 31, "spe": 31}, "item": "Leftovers", "teraType": "Dark", "role": "Fast Bulky Setup", "bvs": {"hp": 137, "atk": 113, "def": 89, "spa": 137, "spd": 107, "spe": 97}, "stats": {"hp": 308, "atk": 163, "def": 166, "spa": 233, "spd": 191, "spe": 177}, "types": ["Psychic", "Ghost"]}, "Conkeldurr": {"name": "Conkeldurr", "species": "Conkeldurr", "speciesId": "conkeldurr", "gender": "F", "shiny": false, "level": 80, "moves": ["facade", "knockoff", "closecombat", "machpunch"], "ability": "Guts", "evs": {"hp": 85, "atk": 85, "def": 85, "spa": 85, "spd": 85, "spe": 85}, "ivs": {"hp": 31, "atk": 31, "def": 31, "spa": 31, "spd": 31, "spe": 31}, "item": "Flame Orb", "teraType": "Normal", "role": "Wallbreaker", "bvs": {"hp": 105, "atk": 140, "def": 95, "spa": 55, "spd": 65, "spe": 45}, "stats": {"hp": 299, "atk": 270, "def": 198, "spa": 134, "spd": 150, "spe": 118}, "types": ["Fighting"]}, "Blastoise": {"name": "Blastoise", "species": "Blastoise", "speciesId": "blastoise", "gender": "M", "shiny": false, "level": 80, "moves": ["icebeam", "earthquake", "shellsmash", "hydropump"], "ability": "Torrent", "evs": {"hp": 85, "atk": 85, "def": 85, "spa": 85, "spd": 85, "spe": 85}, "ivs": {"hp": 31, "atk": 31, "def": 31, "spa": 31, "spd": 31, "spe": 31}, "item": "White Herb", "teraType": "Water", "role": "Setup Sweeper", "bvs": {"hp": 79, "atk": 83, "def": 100, "spa": 85, "spd": 105, "spe": 78}, "stats": {"hp": 258, "atk": 179, "def": 206, "spa": 182, "spd": 214, "spe": 171}, "types": ["Water"]}}]}