{"id": "gen9randombattle-2641506013", "format": "[Gen 9] Random Battle", "players": ["minitops", "mahomesthegoat"], "log": "|j|\u2606minitops\n|j|\u2606mahomesthegoat\n|t:|1782796523\n|gametype|singles\n|player|p1|minitops|102|2084\n|player|p2|mahomesthegoat|102|2134\n|gen|9\n|tier|[Gen 9] Random Battle\n|rated|\n|rule|Species Clause: Limit one of each Pok\u00e9mon\n|rule|HP Percentage Mod: HP is shown in percentages\n|rule|Sleep Clause Mod: Limit one foe put to sleep\n|rule|Illusion Level Mod: Illusion disguises the Pok\u00e9mon's true level\n|\n|t:|1782796523\n|teamsize|p1|6\n|teamsize|p2|6\n|start\n|switch|p1a: Armarouge|Armarouge, L80, F|267/267\n|switch|p2a: Pikachu|Pikachu, L93, F|216/216\n|turn|1\n|\n|t:|1782796542\n|switch|p2a: Gastrodon|Gastrodon-East, L86, F|331/331\n|move|p1a: Armarouge|Meteor Beam||[still]\n|-prepare|p1a: Armarouge|Meteor Beam\n|-boost|p1a: Armarouge|spa|1\n|-enditem|p1a: Armarouge|Power Herb\n|-anim|p1a: Armarouge|Meteor Beam|p2a: Gastrodon\n|-resisted|p2a: Gastrodon\n|-damage|p2a: Gastrodon|252/331\n|\n|-heal|p2a: Gastrodon|272/331|[from] item: Leftovers\n|upkeep\n|turn|2\n|\n|t:|1782796566\n|switch|p2a: Pikachu|Pikachu, L93, F|216/216\n|move|p1a: Armarouge|Energy Ball|p2a: Pikachu\n|-damage|p2a: Pikachu|81/216\n|\n|upkeep\n|turn|3\n|\n|t:|1782796576\n|move|p2a: Pikachu|Surf|p1a: Armarouge\n|-supereffective|p1a: Armarouge\n|-damage|p1a: Armarouge|59/267\n|move|p1a: Armarouge|Psyshock|p2a: Pikachu\n|-damage|p2a: Pikachu|0 fnt\n|faint|p2a: Pikachu\n|\n|upkeep\n|\n|t:|1782796593\n|switch|p2a: Glimmora|Glimmora, L75, M|248/248\n|turn|4\n|\n|t:|1782796604\n|move|p2a: Glimmora|Sludge Wave|p1a: Armarouge\n|-damage|p1a: Armarouge|0 fnt\n|faint|p1a: Armarouge\n|\n|upkeep\n|\n|t:|1782796614\n|switch|p1a: Deoxys|Deoxys-Attack, L72|191/191\n|-ability|p1a: Deoxys|Pressure\n|turn|5\n|\n|t:|1782796622\n|switch|p2a: Registeel|Registeel, L81|262/262\n|move|p1a: Deoxys|Psycho Boost|p2a: Registeel\n|-resisted|p2a: Registeel\n|-damage|p2a: Registeel|188/262\n|-unboost|p1a: Deoxys|spa|2\n|-damage|p1a: Deoxys|172/191|[from] item: Life Orb\n|\n|-heal|p2a: Registeel|204/262|[from] item: Leftovers\n|upkeep\n|turn|6\n|\n|t:|1782796631\n|switch|p1a: Rotom|Rotom, L88|231/231\n|switch|p2a: Glimmora|Glimmora, L75, M|248/248\n|\n|upkeep\n|turn|7\n|\n|t:|1782796638\n|move|p1a: Rotom|Nasty Plot|p1a: Rotom\n|-boost|p1a: Rotom|spa|2\n|move|p2a: Glimmora|Meteor Beam||[still]\n|-prepare|p2a: Glimmora|Meteor Beam\n|-boost|p2a: Glimmora|spa|1\n|-enditem|p2a: Glimmora|Power Herb\n|-anim|p2a: Glimmora|Meteor Beam|p1a: Rotom\n|-damage|p1a: Rotom|30/231\n|\n|upkeep\n|turn|8\n|\n|t:|1782796649\n|move|p1a: Rotom|Thunderbolt|p2a: Glimmora\n|-damage|p2a: Glimmora|0 fnt\n|faint|p2a: Glimmora\n|-damage|p1a: Rotom|7/231|[from] item: Life Orb\n|\n|upkeep\n|\n|t:|1782796661\n|switch|p2a: Hawlucha|Hawlucha, L80, M|256/256\n|turn|9\n|\n|t:|1782796666\n|move|p2a: Hawlucha|Throat Chop|p1a: Rotom\n|-supereffective|p1a: Rotom\n|-damage|p1a: Rotom|0 fnt\n|faint|p1a: Rotom\n|\n|upkeep\n|\n|t:|1782796686\n|switch|p1a: Deoxys|Deoxys-Attack, L72|172/191\n|-ability|p1a: Deoxys|Pressure\n|turn|10\n|\n|t:|1782796700\n|switch|p2a: Registeel|Registeel, L81|204/262\n|move|p1a: Deoxys|Psycho Boost|p2a: Registeel\n|-resisted|p2a: Registeel\n|-damage|p2a: Registeel|130/262\n|-unboost|p1a: Deoxys|spa|2\n|-damage|p1a: Deoxys|153/191|[from] item: Life Orb\n|\n|-heal|p2a: Registeel|146/262|[from] item: Leftovers\n|upkeep\n|turn|11\n|\n|t:|1782796710\n|switch|p1a: Scyther|Scyther, L82, M|249/249\n|move|p2a: Registeel|Thunder Wave|p1a: Scyther\n|-status|p1a: Scyther|par\n|\n|-heal|p2a: Registeel|162/262|[from] item: Leftovers\n|upkeep\n|turn|12\n|\n|t:|1782796739\n|move|p2a: Registeel|Iron Head|p1a: Scyther\n|-damage|p1a: Scyther|182/249 par\n|cant|p1a: Scyther|par\n|\n|-heal|p2a: Registeel|178/262|[from] item: Leftovers\n|upkeep\n|turn|13\n|inactive|Battle timer is ON: inactive players will automatically lose when time's up. (requested by minitops)\n|\n|t:|1782796762\n|move|p2a: Registeel|Iron Head|p1a: Scyther\n|-damage|p1a: Scyther|115/249 par\n|move|p1a: Scyther|Close Combat|p2a: Registeel\n|-supereffective|p2a: Registeel\n|-damage|p2a: Registeel|56/262\n|-unboost|p1a: Scyther|def|1\n|-unboost|p1a: Scyther|spd|1\n|\n|-heal|p2a: Registeel|72/262|[from] item: Leftovers\n|upkeep\n|turn|14\n|\n|t:|1782796771\n|move|p2a: Registeel|Iron Head|p1a: Scyther\n|-damage|p1a: Scyther|1/249 par\n|cant|p1a: Scyther|flinch\n|\n|-heal|p2a: Registeel|88/262|[from] item: Leftovers\n|upkeep\n|turn|15\n|\n|t:|1782796785\n|move|p2a: Registeel|Stealth Rock|p1a: Scyther\n|-sidestart|p1: minitops|move: Stealth Rock\n|cant|p1a: Scyther|par\n|\n|-heal|p2a: Registeel|104/262|[from] item: Leftovers\n|upkeep\n|turn|16\n|\n|t:|1782796791\n|move|p2a: Registeel|Iron Head|p1a: Scyther\n|-damage|p1a: Scyther|0 fnt\n|faint|p1a: Scyther\n|\n|-heal|p2a: Registeel|120/262|[from] item: Leftovers\n|upkeep\n|\n|t:|1782796810\n|switch|p1a: Deoxys|Deoxys-Attack, L72|153/191\n|-damage|p1a: Deoxys|130/191|[from] Stealth Rock\n|-ability|p1a: Deoxys|Pressure\n|turn|17\n|\n|t:|1782796819\n|switch|p2a: Hawlucha|Hawlucha, L80, M|256/256\n|move|p1a: Deoxys|Superpower|p2a: Hawlucha\n|-resisted|p2a: Hawlucha\n|-damage|p2a: Hawlucha|183/256\n|-unboost|p1a: Deoxys|atk|1\n|-unboost|p1a: Deoxys|def|1\n|-damage|p1a: Deoxys|111/191|[from] item: Life Orb\n|\n|upkeep\n|turn|18\n|\n|t:|1782796825\n|switch|p2a: Registeel|Registeel, L81|120/262\n|move|p1a: Deoxys|Ice Beam|p2a: Registeel\n|-resisted|p2a: Registeel\n|-damage|p2a: Registeel|86/262\n|-damage|p1a: Deoxys|92/191|[from] item: Life Orb\n|\n|-heal|p2a: Registeel|102/262|[from] item: Leftovers\n|upkeep\n|turn|19\n|\n|t:|1782796834\n|move|p1a: Deoxys|Superpower|p2a: Registeel\n|-supereffective|p2a: Registeel\n|-damage|p2a: Registeel|0 fnt\n|-unboost|p1a: Deoxys|atk|1\n|-unboost|p1a: Deoxys|def|1\n|faint|p2a: Registeel\n|-damage|p1a: Deoxys|73/191|[from] item: Life Orb\n|\n|upkeep\n|\n|t:|1782796861\n|switch|p2a: Lurantis|Lurantis, L87, M|264/264\n|turn|20\n|\n|t:|1782796869\n|move|p1a: Deoxys|Psycho Boost|p2a: Lurantis|[miss]\n|-miss|p1a: Deoxys|p2a: Lurantis\n|move|p2a: Lurantis|Superpower|p1a: Deoxys\n|-resisted|p1a: Deoxys\n|-damage|p1a: Deoxys|0 fnt\n|-boost|p2a: Lurantis|atk|1\n|-boost|p2a: Lurantis|def|1\n|faint|p1a: Deoxys\n|\n|upkeep\n|\n|t:|1782796878\n|switch|p1a: Salamence|Salamence, L77, F|273/273\n|-ability|p1a: Salamence|Intimidate|boost\n|-boost|p2a: Lurantis|atk|1\n|turn|21\n|\n|t:|1782796885\n|move|p1a: Salamence|Dragon Dance|p1a: Salamence\n|-boost|p1a: Salamence|atk|1\n|-boost|p1a: Salamence|spe|1\n|move|p2a: Lurantis|Superpower|p1a: Salamence\n|-resisted|p1a: Salamence\n|-damage|p1a: Salamence|165/273\n|-boost|p2a: Lurantis|atk|1\n|-boost|p2a: Lurantis|def|1\n|\n|upkeep\n|turn|22\n|\n|t:|1782796896\n|-terastallize|p2a: Lurantis|Water\n|move|p1a: Salamence|Dual Wingbeat|p2a: Lurantis\n|-damage|p2a: Lurantis|230/264\n|-damage|p2a: Lurantis|196/264\n|-hitcount|p2a: Lurantis|2\n|move|p2a: Lurantis|Knock Off|p1a: Salamence\n|-damage|p1a: Salamence|0 fnt\n|-enditem|p1a: Salamence|Heavy-Duty Boots|[from] move: Knock Off|[of] p2a: Lurantis\n|faint|p1a: Salamence\n|\n|upkeep\n|\n|t:|1782796903\n|switch|p1a: Cacturne|Cacturne, L92, F|278/278\n|-damage|p1a: Cacturne|244/278|[from] Stealth Rock\n|turn|23\n|\n|t:|1782796908\n|move|p1a: Cacturne|Seed Bomb|p2a: Lurantis\n|-supereffective|p2a: Lurantis\n|-damage|p2a: Lurantis|48/264\n|-damage|p1a: Cacturne|217/278|[from] item: Life Orb\n|move|p2a: Lurantis|Superpower|p1a: Cacturne\n|-supereffective|p1a: Cacturne\n|-damage|p1a: Cacturne|0 fnt\n|-boost|p2a: Lurantis|atk|1\n|-boost|p2a: Lurantis|def|1\n|faint|p1a: Cacturne\n|\n|win|mahomesthegoat\n", "inputlog": ">version f8ac14003a5f27e1bdc8d8c59608a773c1cb96e5\n>start {\"formatid\":\"gen9randombattle\",\"seed\":\"sodium,7cdc550f9f969be7537eb3afcfd952ed\",\"rated\":\"Rated battle\"}\n>player p1 {\"name\":\"minitops\",\"avatar\":\"102\",\"rating\":2084,\"seed\":\"sodium,dcb797b54357303882c50c3a2022c546\"}\n>player p2 {\"name\":\"mahomesthegoat\",\"avatar\":\"102\",\"rating\":2134,\"seed\":\"sodium,db8087919479a73171bfd85c9ae361bc\"}\n>p1 move meteorbeam\n>p2 switch 4\n>p1 move energyball\n>p2 switch 4\n>p1 move psyshock\n>p2 move surf\n>p2 switch 3\n>p1 move psyshock\n>p2 move sludgewave\n>p1 switch 5\n>p1 move psychoboost\n>p2 switch 2\n>p1 switch 3\n>p2 switch 2\n>p1 move nastyplot\n>p2 move meteorbeam\n>p1 move thunderbolt\n>p2 move sludgewave\n>p2 switch 5\n>p1 move thunderbolt\n>p2 move throatchop\n>p1 switch 3\n>p1 move psychoboost\n>p2 switch 2\n>p1 switch 2\n>p2 move thunderwave\n>p1 move closecombat\n>p2 move ironhead\n>p1 move closecombat\n>p2 move ironhead\n>p1 move closecombat\n>p2 move ironhead\n>p1 move closecombat\n>p2 move stealthrock\n>p1 move closecombat\n>p2 move ironhead\n>p1 switch 2\n>p1 move superpower\n>p2 switch 2\n>p1 move icebeam\n>p2 switch 2\n>p1 move superpower\n>p2 move thunderwave\n>p2 switch 6\n>p1 move psychoboost\n>p2 move superpower\n>p1 switch 6\n>p1 move dragondance\n>p2 move superpower\n>p1 move dualwingbeat\n>p2 move knockoff terastallize\n>p1 switch 4\n>p1 move seedbomb\n>p2 move superpower", "uploadtime": 1782796526, "views": 3, "formatid": "gen9randombattle", "rating": null, "private": 0, "password": null, "player_dets": [{"name": "minitops", "avatar": "102", "rating": 2084, "seed": "sodium,dcb797b54357303882c50c3a2022c546"}, {"name": "mahomesthegoat", "avatar": "102", "rating": 2134, "seed": "sodium,db8087919479a73171bfd85c9ae361bc"}], "teams_full": [{"Armarouge": {"name": "Armarouge", "species": "Armarouge", "speciesId": "armarouge", "gender": "F", "shiny": false, "level": 80, "moves": ["energyball", "psyshock", "armorcannon", "meteorbeam"], "ability": "Weak Armor", "evs": {"hp": 85, "atk": 0, "def": 85, "spa": 85, "spd": 85, "spe": 85}, "ivs": {"hp": 31, "atk": 0, "def": 31, "spa": 31, "spd": 31, "spe": 31}, "item": "Power Herb", "teraType": "Fire", "role": "Setup Sweeper", "bvs": {"hp": 85, "atk": 60, "def": 100, "spa": 125, "spd": 80, "spe": 75}, "stats": {"hp": 267, "atk": 101, "def": 206, "spa": 246, "spd": 174, "spe": 166}, "types": ["Fire", "Psychic"]}, "Scyther": {"name": "Scyther", "species": "Scyther", "speciesId": "scyther", "gender": "M", "shiny": false, "level": 82, "moves": ["defog", "closecombat", "dualwingbeat", "uturn"], "ability": "Technician", "evs": {"hp": 85, "atk": 85, "def": 85, "spa": 85, "spd": 85, "spe": 85}, "ivs": {"hp": 31, "atk": 31, "def": 31, "spa": 31, "spd": 31, "spe": 31}, "item": "Heavy-Duty Boots", "teraType": "Fighting", "role": "Fast Support", "bvs": {"hp": 70, "atk": 110, "def": 80, "spa": 55, "spd": 80, "spe": 105}, "stats": {"hp": 249, "atk": 228, "def": 178, "spa": 137, "spd": 178, "spe": 219}, "types": ["Bug", "Flying"]}, "Rotom": {"name": "Rotom", "species": "Rotom", "speciesId": "rotom", "gender": "N", "shiny": false, "level": 88, "moves": ["willowisp", "nastyplot", "shadowball", "thunderbolt"], "ability": "Levitate", "evs": {"hp": 85, "atk": 0, "def": 85, "spa": 85, "spd": 85, "spe": 85}, "ivs": {"hp": 31, "atk": 0, "def": 31, "spa": 31, "spd": 31, "spe": 31}, "item": "Life Orb", "teraType": "Ghost", "role": "Fast Attacker", "bvs": {"hp": 50, "atk": 50, "def": 77, "spa": 95, "spd": 77, "spe": 91}, "stats": {"hp": 231, "atk": 93, "def": 186, "spa": 217, "spd": 186, "spe": 210}, "types": ["Electric", "Ghost"]}, "Cacturne": {"name": "Cacturne", "species": "Cacturne", "speciesId": "cacturne", "gender": "F", "shiny": false, "level": 92, "moves": ["seedbomb", "suckerpunch", "swordsdance", "knockoff"], "ability": "Water Absorb", "evs": {"hp": 85, "atk": 85, "def": 85, "spa": 85, "spd": 85, "spe": 85}, "ivs": {"hp": 31, "atk": 31, "def": 31, "spa": 31, "spd": 31, "spe": 31}, "item": "Life Orb", "teraType": "Dark", "role": "Setup Sweeper", "bvs": {"hp": 70, "atk": 115, "def": 60, "spa": 115, "spd": 60, "spe": 55}, "stats": {"hp": 278, "atk": 264, "def": 163, "spa": 264, "spd": 163, "spe": 154}, "types": ["Grass", "Dark"]}, "Deoxys": {"name": "Deoxys", "species": "Deoxys-Attack", "speciesId": "deoxysattack", "gender": "N", "shiny": false, "level": 72, "moves": ["knockoff", "psychoboost", "superpower", "icebeam"], "ability": "Pressure", "evs": {"hp": 85, "atk": 85, "def": 85, "spa": 85, "spd": 85, "spe": 85}, "ivs": {"hp": 31, "atk": 31, "def": 31, "spa": 31, "spd": 31, "spe": 31}, "item": "Life Orb", "teraType": "Dark", "role": "Wallbreaker", "bvs": {"hp": 50, "atk": 180, "def": 20, "spa": 180, "spd": 20, "spe": 150}, "stats": {"hp": 191, "atk": 301, "def": 71, "spa": 301, "spd": 71, "spe": 258}, "types": ["Psychic"]}, "Salamence": {"name": "Salamence", "species": "Salamence", "speciesId": "salamence", "gender": "F", "shiny": false, "level": 77, "moves": ["earthquake", "dragondance", "outrage", "dualwingbeat"], "ability": "Intimidate", "evs": {"hp": 85, "atk": 85, "def": 85, "spa": 85, "spd": 85, "spe": 85}, "ivs": {"hp": 31, "atk": 31, "def": 31, "spa": 31, "spd": 31, "spe": 31}, "item": "Heavy-Duty Boots", "teraType": "Ground", "role": "Setup Sweeper", "bvs": {"hp": 95, "atk": 135, "def": 80, "spa": 110, "spd": 80, "spe": 100}, "stats": {"hp": 273, "atk": 252, "def": 168, "spa": 214, "spd": 168, "spe": 199}, "types": ["Dragon", "Flying"]}}, {"Pikachu": {"name": "Pikachu", "species": "Pikachu", "speciesId": "pikachu", "gender": "F", "shiny": false, "level": 93, "moves": ["volttackle", "playrough", "knockoff", "surf"], "ability": "Lightning Rod", "evs": {"hp": 85, "atk": 85, "def": 85, "spa": 85, "spd": 85, "spe": 85}, "ivs": {"hp": 31, "atk": 31, "def": 31, "spa": 31, "spd": 31, "spe": 31}, "item": "Light Ball", "teraType": "Water", "role": "Fast Attacker", "bvs": {"hp": 35, "atk": 55, "def": 40, "spa": 50, "spd": 50, "spe": 90}, "stats": {"hp": 216, "atk": 155, "def": 127, "spa": 146, "spd": 146, "spe": 220}, "types": ["Electric"]}, "Registeel": {"name": "Registeel", "species": "Registeel", "speciesId": "registeel", "gender": "N", "shiny": false, "level": 81, "moves": ["bodypress", "stealthrock", "ironhead", "thunderwave"], "ability": "Clear Body", "evs": {"hp": 85, "atk": 85, "def": 85, "spa": 85, "spd": 85, "spe": 85}, "ivs": {"hp": 31, "atk": 31, "def": 31, "spa": 31, "spd": 31, "spe": 31}, "item": "Leftovers", "teraType": "Fighting", "role": "Bulky Support", "bvs": {"hp": 80, "atk": 75, "def": 150, "spa": 75, "spd": 150, "spe": 50}, "stats": {"hp": 262, "atk": 168, "def": 290, "spa": 168, "spd": 290, "spe": 128}, "types": ["Steel"]}, "Glimmora": {"name": "Glimmora", "species": "Glimmora", "speciesId": "glimmora", "gender": "M", "shiny": false, "level": 75, "moves": ["sludgewave", "earthpower", "energyball", "meteorbeam"], "ability": "Toxic Debris", "evs": {"hp": 85, "atk": 0, "def": 85, "spa": 85, "spd": 85, "spe": 85}, "ivs": {"hp": 31, "atk": 0, "def": 31, "spa": 31, "spd": 31, "spe": 31}, "item": "Power Herb", "teraType": "Grass", "role": "Setup Sweeper", "bvs": {"hp": 83, "atk": 55, "def": 90, "spa": 130, "spd": 81, "spe": 86}, "stats": {"hp": 248, "atk": 87, "def": 179, "spa": 239, "spd": 165, "spe": 173}, "types": ["Rock", "Poison"]}, "Gastrodon": {"name": "Gastrodon", "species": "Gastrodon-East", "speciesId": "gastrodon", "gender": "F", "shiny": false, "level": 86, "moves": ["earthquake", "recover", "sludgebomb", "surf"], "ability": "Storm Drain", "evs": {"hp": 85, "atk": 85, "def": 85, "spa": 85, "spd": 85, "spe": 85}, "ivs": {"hp": 31, "atk": 31, "def": 31, "spa": 31, "spd": 31, "spe": 31}, "item": "Leftovers", "teraType": "Poison", "role": "Bulky Support", "bvs": {"hp": 111, "atk": 83, "def": 68, "spa": 92, "spd": 82, "spe": 39}, "stats": {"hp": 331, "atk": 192, "def": 166, "spa": 207, "spd": 190, "spe": 116}, "types": ["Water", "Ground"]}, "Hawlucha": {"name": "Hawlucha", "species": "Hawlucha", "speciesId": "hawlucha", "gender": "M", "shiny": false, "level": 80, "moves": ["swordsdance", "throatchop", "closecombat", "acrobatics"], "ability": "Unburden", "evs": {"hp": 85, "atk": 85, "def": 85, "spa": 85, "spd": 85, "spe": 85}, "ivs": {"hp": 31, "atk": 31, "def": 31, "spa": 31, "spd": 31, "spe": 31}, "item": "White Herb", "teraType": "Flying", "role": "Setup Sweeper", "bvs": {"hp": 78, "atk": 92, "def": 75, "spa": 74, "spd": 63, "spe": 118}, "stats": {"hp": 256, "atk": 193, "def": 166, "spa": 165, "spd": 147, "spe": 235}, "types": ["Fighting", "Flying"]}, "Lurantis": {"name": "Lurantis", "species": "Lurantis", "speciesId": "lurantis", "gender": "M", "shiny": false, "level": 87, "moves": ["leechlife", "knockoff", "leafstorm", "superpower"], "ability": "Contrary", "evs": {"hp": 85, "atk": 85, "def": 85, "spa": 85, "spd": 85, "spe": 85}, "ivs": {"hp": 31, "atk": 31, "def": 31, "spa": 31, "spd": 31, "spe": 31}, "item": "Assault Vest", "teraType": "Water", "role": "AV Pivot", "bvs": {"hp": 70, "atk": 105, "def": 90, "spa": 80, "spd": 90, "spe": 45}, "stats": {"hp": 264, "atk": 232, "def": 206, "spa": 189, "spd": 206, "spe": 128}, "types": ["Grass"]}}]}