{"id": "gen9randombattle-2641495765", "format": "[Gen 9] Random Battle", "players": ["LiLOwl78", "ggtgttfrdrxerrtgv"], "log": "|j|\u2606LiLOwl78\n|j|\u2606ggtgttfrdrxerrtgv\n|t:|1782794448\n|gametype|singles\n|player|p1|LiLOwl78|lady-gen4|1258\n|player|p2|ggtgttfrdrxerrtgv|1|1205\n|gen|9\n|tier|[Gen 9] Random Battle\n|rated|\n|rule|Species Clause: Limit one of each Pok\u00e9mon\n|rule|HP Percentage Mod: HP is shown in percentages\n|rule|Sleep Clause Mod: Limit one foe put to sleep\n|rule|Illusion Level Mod: Illusion disguises the Pok\u00e9mon's true level\n|\n|t:|1782794448\n|teamsize|p1|6\n|teamsize|p2|6\n|start\n|switch|p1a: Skeledirge|Skeledirge, L79, M|294/294\n|switch|p2a: Iron Hands|Iron Hands, L79|373/373\n|turn|1\n|\n|t:|1782794462\n|move|p1a: Skeledirge|Flame Charge|p2a: Iron Hands\n|-damage|p2a: Iron Hands|337/373\n|-boost|p1a: Skeledirge|spe|1\n|move|p2a: Iron Hands|Volt Switch|p1a: Skeledirge\n|-damage|p1a: Skeledirge|246/294\n|\n|t:|1782794465\n|-end|p2a: Iron Hands|Quark Drive|[silent]\n|switch|p2a: Primarina|Primarina, L83, M|268/268|[from] Volt Switch\n|\n|upkeep\n|turn|2\n|\n|t:|1782794475\n|-terastallize|p1a: Skeledirge|Water\n|move|p1a: Skeledirge|Shadow Ball|p2a: Primarina\n|-damage|p2a: Primarina|205/268\n|move|p2a: Primarina|Psychic Noise|p1a: Skeledirge\n|-resisted|p1a: Skeledirge\n|-crit|p1a: Skeledirge\n|-damage|p1a: Skeledirge|156/294\n|-start|p1a: Skeledirge|move: Heal Block\n|\n|-heal|p2a: Primarina|221/268|[from] item: Leftovers\n|upkeep\n|turn|3\n|\n|t:|1782794486\n|move|p1a: Skeledirge|Torch Song|p2a: Primarina\n|-resisted|p2a: Primarina\n|-damage|p2a: Primarina|187/268\n|-boost|p1a: Skeledirge|spa|1\n|move|p2a: Primarina|Moonblast|p1a: Skeledirge\n|-damage|p1a: Skeledirge|14/294\n|\n|-heal|p2a: Primarina|203/268|[from] item: Leftovers\n|-end|p1a: Skeledirge|move: Heal Block\n|upkeep\n|turn|4\n|\n|t:|1782794498\n|move|p1a: Skeledirge|Slack Off|p1a: Skeledirge\n|-heal|p1a: Skeledirge|161/294\n|move|p2a: Primarina|Psychic Noise|p1a: Skeledirge\n|-resisted|p1a: Skeledirge\n|-damage|p1a: Skeledirge|107/294\n|-start|p1a: Skeledirge|move: Heal Block\n|\n|-heal|p2a: Primarina|219/268|[from] item: Leftovers\n|upkeep\n|turn|5\n|\n|t:|1782794513\n|switch|p1a: Bisharp|Bisharp, L79, F|232/232\n|move|p2a: Primarina|Moonblast|p1a: Bisharp\n|-damage|p1a: Bisharp|123/232\n|\n|-heal|p2a: Primarina|235/268|[from] item: Leftovers\n|upkeep\n|turn|6\n|\n|t:|1782794522\n|switch|p2a: Iron Hands|Iron Hands, L79|337/373\n|move|p1a: Bisharp|Stealth Rock|p2a: Iron Hands\n|-sidestart|p2: ggtgttfrdrxerrtgv|move: Stealth Rock\n|\n|upkeep\n|turn|7\n|\n|t:|1782794536\n|switch|p1a: Bruxish|Bruxish, L85, M|254/254\n|move|p2a: Iron Hands|Thunder Punch|p1a: Bruxish\n|-supereffective|p1a: Bruxish\n|-damage|p1a: Bruxish|18/254\n|\n|upkeep\n|turn|8\n|\n|t:|1782794546\n|-end|p2a: Iron Hands|Quark Drive|[silent]\n|switch|p2a: Bronzong|Bronzong, L88|261/261\n|-damage|p2a: Bronzong|245/261|[from] Stealth Rock\n|move|p1a: Bruxish|Psychic Fangs|p2a: Bronzong\n|-resisted|p2a: Bronzong\n|-damage|p2a: Bronzong|205/261\n|\n|-heal|p2a: Bronzong|221/261|[from] item: Leftovers\n|upkeep\n|turn|9\n|\n|t:|1782794557\n|move|p1a: Bruxish|Psychic Fangs|p2a: Bronzong\n|-resisted|p2a: Bronzong\n|-damage|p2a: Bronzong|178/261\n|move|p2a: Bronzong|Body Press|p1a: Bruxish\n|-resisted|p1a: Bruxish\n|-damage|p1a: Bruxish|0 fnt\n|faint|p1a: Bruxish\n|\n|-heal|p2a: Bronzong|194/261|[from] item: Leftovers\n|upkeep\n|\n|t:|1782794574\n|switch|p1a: Skeledirge|Skeledirge, L79, M, tera:Water|107/294\n|turn|10\n|\n|t:|1782794581\n|move|p1a: Skeledirge|Torch Song|p2a: Bronzong\n|-supereffective|p2a: Bronzong\n|-damage|p2a: Bronzong|62/261\n|-boost|p1a: Skeledirge|spa|1\n|move|p2a: Bronzong|Psychic Noise|p1a: Skeledirge\n|-damage|p1a: Skeledirge|16/294\n|-start|p1a: Skeledirge|move: Heal Block\n|\n|-heal|p2a: Bronzong|78/261|[from] item: Leftovers\n|upkeep\n|turn|11\n|\n|t:|1782794594\n|move|p1a: Skeledirge|Flame Charge|p2a: Bronzong\n|-supereffective|p2a: Bronzong\n|-damage|p2a: Bronzong|22/261\n|-boost|p1a: Skeledirge|spe|1\n|move|p2a: Bronzong|Body Press|p1a: Skeledirge\n|-damage|p1a: Skeledirge|0 fnt\n|faint|p1a: Skeledirge\n|\n|-heal|p2a: Bronzong|38/261|[from] item: Leftovers\n|upkeep\n|\n|t:|1782794600\n|switch|p1a: Bisharp|Bisharp, L79, F|123/232\n|turn|12\n|\n|t:|1782794607\n|move|p1a: Bisharp|Sucker Punch||[still]\n|-fail|p1a: Bisharp\n|move|p2a: Bronzong|Iron Defense|p2a: Bronzong\n|-boost|p2a: Bronzong|def|2\n|\n|-heal|p2a: Bronzong|54/261|[from] item: Leftovers\n|upkeep\n|turn|13\n|\n|t:|1782794617\n|move|p1a: Bisharp|Throat Chop|p2a: Bronzong\n|-supereffective|p2a: Bronzong\n|-damage|p2a: Bronzong|0 fnt\n|faint|p2a: Bronzong\n|\n|upkeep\n|\n|t:|1782794619\n|switch|p2a: Slither Wing|Slither Wing, L81|270/270\n|turn|14\n|\n|t:|1782794627\n|move|p2a: Slither Wing|Close Combat|p1a: Bisharp\n|-supereffective|p1a: Bisharp\n|-damage|p1a: Bisharp|0 fnt\n|-unboost|p2a: Slither Wing|def|1\n|-unboost|p2a: Slither Wing|spd|1\n|faint|p1a: Bisharp\n|\n|upkeep\n|\n|t:|1782794635\n|switch|p1a: Cetitan|Cetitan, L82, F|412/412\n|turn|15\n|\n|t:|1782794641\n|move|p2a: Slither Wing|Close Combat|p1a: Cetitan\n|-supereffective|p1a: Cetitan\n|-damage|p1a: Cetitan|26/412\n|-unboost|p2a: Slither Wing|def|1\n|-unboost|p2a: Slither Wing|spd|1\n|-enditem|p1a: Cetitan|Sitrus Berry|[eat]\n|-heal|p1a: Cetitan|129/412|[from] item: Sitrus Berry\n|move|p1a: Cetitan|Belly Drum||[still]\n|-fail|p1a: Cetitan\n|\n|upkeep\n|turn|16\n|\n|t:|1782794650\n|move|p2a: Slither Wing|Close Combat|p1a: Cetitan\n|-supereffective|p1a: Cetitan\n|-damage|p1a: Cetitan|0 fnt\n|-unboost|p2a: Slither Wing|def|1\n|-unboost|p2a: Slither Wing|spd|1\n|faint|p1a: Cetitan\n|\n|upkeep\n|\n|t:|1782794655\n|switch|p1a: Scream Tail|Scream Tail, L84|330/330\n|turn|17\n|\n|t:|1782794666\n|move|p1a: Scream Tail|Wish|p1a: Scream Tail\n|move|p2a: Slither Wing|U-turn|p1a: Scream Tail\n|-damage|p1a: Scream Tail|245/330\n|\n|t:|1782794671\n|-end|p2a: Slither Wing|Protosynthesis|[silent]\n|switch|p2a: Ursaluna|Ursaluna, L79, M|335/335|[from] U-turn\n|-damage|p2a: Ursaluna|315/335|[from] Stealth Rock\n|\n|-heal|p1a: Scream Tail|265/330|[from] item: Leftovers\n|-status|p2a: Ursaluna|brn|[from] item: Flame Orb\n|upkeep\n|turn|18\n|\n|t:|1782794683\n|move|p1a: Scream Tail|Play Rough|p2a: Ursaluna\n|-damage|p2a: Ursaluna|249/335 brn\n|move|p2a: Ursaluna|Facade|p1a: Scream Tail\n|-damage|p1a: Scream Tail|33/330\n|\n|-heal|p1a: Scream Tail|198/330|[from] move: Wish|[wisher] Scream Tail\n|-heal|p1a: Scream Tail|218/330|[from] item: Leftovers\n|-damage|p2a: Ursaluna|229/335 brn|[from] brn\n|upkeep\n|turn|19\n|\n|t:|1782794698\n|move|p1a: Scream Tail|Protect|p1a: Scream Tail\n|-singleturn|p1a: Scream Tail|Protect\n|move|p2a: Ursaluna|Facade|p1a: Scream Tail\n|-activate|p1a: Scream Tail|move: Protect\n|\n|-heal|p1a: Scream Tail|238/330|[from] item: Leftovers\n|-damage|p2a: Ursaluna|209/335 brn|[from] brn\n|upkeep\n|turn|20\n|\n|t:|1782794707\n|-terastallize|p2a: Ursaluna|Normal\n|move|p1a: Scream Tail|Play Rough|p2a: Ursaluna\n|-damage|p2a: Ursaluna|143/335 brn\n|move|p2a: Ursaluna|Facade|p1a: Scream Tail\n|-damage|p1a: Scream Tail|0 fnt\n|faint|p1a: Scream Tail\n|-end|p1a: Scream Tail|Protosynthesis|[silent]\n|\n|-damage|p2a: Ursaluna|123/335 brn|[from] brn\n|upkeep\n|\n|t:|1782794715\n|switch|p1a: Wugtrio|Wugtrio, L91, F|212/212\n|turn|21\n|\n|t:|1782794726\n|move|p1a: Wugtrio|Stomping Tantrum|p2a: Ursaluna\n|-damage|p2a: Ursaluna|31/335 brn\n|move|p2a: Ursaluna|Facade|p1a: Wugtrio\n|-damage|p1a: Wugtrio|0 fnt\n|-ability|p1a: Wugtrio|Gooey\n|-unboost|p2a: Ursaluna|spe|1\n|faint|p1a: Wugtrio\n|\n|win|ggtgttfrdrxerrtgv\n|raw|LiLOwl78's rating: 1258 &rarr; <strong>1229</strong><br />(-29 for losing)\n|raw|ggtgttfrdrxerrtgv's rating: 1205 &rarr; <strong>1234</strong><br />(+29 for winning)\n|l|\u2606LiLOwl78\n|player|p1|\n", "inputlog": ">version f8ac14003a5f27e1bdc8d8c59608a773c1cb96e5\n>start {\"formatid\":\"gen9randombattle\",\"seed\":\"sodium,da17f91c479e814abfcfae918f89d0bb\",\"rated\":\"Rated battle\"}\n>player p1 {\"name\":\"LiLOwl78\",\"avatar\":\"lady-gen4\",\"rating\":1258,\"seed\":\"sodium,edb96363ba991e52f0b96be22b406c07\"}\n>player p2 {\"name\":\"ggtgttfrdrxerrtgv\",\"avatar\":\"1\",\"rating\":1205,\"seed\":\"sodium,71d05301b6c989bc56723d827082105c\"}\n>p1 move flamecharge\n>p2 move voltswitch\n>p2 switch 2\n>p1 move shadowball terastallize\n>p2 move psychicnoise\n>p1 move torchsong\n>p2 move moonblast\n>p1 move slackoff\n>p2 move psychicnoise\n>p1 switch 2\n>p2 move moonblast\n>p1 move stealthrock\n>p2 switch 2\n>p1 switch 3\n>p2 move thunderpunch\n>p1 move psychicfangs\n>p2 switch 6\n>p1 move psychicfangs\n>p2 move bodypress\n>p1 switch 2\n>p1 move torchsong\n>p2 move psychicnoise\n>p1 move flamecharge\n>p2 move bodypress\n>p1 switch 3\n>p1 move suckerpunch\n>p2 move irondefense\n>p1 move throatchop\n>p2 move bodypress\n>p2 switch 3\n>p1 move ironhead\n>p2 move closecombat\n>p1 switch 6\n>p1 move bellydrum\n>p2 move closecombat\n>p1 move icespinner\n>p2 move closecombat\n>p1 switch 5\n>p1 move wish\n>p2 move uturn\n>p2 switch 5\n>p1 move playrough\n>p2 move facade\n>p1 move protect\n>p2 move facade\n>p1 move playrough\n>p2 move facade terastallize\n>p1 switch 4\n>p1 move stompingtantrum\n>p2 move facade", "uploadtime": 1782794732, "views": 5, "formatid": "gen9randombattle", "rating": 1229, "private": 0, "password": null, "player_dets": [{"name": "LiLOwl78", "avatar": "lady-gen4", "rating": 1258, "seed": "sodium,edb96363ba991e52f0b96be22b406c07"}, {"name": "ggtgttfrdrxerrtgv", "avatar": "1", "rating": 1205, "seed": "sodium,71d05301b6c989bc56723d827082105c"}], "teams_full": [{"Skeledirge": {"name": "Skeledirge", "species": "Skeledirge", "speciesId": "skeledirge", "gender": "M", "shiny": false, "level": 79, "moves": ["slackoff", "shadowball", "flamecharge", "torchsong"], "ability": "Unaware", "evs": {"hp": 85, "atk": 85, "def": 85, "spa": 85, "spd": 85, "spe": 85}, "ivs": {"hp": 31, "atk": 31, "def": 31, "spa": 31, "spd": 31, "spe": 31}, "item": "Heavy-Duty Boots", "teraType": "Water", "role": "Bulky Attacker", "bvs": {"hp": 104, "atk": 75, "def": 100, "spa": 110, "spd": 75, "spe": 66}, "stats": {"hp": 294, "atk": 164, "def": 204, "spa": 219, "spd": 164, "spe": 150}, "types": ["Fire", "Ghost"]}, "Bisharp": {"name": "Bisharp", "species": "Bisharp", "speciesId": "bisharp", "gender": "F", "shiny": false, "level": 79, "moves": ["stealthrock", "ironhead", "suckerpunch", "throatchop"], "ability": "Defiant", "evs": {"hp": 85, "atk": 85, "def": 85, "spa": 85, "spd": 85, "spe": 85}, "ivs": {"hp": 31, "atk": 31, "def": 31, "spa": 31, "spd": 31, "spe": 31}, "item": "Eviolite", "teraType": "Ghost", "role": "Bulky Attacker", "bvs": {"hp": 65, "atk": 125, "def": 100, "spa": 60, "spd": 70, "spe": 70}, "stats": {"hp": 232, "atk": 243, "def": 204, "spa": 140, "spd": 156, "spe": 156}, "types": ["Dark", "Steel"]}, "Bruxish": {"name": "Bruxish", "species": "Bruxish", "speciesId": "bruxish", "gender": "M", "shiny": false, "level": 85, "moves": ["icefang", "crunch", "wavecrash", "psychicfangs"], "ability": "Strong Jaw", "evs": {"hp": 85, "atk": 85, "def": 85, "spa": 85, "spd": 85, "spe": 85}, "ivs": {"hp": 31, "atk": 31, "def": 31, "spa": 31, "spd": 31, "spe": 31}, "item": "Choice Band", "teraType": "Dark", "role": "Fast Attacker", "bvs": {"hp": 68, "atk": 105, "def": 70, "spa": 70, "spd": 70, "spe": 92}, "stats": {"hp": 254, "atk": 227, "def": 168, "spa": 168, "spd": 168, "spe": 205}, "types": ["Water", "Psychic"]}, "Wugtrio": {"name": "Wugtrio", "species": "Wugtrio", "speciesId": "wugtrio", "gender": "F", "shiny": false, "level": 91, "moves": ["aquajet", "liquidation", "stompingtantrum", "throatchop"], "ability": "Gooey", "evs": {"hp": 85, "atk": 85, "def": 85, "spa": 85, "spd": 85, "spe": 85}, "ivs": {"hp": 31, "atk": 31, "def": 31, "spa": 31, "spd": 31, "spe": 31}, "item": "Choice Band", "teraType": "Dark", "role": "Fast Attacker", "bvs": {"hp": 35, "atk": 100, "def": 50, "spa": 50, "spd": 70, "spe": 120}, "stats": {"hp": 212, "atk": 234, "def": 143, "spa": 143, "spd": 179, "spe": 270}, "types": ["Water"]}, "Scream Tail": {"name": "Scream Tail", "species": "Scream Tail", "speciesId": "screamtail", "gender": "N", "shiny": false, "level": 84, "moves": ["playrough", "protect", "encore", "wish"], "ability": "Protosynthesis", "evs": {"hp": 85, "atk": 85, "def": 85, "spa": 85, "spd": 85, "spe": 85}, "ivs": {"hp": 31, "atk": 31, "def": 31, "spa": 31, "spd": 31, "spe": 31}, "item": "Leftovers", "teraType": "Steel", "role": "Bulky Support", "bvs": {"hp": 115, "atk": 65, "def": 99, "spa": 65, "spd": 115, "spe": 111}, "stats": {"hp": 330, "atk": 157, "def": 215, "spa": 157, "spd": 241, "spe": 235}, "types": ["Fairy", "Psychic"]}, "Cetitan": {"name": "Cetitan", "species": "Cetitan", "speciesId": "cetitan", "gender": "F", "shiny": false, "level": 82, "moves": ["iceshard", "bellydrum", "icespinner", "earthquake"], "ability": "Thick Fat", "evs": {"hp": 81, "atk": 85, "def": 85, "spa": 85, "spd": 85, "spe": 85}, "ivs": {"hp": 31, "atk": 31, "def": 31, "spa": 31, "spd": 31, "spe": 31}, "item": "Sitrus Berry", "teraType": "Ice", "role": "Bulky Setup", "bvs": {"hp": 170, "atk": 113, "def": 65, "spa": 45, "spd": 55, "spe": 73}, "stats": {"hp": 412, "atk": 232, "def": 154, "spa": 121, "spd": 137, "spe": 167}, "types": ["Ice"]}}, {"Iron Hands": {"name": "Iron Hands", "species": "Iron Hands", "speciesId": "ironhands", "gender": "N", "shiny": false, "level": 79, "moves": ["voltswitch", "closecombat", "heavyslam", "thunderpunch"], "ability": "Quark Drive", "evs": {"hp": 85, "atk": 85, "def": 85, "spa": 85, "spd": 85, "spe": 85}, "ivs": {"hp": 31, "atk": 31, "def": 31, "spa": 31, "spd": 31, "spe": 31}, "item": "Assault Vest", "teraType": "Electric", "role": "AV Pivot", "bvs": {"hp": 154, "atk": 140, "def": 108, "spa": 50, "spd": 68, "spe": 50}, "stats": {"hp": 373, "atk": 267, "def": 216, "spa": 125, "spd": 153, "spe": 125}, "types": ["Fighting", "Electric"]}, "Primarina": {"name": "Primarina", "species": "Primarina", "speciesId": "primarina", "gender": "M", "shiny": false, "level": 83, "moves": ["drainingkiss", "psychicnoise", "moonblast", "calmmind"], "ability": "Liquid Voice", "evs": {"hp": 85, "atk": 0, "def": 85, "spa": 85, "spd": 85, "spe": 85}, "ivs": {"hp": 31, "atk": 0, "def": 31, "spa": 31, "spd": 31, "spe": 31}, "item": "Leftovers", "teraType": "Steel", "role": "Bulky Setup", "bvs": {"hp": 80, "atk": 74, "def": 74, "spa": 126, "spd": 116, "spe": 60}, "stats": {"hp": 268, "atk": 127, "def": 171, "spa": 257, "spd": 240, "spe": 147}, "types": ["Water", "Fairy"]}, "Slither Wing": {"name": "Slither Wing", "species": "Slither Wing", "speciesId": "slitherwing", "gender": "N", "shiny": false, "level": 81, "moves": ["willowisp", "closecombat", "morningsun", "uturn"], "ability": "Protosynthesis", "evs": {"hp": 85, "atk": 85, "def": 85, "spa": 85, "spd": 85, "spe": 85}, "ivs": {"hp": 31, "atk": 31, "def": 31, "spa": 31, "spd": 31, "spe": 31}, "item": "Heavy-Duty Boots", "teraType": "Fire", "role": "Fast Support", "bvs": {"hp": 85, "atk": 135, "def": 79, "spa": 85, "spd": 105, "spe": 81}, "stats": {"hp": 270, "atk": 265, "def": 175, "spa": 184, "spd": 217, "spe": 178}, "types": ["Bug", "Fighting"]}, "Kyurem": {"name": "Kyurem", "species": "Kyurem", "speciesId": "kyurem", "gender": "N", "shiny": false, "level": 77, "moves": ["icebeam", "earthpower", "freezedry", "dracometeor"], "ability": "Pressure", "evs": {"hp": 85, "atk": 0, "def": 85, "spa": 85, "spd": 85, "spe": 85}, "ivs": {"hp": 31, "atk": 0, "def": 31, "spa": 31, "spd": 31, "spe": 31}, "item": "Choice Specs", "teraType": "Ground", "role": "Wallbreaker", "bvs": {"hp": 125, "atk": 130, "def": 90, "spa": 130, "spd": 90, "spe": 95}, "stats": {"hp": 319, "atk": 205, "def": 183, "spa": 245, "spd": 183, "spe": 191}, "types": ["Dragon", "Ice"]}, "Ursaluna": {"name": "Ursaluna", "species": "Ursaluna", "speciesId": "ursaluna", "gender": "M", "shiny": false, "level": 79, "moves": ["trailblaze", "throatchop", "headlongrush", "facade"], "ability": "Guts", "evs": {"hp": 85, "atk": 85, "def": 85, "spa": 85, "spd": 85, "spe": 85}, "ivs": {"hp": 31, "atk": 31, "def": 31, "spa": 31, "spd": 31, "spe": 31}, "item": "Flame Orb", "teraType": "Normal", "role": "Bulky Attacker", "bvs": {"hp": 130, "atk": 140, "def": 105, "spa": 45, "spd": 80, "spe": 50}, "stats": {"hp": 335, "atk": 267, "def": 211, "spa": 117, "spd": 172, "spe": 125}, "types": ["Ground", "Normal"]}, "Bronzong": {"name": "Bronzong", "species": "Bronzong", "speciesId": "bronzong", "gender": "N", "shiny": false, "level": 88, "moves": ["irondefense", "bodypress", "ironhead", "psychicnoise"], "ability": "Levitate", "evs": {"hp": 85, "atk": 85, "def": 85, "spa": 85, "spd": 85, "spe": 85}, "ivs": {"hp": 31, "atk": 31, "def": 31, "spa": 31, "spd": 31, "spe": 31}, "item": "Leftovers", "teraType": "Fighting", "role": "Bulky Setup", "bvs": {"hp": 67, "atk": 89, "def": 116, "spa": 79, "spd": 116, "spe": 33}, "stats": {"hp": 261, "atk": 207, "def": 254, "spa": 189, "spd": 254, "spe": 108}, "types": ["Steel", "Psychic"]}}]}