{"id": "gen9randombattle-2641508512", "format": "[Gen 9] Random Battle", "players": ["unioll", "desmond mile"], "log": "|j|\u2606unioll\n|j|\u2606desmond mile\n|t:|1782797074\n|gametype|singles\n|player|p1|unioll|102|1946\n|player|p2|desmond mile|1|1958\n|gen|9\n|tier|[Gen 9] Random Battle\n|rated|\n|rule|Species Clause: Limit one of each Pok\u00e9mon\n|rule|HP Percentage Mod: HP is shown in percentages\n|rule|Sleep Clause Mod: Limit one foe put to sleep\n|rule|Illusion Level Mod: Illusion disguises the Pok\u00e9mon's true level\n|\n|t:|1782797074\n|teamsize|p1|6\n|teamsize|p2|6\n|start\n|switch|p1a: Arbok|Arbok, L87, F|246/246\n|switch|p2a: Pyroar|Pyroar, L88, F|295/295\n|-ability|p2a: Pyroar|Unnerve\n|-ability|p1a: Arbok|Intimidate|boost\n|-unboost|p2a: Pyroar|atk|1\n|turn|1\n|inactive|Battle timer is ON: inactive players will automatically lose when time's up. (requested by unioll)\n|\n|t:|1782797096\n|move|p2a: Pyroar|Hyper Voice|p1a: Arbok\n|-damage|p1a: Arbok|123/246\n|move|p1a: Arbok|Glare|p2a: Pyroar\n|-status|p2a: Pyroar|par\n|\n|upkeep\n|turn|2\n|\n|t:|1782797123\n|move|p1a: Arbok|Earthquake|p2a: Pyroar\n|-supereffective|p2a: Pyroar\n|-damage|p2a: Pyroar|97/295 par\n|-damage|p1a: Arbok|99/246|[from] item: Life Orb\n|move|p2a: Pyroar|Hyper Voice|p1a: Arbok\n|-damage|p1a: Arbok|0 fnt\n|faint|p1a: Arbok\n|\n|upkeep\n|inactive|unioll has 120 seconds left.\n|\n|t:|1782797139\n|switch|p1a: Dedenne|Dedenne, L88, F|261/261\n|turn|3\n|\n|t:|1782797161\n|switch|p2a: Pachirisu|Pachirisu, L96, F|271/271\n|move|p1a: Dedenne|Thunderbolt|p2a: Pachirisu\n|-immune|p2a: Pachirisu|[from] ability: Volt Absorb\n|\n|upkeep\n|turn|4\n|\n|t:|1782797172\n|move|p2a: Pachirisu|U-turn|p1a: Dedenne\n|-resisted|p1a: Dedenne\n|-damage|p1a: Dedenne|235/261\n|\n|t:|1782797180\n|switch|p2a: Pyroar|Pyroar, L88, F|97/295 par|[from] U-turn\n|-ability|p2a: Pyroar|Unnerve\n|move|p1a: Dedenne|U-turn|p2a: Pyroar\n|-resisted|p2a: Pyroar\n|-damage|p2a: Pyroar|74/295 par\n|inactive|unioll has 120 seconds left.\n|\n|t:|1782797198\n|switch|p1a: Regirock|Regirock, L83|268/268|[from] U-turn\n|\n|upkeep\n|turn|5\n|\n|t:|1782797214\n|switch|p2a: Quagsire|Quagsire, L84, M|297/297\n|move|p1a: Regirock|Body Press|p2a: Quagsire\n|-damage|p2a: Quagsire|200/297\n|\n|-heal|p2a: Quagsire|218/297|[from] item: Leftovers\n|upkeep\n|turn|6\n|inactive|unioll has 120 seconds left.\n|\n|t:|1782797257\n|move|p1a: Regirock|Body Press|p2a: Quagsire\n|-crit|p2a: Quagsire\n|-damage|p2a: Quagsire|49/297\n|move|p2a: Quagsire|Toxic|p1a: Regirock\n|-status|p1a: Regirock|tox\n|\n|-heal|p2a: Quagsire|67/297|[from] item: Leftovers\n|-damage|p1a: Regirock|252/268 tox|[from] psn\n|upkeep\n|turn|7\n|\n|t:|1782797266\n|switch|p2a: Pyroar|Pyroar, L88, F|74/295 par\n|-ability|p2a: Pyroar|Unnerve\n|move|p1a: Regirock|Body Press|p2a: Pyroar\n|-supereffective|p2a: Pyroar\n|-crit|p2a: Pyroar\n|-damage|p2a: Pyroar|0 fnt\n|faint|p2a: Pyroar\n|\n|-heal|p1a: Regirock|268/268 tox|[from] item: Leftovers\n|-damage|p1a: Regirock|236/268 tox|[from] psn\n|upkeep\n|\n|t:|1782797279\n|switch|p2a: Hippowdon|Hippowdon, L82, F|311/311\n|-weather|Sandstorm|[from] ability: Sand Stream|[of] p2a: Hippowdon\n|turn|8\n|inactive|unioll has 90 seconds left.\n|\n|t:|1782797304\n|move|p1a: Regirock|Iron Defense|p1a: Regirock\n|-boost|p1a: Regirock|def|2\n|move|p2a: Hippowdon|Curse|p2a: Hippowdon\n|-unboost|p2a: Hippowdon|spe|1\n|-boost|p2a: Hippowdon|atk|1\n|-boost|p2a: Hippowdon|def|1\n|\n|-weather|Sandstorm|[upkeep]\n|-heal|p1a: Regirock|252/268 tox|[from] item: Leftovers\n|-damage|p1a: Regirock|204/268 tox|[from] psn\n|upkeep\n|turn|9\n|\n|t:|1782797314\n|move|p1a: Regirock|Iron Defense|p1a: Regirock\n|-boost|p1a: Regirock|def|2\n|move|p2a: Hippowdon|Earthquake|p1a: Regirock\n|-supereffective|p1a: Regirock\n|-damage|p1a: Regirock|144/268 tox\n|\n|-weather|Sandstorm|[upkeep]\n|-heal|p1a: Regirock|160/268 tox|[from] item: Leftovers\n|-damage|p1a: Regirock|96/268 tox|[from] psn\n|upkeep\n|turn|10\n|\n|t:|1782797326\n|move|p1a: Regirock|Body Press|p2a: Hippowdon\n|-damage|p2a: Hippowdon|146/311\n|move|p2a: Hippowdon|Slack Off|p2a: Hippowdon\n|-heal|p2a: Hippowdon|302/311\n|\n|-weather|Sandstorm|[upkeep]\n|-heal|p1a: Regirock|112/268 tox|[from] item: Leftovers\n|-heal|p2a: Hippowdon|311/311|[from] item: Leftovers\n|-damage|p1a: Regirock|32/268 tox|[from] psn\n|upkeep\n|turn|11\n|\n|t:|1782797345\n|switch|p1a: Hydreigon|Hydreigon, L79, M|275/275\n|move|p2a: Hippowdon|Slack Off||[still]\n|-fail|p2a: Hippowdon|heal\n|\n|-weather|Sandstorm|[upkeep]\n|-damage|p1a: Hydreigon|258/275|[from] Sandstorm\n|upkeep\n|turn|12\n|\n|t:|1782797357\n|move|p1a: Hydreigon|Nasty Plot|p1a: Hydreigon\n|-boost|p1a: Hydreigon|spa|2\n|move|p2a: Hippowdon|Stone Edge|p1a: Hydreigon\n|-crit|p1a: Hydreigon\n|-damage|p1a: Hydreigon|72/275\n|\n|-weather|none\n|upkeep\n|turn|13\n|\n|t:|1782797367\n|move|p1a: Hydreigon|Draco Meteor|p2a: Hippowdon\n|-damage|p2a: Hippowdon|0 fnt\n|-unboost|p1a: Hydreigon|spa|2\n|faint|p2a: Hippowdon\n|-damage|p1a: Hydreigon|45/275|[from] item: Life Orb\n|\n|upkeep\n|\n|t:|1782797370\n|switch|p2a: Pachirisu|Pachirisu, L96, F|271/271\n|turn|14\n|\n|t:|1782797377\n|switch|p1a: Dedenne|Dedenne, L88, F|235/261\n|move|p2a: Pachirisu|U-turn|p1a: Dedenne\n|-resisted|p1a: Dedenne\n|-damage|p1a: Dedenne|210/261\n|\n|t:|1782797389\n|switch|p2a: Terapagos|Terapagos, L77, M|265/265|[from] U-turn\n|-activate|p2a: Terapagos|ability: Tera Shift\n|detailschange|p2a: Terapagos|Terapagos-Terastal, L77, M\n|-heal|p2a: Terapagos|273/273|[silent]\n|\n|upkeep\n|turn|15\n|inactive|unioll has 120 seconds left.\n|\n|t:|1782797417\n|move|p1a: Dedenne|Nuzzle|p2a: Terapagos\n|-activate|p2a: Terapagos|ability: Tera Shell\n|-resisted|p2a: Terapagos\n|-damage|p2a: Terapagos|266/273\n|-status|p2a: Terapagos|par\n|move|p2a: Terapagos|Rapid Spin|p1a: Dedenne\n|-damage|p1a: Dedenne|156/261\n|-boost|p2a: Terapagos|spe|1\n|\n|upkeep\n|turn|16\n|\n|t:|1782797427\n|move|p1a: Dedenne|U-turn|p2a: Terapagos\n|-damage|p2a: Terapagos|230/273 par\n|\n|t:|1782797436\n|switch|p1a: Regirock|Regirock, L83|32/268 tox|[from] U-turn\n|cant|p2a: Terapagos|par\n|\n|-heal|p1a: Regirock|48/268 tox|[from] item: Leftovers\n|-damage|p1a: Regirock|32/268 tox|[from] psn\n|upkeep\n|turn|17\n|\n|t:|1782797446\n|switch|p2a: Quagsire|Quagsire, L84, M|67/297\n|move|p1a: Regirock|Body Press|p2a: Quagsire\n|-damage|p2a: Quagsire|0 fnt\n|faint|p2a: Quagsire\n|\n|-heal|p1a: Regirock|48/268 tox|[from] item: Leftovers\n|-damage|p1a: Regirock|16/268 tox|[from] psn\n|upkeep\n|\n|t:|1782797449\n|switch|p2a: Honchkrow|Honchkrow, L86, M|312/312\n|turn|18\n|\n|t:|1782797463\n|switch|p1a: Dedenne|Dedenne, L88, F|156/261\n|move|p2a: Honchkrow|Heat Wave|p1a: Dedenne|[miss]\n|-miss|p2a: Honchkrow|p1a: Dedenne\n|\n|upkeep\n|turn|19\n|\n|t:|1782797471\n|switch|p2a: Terapagos|Terapagos-Terastal, L77, M|230/273 par\n|move|p1a: Dedenne|Thunderbolt|p2a: Terapagos\n|-damage|p2a: Terapagos|137/273 par\n|\n|upkeep\n|turn|20\n|inactive|unioll has 120 seconds left.\n|\n|t:|1782797481\n|move|p1a: Dedenne|Thunderbolt|p2a: Terapagos\n|-damage|p2a: Terapagos|46/273 par\n|move|p2a: Terapagos|Tera Starstorm|p1a: Dedenne\n|-damage|p1a: Dedenne|35/261\n|-enditem|p1a: Dedenne|Sitrus Berry|[eat]\n|-heal|p1a: Dedenne|100/261|[from] item: Sitrus Berry\n|-heal|p1a: Dedenne|187/261|[from] ability: Cheek Pouch\n|\n|upkeep\n|turn|21\n|\n|t:|1782797490\n|move|p1a: Dedenne|Thunderbolt|p2a: Terapagos\n|-damage|p2a: Terapagos|0 fnt\n|faint|p2a: Terapagos\n|\n|upkeep\n|\n|t:|1782797495\n|switch|p2a: Pachirisu|Pachirisu, L96, F|271/271\n|turn|22\n|\n|t:|1782797500\n|move|p2a: Pachirisu|Encore|p1a: Dedenne\n|-start|p1a: Dedenne|Encore\n|move|p1a: Dedenne|Thunderbolt|p2a: Pachirisu\n|-immune|p2a: Pachirisu|[from] ability: Volt Absorb\n|\n|upkeep\n|turn|23\n|\n|t:|1782797506\n|switch|p1a: Regirock|Regirock, L83|16/268 tox\n|move|p2a: Pachirisu|Super Fang|p1a: Regirock|[miss]\n|-miss|p2a: Pachirisu|p1a: Regirock\n|\n|-heal|p1a: Regirock|32/268 tox|[from] item: Leftovers\n|-damage|p1a: Regirock|16/268 tox|[from] psn\n|upkeep\n|turn|24\n|\n|t:|1782797517\n|move|p2a: Pachirisu|Discharge|p1a: Regirock\n|-damage|p1a: Regirock|0 fnt\n|faint|p1a: Regirock\n|\n|upkeep\n|inactive|unioll has 120 seconds left.\n|\n|t:|1782797552\n|switch|p1a: Banette|Banette, L93, F|270/270\n|turn|25\n|inactive|unioll has 120 seconds left.\n|\n|t:|1782797560\n|move|p2a: Pachirisu|Discharge|p1a: Banette\n|-damage|p1a: Banette|195/270\n|move|p1a: Banette|Poltergeist|p2a: Pachirisu\n|-activate|p2a: Pachirisu|move: Poltergeist|Heavy-Duty Boots\n|-damage|p2a: Pachirisu|51/271\n|-damage|p1a: Banette|168/270|[from] item: Life Orb\n|\n|upkeep\n|turn|26\n|\n|t:|1782797569\n|move|p1a: Banette|Shadow Sneak|p2a: Pachirisu\n|-damage|p2a: Pachirisu|0 fnt\n|faint|p2a: Pachirisu\n|-damage|p1a: Banette|141/270|[from] item: Life Orb\n|\n|upkeep\n|\n|t:|1782797576\n|switch|p2a: Honchkrow|Honchkrow, L86, M|312/312\n|turn|27\n|\n|t:|1782797585\n|switch|p1a: Meowscarada|Meowscarada, L78, F|247/247\n|move|p2a: Honchkrow|Brave Bird|p1a: Meowscarada\n|-supereffective|p1a: Meowscarada\n|-damage|p1a: Meowscarada|0 fnt\n|faint|p1a: Meowscarada\n|-ability|p2a: Honchkrow|Moxie|boost\n|-boost|p2a: Honchkrow|atk|1\n|-damage|p2a: Honchkrow|230/312|[from] Recoil\n|\n|upkeep\n|\n|t:|1782797601\n|switch|p1a: Dedenne|Dedenne, L88, F|187/261\n|turn|28\n|\n|t:|1782797612\n|-terastallize|p2a: Honchkrow|Flying\n|move|p1a: Dedenne|Thunderbolt|p2a: Honchkrow\n|-supereffective|p2a: Honchkrow\n|-damage|p2a: Honchkrow|0 fnt\n|faint|p2a: Honchkrow\n|\n|win|unioll\n", "inputlog": ">version f8ac14003a5f27e1bdc8d8c59608a773c1cb96e5\n>start {\"formatid\":\"gen9randombattle\",\"seed\":\"sodium,1aea125786f2c8548f45538b9c87892c\",\"rated\":\"Rated battle\"}\n>player p1 {\"name\":\"unioll\",\"avatar\":\"102\",\"rating\":1946,\"seed\":\"sodium,f0cf165a29517523bd4ef72931253128\"}\n>player p2 {\"name\":\"desmond mile\",\"avatar\":\"1\",\"rating\":1958,\"seed\":\"sodium,d6dbc9188812c50b3e56b89ff64c3843\"}\n>p1 move glare\n>p2 move hypervoice\n>p1 move earthquake\n>p2 move hypervoice\n>p1 switch 5\n>p1 move thunderbolt\n>p2 switch 5\n>p1 move uturn\n>p2 move uturn\n>p2 switch 5\n>p1 switch 3\n>p1 move bodypress\n>p2 switch 2\n>p1 move bodypress\n>p2 move toxic\n>p1 move bodypress\n>p2 switch 2\n>p2 switch 6\n>p1 move irondefense\n>p2 move curse\n>p1 move irondefense\n>p2 move earthquake\n>p1 move bodypress\n>p2 move slackoff\n>p1 switch 2\n>p2 move slackoff\n>p1 move nastyplot\n>p2 move stoneedge\n>p1 move dracometeor\n>p2 move stoneedge\n>p2 switch 5\n>p1 switch 3\n>p2 move uturn\n>p2 switch 4\n>p1 move nuzzle\n>p2 move rapidspin\n>p1 move uturn\n>p2 move terastarstorm\n>p1 switch 2\n>p1 move bodypress\n>p2 switch 2\n>p2 switch 3\n>p1 switch 2\n>p2 move heatwave\n>p1 move thunderbolt\n>p2 switch 2\n>p1 move thunderbolt\n>p2 move terastarstorm\n>p1 move thunderbolt\n>p2 move terastarstorm\n>p2 switch 4\n>p1 move uturn\n>p2 move encore\n>p1 switch 2\n>p2 move superfang\n>p1 move stoneedge\n>p2 move discharge\n>p1 switch 6\n>p1 move poltergeist\n>p2 move discharge\n>p1 move shadowsneak\n>p2 move discharge\n>p2 switch 2\n>p1 switch 4\n>p2 move bravebird\n>p1 switch 2\n>p1 move thunderbolt\n>p2 move bravebird terastallize", "uploadtime": 1782797076, "views": 3, "formatid": "gen9randombattle", "rating": null, "private": 0, "password": null, "player_dets": [{"name": "unioll", "avatar": "102", "rating": 1946, "seed": "sodium,f0cf165a29517523bd4ef72931253128"}, {"name": "desmond mile", "avatar": "1", "rating": 1958, "seed": "sodium,d6dbc9188812c50b3e56b89ff64c3843"}], "teams_full": [{"Arbok": {"name": "Arbok", "species": "Arbok", "speciesId": "arbok", "gender": "F", "shiny": false, "level": 87, "moves": ["earthquake", "gunkshot", "knockoff", "glare"], "ability": "Intimidate", "evs": {"hp": 85, "atk": 85, "def": 85, "spa": 85, "spd": 85, "spe": 85}, "ivs": {"hp": 31, "atk": 31, "def": 31, "spa": 31, "spd": 31, "spe": 31}, "item": "Life Orb", "teraType": "Dark", "role": "Fast Support", "bvs": {"hp": 60, "atk": 95, "def": 69, "spa": 65, "spd": 79, "spe": 80}, "stats": {"hp": 246, "atk": 215, "def": 170, "spa": 163, "spd": 187, "spe": 189}, "types": ["Poison"]}, "Hydreigon": {"name": "Hydreigon", "species": "Hydreigon", "speciesId": "hydreigon", "gender": "M", "shiny": false, "level": 79, "moves": ["dracometeor", "nastyplot", "flashcannon", "darkpulse"], "ability": "Levitate", "evs": {"hp": 85, "atk": 0, "def": 85, "spa": 85, "spd": 85, "spe": 85}, "ivs": {"hp": 31, "atk": 0, "def": 31, "spa": 31, "spd": 31, "spe": 31}, "item": "Life Orb", "teraType": "Steel", "role": "Fast Attacker", "bvs": {"hp": 92, "atk": 105, "def": 90, "spa": 125, "spd": 90, "spe": 98}, "stats": {"hp": 275, "atk": 170, "def": 188, "spa": 243, "spd": 188, "spe": 200}, "types": ["Dark", "Dragon"]}, "Regirock": {"name": "Regirock", "species": "Regirock", "speciesId": "regirock", "gender": "N", "shiny": false, "level": 83, "moves": ["bodypress", "thunderwave", "irondefense", "stoneedge"], "ability": "Clear Body", "evs": {"hp": 85, "atk": 85, "def": 85, "spa": 85, "spd": 85, "spe": 85}, "ivs": {"hp": 31, "atk": 31, "def": 31, "spa": 31, "spd": 31, "spe": 31}, "item": "Leftovers", "teraType": "Fighting", "role": "Bulky Attacker", "bvs": {"hp": 80, "atk": 100, "def": 200, "spa": 50, "spd": 100, "spe": 50}, "stats": {"hp": 268, "atk": 214, "def": 380, "spa": 131, "spd": 214, "spe": 131}, "types": ["Rock"]}, "Meowscarada": {"name": "Meowscarada", "species": "Meowscarada", "speciesId": "meowscarada", "gender": "F", "shiny": false, "level": 78, "moves": ["uturn", "flowertrick", "knockoff", "toxicspikes"], "ability": "Protean", "evs": {"hp": 85, "atk": 85, "def": 85, "spa": 85, "spd": 85, "spe": 85}, "ivs": {"hp": 31, "atk": 31, "def": 31, "spa": 31, "spd": 31, "spe": 31}, "item": "Heavy-Duty Boots", "teraType": "Grass", "role": "Fast Support", "bvs": {"hp": 76, "atk": 110, "def": 70, "spa": 81, "spd": 70, "spe": 123}, "stats": {"hp": 247, "atk": 217, "def": 154, "spa": 171, "spd": 154, "spe": 237}, "types": ["Grass", "Dark"]}, "Dedenne": {"name": "Dedenne", "species": "Dedenne", "speciesId": "dedenne", "gender": "F", "shiny": false, "level": 88, "moves": ["thunderbolt", "nuzzle", "uturn", "dazzlinggleam"], "ability": "Cheek Pouch", "evs": {"hp": 85, "atk": 85, "def": 85, "spa": 85, "spd": 85, "spe": 85}, "ivs": {"hp": 31, "atk": 31, "def": 31, "spa": 31, "spd": 31, "spe": 31}, "item": "Sitrus Berry", "teraType": "Flying", "role": "Fast Support", "bvs": {"hp": 67, "atk": 58, "def": 57, "spa": 81, "spd": 67, "spe": 101}, "stats": {"hp": 261, "atk": 152, "def": 151, "spa": 193, "spd": 168, "spe": 228}, "types": ["Electric", "Fairy"]}, "Banette": {"name": "Banette", "species": "Banette", "speciesId": "banette", "gender": "F", "shiny": false, "level": 93, "moves": ["shadowsneak", "thunderwave", "gunkshot", "poltergeist"], "ability": "Insomnia", "evs": {"hp": 85, "atk": 85, "def": 85, "spa": 85, "spd": 85, "spe": 85}, "ivs": {"hp": 31, "atk": 31, "def": 31, "spa": 31, "spd": 31, "spe": 31}, "item": "Life Orb", "teraType": "Poison", "role": "Wallbreaker", "bvs": {"hp": 64, "atk": 115, "def": 65, "spa": 83, "spd": 63, "spe": 65}, "stats": {"hp": 270, "atk": 267, "def": 174, "spa": 207, "spd": 170, "spe": 174}, "types": ["Ghost"]}}, {"Pyroar": {"name": "Pyroar", "species": "Pyroar", "speciesId": "pyroar", "gender": "F", "shiny": false, "level": 88, "moves": ["hypervoice", "workup", "fireblast", "darkpulse"], "ability": "Unnerve", "evs": {"hp": 85, "atk": 0, "def": 85, "spa": 85, "spd": 85, "spe": 85}, "ivs": {"hp": 31, "atk": 0, "def": 31, "spa": 31, "spd": 31, "spe": 31}, "item": "Heavy-Duty Boots", "teraType": "Fire", "role": "Fast Attacker", "bvs": {"hp": 86, "atk": 68, "def": 72, "spa": 109, "spd": 66, "spe": 106}, "stats": {"hp": 295, "atk": 124, "def": 177, "spa": 242, "spd": 166, "spe": 237}, "types": ["Fire", "Normal"]}, "Quagsire": {"name": "Quagsire", "species": "Quagsire", "speciesId": "quagsire", "gender": "M", "shiny": false, "level": 84, "moves": ["icebeam", "earthquake", "toxic", "recover"], "ability": "Unaware", "evs": {"hp": 85, "atk": 85, "def": 85, "spa": 85, "spd": 85, "spe": 85}, "ivs": {"hp": 31, "atk": 31, "def": 31, "spa": 31, "spd": 31, "spe": 31}, "item": "Leftovers", "teraType": "Steel", "role": "Bulky Support", "bvs": {"hp": 95, "atk": 85, "def": 85, "spa": 65, "spd": 65, "spe": 35}, "stats": {"hp": 297, "atk": 191, "def": 191, "spa": 157, "spd": 157, "spe": 107}, "types": ["Water", "Ground"]}, "Honchkrow": {"name": "Honchkrow", "species": "Honchkrow", "speciesId": "honchkrow", "gender": "M", "shiny": false, "level": 86, "moves": ["uturn", "bravebird", "heatwave", "suckerpunch"], "ability": "Moxie", "evs": {"hp": 85, "atk": 85, "def": 85, "spa": 85, "spd": 85, "spe": 85}, "ivs": {"hp": 31, "atk": 31, "def": 31, "spa": 31, "spd": 31, "spe": 31}, "item": "Heavy-Duty Boots", "teraType": "Flying", "role": "Fast Attacker", "bvs": {"hp": 100, "atk": 125, "def": 52, "spa": 105, "spd": 52, "spe": 71}, "stats": {"hp": 312, "atk": 264, "def": 139, "spa": 230, "spd": 139, "spe": 171}, "types": ["Dark", "Flying"]}, "Terapagos": {"name": "Terapagos", "species": "Terapagos", "speciesId": "terapagos", "gender": "M", "shiny": false, "level": 77, "moves": ["terastarstorm", "darkpulse", "rapidspin", "calmmind"], "ability": "Tera Shift", "evs": {"hp": 85, "atk": 85, "def": 85, "spa": 85, "spd": 85, "spe": 85}, "ivs": {"hp": 31, "atk": 31, "def": 31, "spa": 31, "spd": 31, "spe": 31}, "item": "Heavy-Duty Boots", "teraType": "Stellar", "role": "Setup Sweeper", "bvs": {"hp": 90, "atk": 65, "def": 85, "spa": 65, "spd": 85, "spe": 60}, "stats": {"hp": 265, "atk": 145, "def": 175, "spa": 145, "spd": 175, "spe": 137}, "types": ["Normal"]}, "Pachirisu": {"name": "Pachirisu", "species": "Pachirisu", "speciesId": "pachirisu", "gender": "F", "shiny": false, "level": 96, "moves": ["superfang", "discharge", "encore", "uturn"], "ability": "Volt Absorb", "evs": {"hp": 85, "atk": 85, "def": 85, "spa": 85, "spd": 85, "spe": 85}, "ivs": {"hp": 31, "atk": 31, "def": 31, "spa": 31, "spd": 31, "spe": 31}, "item": "Heavy-Duty Boots", "teraType": "Flying", "role": "Fast Support", "bvs": {"hp": 60, "atk": 45, "def": 70, "spa": 45, "spd": 90, "spe": 95}, "stats": {"hp": 271, "atk": 141, "def": 189, "spa": 141, "spd": 227, "spe": 237}, "types": ["Electric"]}, "Hippowdon": {"name": "Hippowdon", "species": "Hippowdon", "speciesId": "hippowdon", "gender": "F", "shiny": false, "level": 82, "moves": ["curse", "stoneedge", "earthquake", "slackoff"], "ability": "Sand Stream", "evs": {"hp": 85, "atk": 85, "def": 85, "spa": 85, "spd": 85, "spe": 85}, "ivs": {"hp": 31, "atk": 31, "def": 31, "spa": 31, "spd": 31, "spe": 31}, "item": "Leftovers", "teraType": "Rock", "role": "Bulky Setup", "bvs": {"hp": 108, "atk": 112, "def": 118, "spa": 68, "spd": 72, "spe": 47}, "stats": {"hp": 311, "atk": 231, "def": 241, "spa": 159, "spd": 165, "spe": 124}, "types": ["Ground"]}}]}