{"id": "gen9randombattle-2641673707", "format": "[Gen 9] Random Battle", "players": ["goku71", "justin_meran"], "log": "|j|\u2606goku71\n|j|\u2606justin_meran\n|t:|1782828138\n|gametype|singles\n|player|p1|goku71|hoopster|1297\n|player|p2|justin_meran|lucas|1254\n|gen|9\n|tier|[Gen 9] Random Battle\n|rated|\n|rule|Species Clause: Limit one of each Pok\u00e9mon\n|rule|HP Percentage Mod: HP is shown in percentages\n|rule|Sleep Clause Mod: Limit one foe put to sleep\n|rule|Illusion Level Mod: Illusion disguises the Pok\u00e9mon's true level\n|\n|t:|1782828138\n|teamsize|p1|6\n|teamsize|p2|6\n|start\n|switch|p1a: Toxapex|Toxapex, L82, F|216/216\n|switch|p2a: Muk|Muk-Alola, L82, M|306/306\n|turn|1\n|inactive|Battle timer is ON: inactive players will automatically lose when time's up. (requested by goku71)\n|\n|t:|1782828166\n|move|p2a: Muk|Knock Off|p1a: Toxapex\n|-damage|p1a: Toxapex|143/216\n|-enditem|p1a: Toxapex|Leftovers|[from] move: Knock Off|[of] p2a: Muk\n|move|p1a: Toxapex|Toxic Spikes|p2a: Muk\n|-sidestart|p2: justin_meran|move: Toxic Spikes\n|\n|upkeep\n|turn|2\n|\n|t:|1782828176\n|move|p2a: Muk|Knock Off|p1a: Toxapex\n|-damage|p1a: Toxapex|95/216\n|move|p1a: Toxapex|Liquidation|p2a: Muk\n|-crit|p2a: Muk\n|-damage|p2a: Muk|200/306\n|\n|upkeep\n|turn|3\n|\n|t:|1782828187\n|move|p2a: Muk|Knock Off|p1a: Toxapex\n|-damage|p1a: Toxapex|50/216\n|move|p1a: Toxapex|Liquidation|p2a: Muk\n|-damage|p2a: Muk|124/306\n|\n|upkeep\n|turn|4\n|\n|t:|1782828194\n|move|p2a: Muk|Knock Off|p1a: Toxapex\n|-damage|p1a: Toxapex|5/216\n|move|p1a: Toxapex|Recover|p1a: Toxapex\n|-heal|p1a: Toxapex|113/216\n|\n|upkeep\n|turn|5\n|\n|t:|1782828198\n|switch|p2a: Volbeat|Volbeat, L90, M|263/263\n|move|p1a: Toxapex|Recover|p1a: Toxapex\n|-heal|p1a: Toxapex|216/216\n|\n|upkeep\n|turn|6\n|\n|t:|1782828207\n|move|p2a: Volbeat|Encore|p1a: Toxapex\n|-start|p1a: Toxapex|Encore\n|move|p1a: Toxapex|Recover||[still]\n|-fail|p1a: Toxapex|heal\n|\n|upkeep\n|turn|7\n|\n|t:|1782828213\n|switch|p1a: Braviary|Braviary, L85, M|309/309\n|move|p2a: Volbeat|Thunder Wave|p1a: Braviary\n|-status|p1a: Braviary|par\n|\n|upkeep\n|turn|8\n|\n|t:|1782828227\n|move|p2a: Volbeat|Lunge|p1a: Braviary\n|-resisted|p1a: Braviary\n|-damage|p1a: Braviary|261/309 par\n|-unboost|p1a: Braviary|atk|1\n|-ability|p1a: Braviary|Defiant|boost\n|-boost|p1a: Braviary|atk|2\n|move|p1a: Braviary|Bulk Up|p1a: Braviary\n|-boost|p1a: Braviary|atk|1\n|-boost|p1a: Braviary|def|1\n|\n|upkeep\n|turn|9\n|\n|t:|1782828237\n|move|p2a: Volbeat|Encore|p1a: Braviary\n|-start|p1a: Braviary|Encore\n|cant|p1a: Braviary|par\n|\n|upkeep\n|turn|10\n|\n|t:|1782828245\n|switch|p2a: Dragapult|Dragapult, L77, M|262/262\n|-status|p2a: Dragapult|psn\n|move|p1a: Braviary|Bulk Up|p1a: Braviary\n|-boost|p1a: Braviary|atk|1\n|-boost|p1a: Braviary|def|1\n|\n|-damage|p2a: Dragapult|230/262 psn|[from] psn\n|upkeep\n|turn|11\n|\n|t:|1782828254\n|move|p2a: Dragapult|Fire Blast|p1a: Braviary\n|-damage|p1a: Braviary|161/309 par\n|-damage|p2a: Dragapult|204/262 psn|[from] item: Life Orb\n|move|p1a: Braviary|Bulk Up|p1a: Braviary\n|-boost|p1a: Braviary|atk|1\n|-boost|p1a: Braviary|def|1\n|\n|-damage|p2a: Dragapult|172/262 psn|[from] psn\n|-end|p1a: Braviary|Encore\n|upkeep\n|turn|12\n|\n|t:|1782828266\n|move|p2a: Dragapult|Fire Blast|p1a: Braviary\n|-crit|p1a: Braviary\n|-damage|p1a: Braviary|26/309 par\n|-damage|p2a: Dragapult|146/262 psn|[from] item: Life Orb\n|move|p1a: Braviary|Roost|p1a: Braviary\n|-heal|p1a: Braviary|181/309 par\n|-singleturn|p1a: Braviary|move: Roost\n|\n|-damage|p2a: Dragapult|114/262 psn|[from] psn\n|upkeep\n|turn|13\n|\n|t:|1782828282\n|switch|p2a: Volbeat|Volbeat, L90, M|263/263\n|move|p1a: Braviary|Roost|p1a: Braviary\n|-heal|p1a: Braviary|309/309 par\n|-singleturn|p1a: Braviary|move: Roost\n|\n|upkeep\n|turn|14\n|\n|t:|1782828291\n|move|p2a: Volbeat|Encore|p1a: Braviary\n|-start|p1a: Braviary|Encore\n|move|p1a: Braviary|Roost||[still]\n|-fail|p1a: Braviary|heal\n|\n|upkeep\n|turn|15\n|\n|t:|1782828296\n|switch|p2a: Muk|Muk-Alola, L82, M|124/306\n|-sideend|p2: justin_meran|move: Toxic Spikes|[of] p2a: Muk\n|move|p1a: Braviary|Roost||[still]\n|-fail|p1a: Braviary|heal\n|\n|upkeep\n|turn|16\n|\n|t:|1782828303\n|switch|p2a: Volbeat|Volbeat, L90, M|263/263\n|cant|p1a: Braviary|par\n|\n|-end|p1a: Braviary|Encore\n|upkeep\n|turn|17\n|\n|t:|1782828313\n|move|p2a: Volbeat|Encore|p1a: Braviary\n|-start|p1a: Braviary|Encore\n|cant|p1a: Braviary|par\n|\n|upkeep\n|turn|18\n|\n|t:|1782828319\n|switch|p2a: Lunala|Lunala, L70|308/308\n|move|p1a: Braviary|Roost||[still]\n|-fail|p1a: Braviary|heal\n|\n|upkeep\n|turn|19\n|\n|t:|1782828336\n|switch|p2a: Volbeat|Volbeat, L90, M|263/263\n|move|p1a: Braviary|Roost||[still]\n|-fail|p1a: Braviary|heal\n|\n|-end|p1a: Braviary|Encore\n|upkeep\n|turn|20\n|\n|t:|1782828344\n|move|p2a: Volbeat|Encore|p1a: Braviary\n|-start|p1a: Braviary|Encore\n|cant|p1a: Braviary|par\n|\n|upkeep\n|turn|21\n|\n|t:|1782828348\n|switch|p2a: Greninja|Greninja, L80, M|246/246\n|move|p1a: Braviary|Roost||[still]\n|-fail|p1a: Braviary|heal\n|\n|upkeep\n|turn|22\n|c|\u2606goku71|what a gameplay\n|\n|t:|1782828360\n|move|p2a: Greninja|Ice Beam|p1a: Braviary\n|-supereffective|p1a: Braviary\n|-damage|p1a: Braviary|122/309 par\n|-damage|p2a: Greninja|222/246|[from] item: Life Orb\n|move|p1a: Braviary|Roost|p1a: Braviary\n|-heal|p1a: Braviary|277/309 par\n|-singleturn|p1a: Braviary|move: Roost\n|\n|-end|p1a: Braviary|Encore\n|upkeep\n|turn|23\n|c|\u2606justin_meran|ik\n|c|\u2606justin_meran|this is sad\n|\n|t:|1782828375\n|switch|p2a: Dragapult|Dragapult, L77, M|114/262 psn\n|cant|p1a: Braviary|par\n|\n|-damage|p2a: Dragapult|82/262 psn|[from] psn\n|upkeep\n|turn|24\n|\n|t:|1782828383\n|move|p2a: Dragapult|Fire Blast|p1a: Braviary|[miss]\n|-miss|p2a: Dragapult|p1a: Braviary\n|move|p1a: Braviary|Bulk Up|p1a: Braviary\n|-boost|p1a: Braviary|atk|1\n|-boost|p1a: Braviary|def|1\n|\n|-damage|p2a: Dragapult|50/262 psn|[from] psn\n|upkeep\n|turn|25\n|c|\u2606goku71|always paralyse...\n|\n|t:|1782828391\n|move|p2a: Dragapult|Fire Blast|p1a: Braviary\n|-damage|p1a: Braviary|186/309 par\n|-damage|p2a: Dragapult|24/262 psn|[from] item: Life Orb\n|move|p1a: Braviary|Brave Bird|p2a: Dragapult\n|-damage|p2a: Dragapult|0 fnt\n|faint|p2a: Dragapult\n|-damage|p1a: Braviary|178/309 par|[from] Recoil\n|\n|upkeep\n|\n|t:|1782828400\n|switch|p2a: Greninja|Greninja, L80, M|222/246\n|turn|26\n|\n|t:|1782828403\n|move|p2a: Greninja|Ice Beam|p1a: Braviary\n|-supereffective|p1a: Braviary\n|-damage|p1a: Braviary|0 fnt\n|faint|p1a: Braviary\n|-ability|p2a: Greninja|Battle Bond|boost\n|-boost|p2a: Greninja|atk|1\n|-boost|p2a: Greninja|spa|1\n|-boost|p2a: Greninja|spe|1\n|-activate|p2a: Greninja|ability: Battle Bond\n|-damage|p2a: Greninja|198/246|[from] item: Life Orb\n|\n|upkeep\n|\n|t:|1782828418\n|switch|p1a: Frosmoth|Frosmoth, L82, F|249/249\n|turn|27\n|c|\u2606justin_meran|so many changes to kill one pokemon\n|\n|t:|1782828426\n|switch|p2a: Arcanine|Arcanine, L84, F|288/288\n|-ability|p2a: Arcanine|Intimidate|boost\n|-unboost|p1a: Frosmoth|atk|1\n|move|p1a: Frosmoth|Bug Buzz|p2a: Arcanine\n|-resisted|p2a: Arcanine\n|-damage|p2a: Arcanine|227/288\n|\n|upkeep\n|turn|28\n|\n|t:|1782828436\n|switch|p1a: Toxapex|Toxapex, L82, F|216/216\n|move|p2a: Arcanine|Will-O-Wisp|p1a: Toxapex\n|-status|p1a: Toxapex|brn\n|\n|-damage|p1a: Toxapex|203/216 brn|[from] brn\n|upkeep\n|turn|29\n|\n|t:|1782828447\n|switch|p2a: Volbeat|Volbeat, L90, M|263/263\n|move|p1a: Toxapex|Liquidation|p2a: Volbeat\n|-damage|p2a: Volbeat|228/263\n|\n|-damage|p1a: Toxapex|190/216 brn|[from] brn\n|upkeep\n|turn|30\n|\n|t:|1782828458\n|move|p2a: Volbeat|Encore|p1a: Toxapex\n|-start|p1a: Toxapex|Encore\n|move|p1a: Toxapex|Liquidation|p2a: Volbeat\n|-damage|p2a: Volbeat|194/263\n|\n|-damage|p1a: Toxapex|177/216 brn|[from] brn\n|upkeep\n|turn|31\n|c|\u2606goku71|always encore\n|\n|t:|1782828467\n|switch|p2a: Lunala|Lunala, L70|308/308\n|move|p1a: Toxapex|Liquidation|p2a: Lunala\n|-damage|p2a: Lunala|289/308\n|\n|-heal|p2a: Lunala|308/308|[from] item: Leftovers\n|-damage|p1a: Toxapex|164/216 brn|[from] brn\n|upkeep\n|turn|32\n|\n|t:|1782828478\n|move|p2a: Lunala|Psyshock|p1a: Toxapex\n|-supereffective|p1a: Toxapex\n|-damage|p1a: Toxapex|50/216 brn\n|move|p1a: Toxapex|Liquidation|p2a: Lunala\n|-crit|p2a: Lunala\n|-damage|p2a: Lunala|280/308\n|\n|-heal|p2a: Lunala|299/308|[from] item: Leftovers\n|-damage|p1a: Toxapex|37/216 brn|[from] brn\n|-end|p1a: Toxapex|Encore\n|upkeep\n|turn|33\n|\n|t:|1782828488\n|move|p2a: Lunala|Psyshock|p1a: Toxapex\n|-supereffective|p1a: Toxapex\n|-damage|p1a: Toxapex|0 fnt\n|faint|p1a: Toxapex\n|\n|-heal|p2a: Lunala|308/308|[from] item: Leftovers\n|upkeep\n|\n|t:|1782828499\n|switch|p1a: Noctowl|Noctowl, L95, M|344/344\n|turn|34\n|\n|t:|1782828508\n|switch|p2a: Muk|Muk-Alola, L82, M|124/306\n|move|p1a: Noctowl|Hurricane|p2a: Muk|[miss]\n|-miss|p1a: Noctowl|p2a: Muk\n|\n|upkeep\n|turn|35\n|\n|t:|1782828515\n|move|p1a: Noctowl|Hurricane|p2a: Muk\n|-damage|p2a: Muk|33/306\n|-start|p2a: Muk|confusion\n|-activate|p2a: Muk|confusion\n|-damage|p2a: Muk|0 fnt|[from] confusion\n|faint|p2a: Muk\n|\n|upkeep\n|c|\u2606justin_meran|no way\n|\n|t:|1782828526\n|switch|p2a: Arcanine|Arcanine, L84, F|227/288\n|-ability|p2a: Arcanine|Intimidate|boost\n|-unboost|p1a: Noctowl|atk|1\n|turn|36\n|c|\u2606goku71|one time i'm lucky woooow\n|\n|t:|1782828536\n|move|p2a: Arcanine|Flare Blitz|p1a: Noctowl\n|-damage|p1a: Noctowl|175/344\n|-damage|p2a: Arcanine|171/288|[from] Recoil\n|move|p1a: Noctowl|Calm Mind|p1a: Noctowl\n|-boost|p1a: Noctowl|spa|1\n|-boost|p1a: Noctowl|spd|1\n|\n|upkeep\n|turn|37\n|\n|t:|1782828543\n|move|p2a: Arcanine|Flare Blitz|p1a: Noctowl\n|-damage|p1a: Noctowl|0 fnt\n|faint|p1a: Noctowl\n|-damage|p2a: Arcanine|113/288|[from] Recoil\n|\n|upkeep\n|\n|t:|1782828550\n|switch|p1a: Dachsbun|Dachsbun, L92, F|254/254\n|turn|38\n|\n|t:|1782828560\n|switch|p2a: Volbeat|Volbeat, L90, M|194/263\n|move|p1a: Dachsbun|Body Press|p2a: Volbeat\n|-resisted|p2a: Volbeat\n|-damage|p2a: Volbeat|155/263\n|\n|upkeep\n|turn|39\n|\n|t:|1782828566\n|move|p2a: Volbeat|Encore|p1a: Dachsbun\n|-start|p1a: Dachsbun|Encore\n|move|p1a: Dachsbun|Body Press|p2a: Volbeat\n|-resisted|p2a: Volbeat\n|-damage|p2a: Volbeat|117/263\n|\n|upkeep\n|turn|40\n|\n|t:|1782828572\n|move|p2a: Volbeat|Roost|p2a: Volbeat\n|-heal|p2a: Volbeat|249/263\n|-singleturn|p2a: Volbeat|move: Roost\n|move|p1a: Dachsbun|Body Press|p2a: Volbeat\n|-resisted|p2a: Volbeat\n|-damage|p2a: Volbeat|209/263\n|\n|upkeep\n|turn|41\n|c|\u2606goku71|i hate volbeat...\n|\n|t:|1782828580\n|move|p2a: Volbeat|Thunder Wave|p1a: Dachsbun\n|-status|p1a: Dachsbun|par\n|move|p1a: Dachsbun|Body Press|p2a: Volbeat\n|-resisted|p2a: Volbeat\n|-damage|p2a: Volbeat|169/263\n|\n|-end|p1a: Dachsbun|Encore\n|upkeep\n|turn|42\n|\n|t:|1782828589\n|move|p2a: Volbeat|Lunge|p1a: Dachsbun\n|-resisted|p1a: Dachsbun\n|-damage|p1a: Dachsbun|221/254 par\n|-unboost|p1a: Dachsbun|atk|1\n|move|p1a: Dachsbun|Play Rough|p2a: Volbeat\n|-damage|p2a: Volbeat|103/263\n|\n|-heal|p1a: Dachsbun|236/254 par|[from] item: Leftovers\n|upkeep\n|turn|43\n|\n|t:|1782828599\n|move|p2a: Volbeat|Lunge|p1a: Dachsbun\n|-resisted|p1a: Dachsbun\n|-damage|p1a: Dachsbun|206/254 par\n|-unboost|p1a: Dachsbun|atk|1\n|move|p1a: Dachsbun|Play Rough|p2a: Volbeat|[miss]\n|-miss|p1a: Dachsbun|p2a: Volbeat\n|\n|-heal|p1a: Dachsbun|221/254 par|[from] item: Leftovers\n|upkeep\n|turn|44\n|\n|t:|1782828609\n|move|p2a: Volbeat|Roost|p2a: Volbeat\n|-heal|p2a: Volbeat|235/263\n|-singleturn|p2a: Volbeat|move: Roost\n|move|p1a: Dachsbun|Play Rough|p2a: Volbeat|[miss]\n|-miss|p1a: Dachsbun|p2a: Volbeat\n|\n|-heal|p1a: Dachsbun|236/254 par|[from] item: Leftovers\n|upkeep\n|turn|45\n|c|\u2606goku71|4 times i can't touch u\n|\n|t:|1782828624\n|move|p2a: Volbeat|Lunge|p1a: Dachsbun\n|-resisted|p1a: Dachsbun\n|-crit|p1a: Dachsbun\n|-damage|p1a: Dachsbun|192/254 par\n|-unboost|p1a: Dachsbun|atk|1\n|move|p1a: Dachsbun|Play Rough|p2a: Volbeat\n|-damage|p2a: Volbeat|195/263\n|\n|-heal|p1a: Dachsbun|207/254 par|[from] item: Leftovers\n|upkeep\n|turn|46\n|c|\u2606justin_meran|this is sad\n|\n|t:|1782828639\n|move|p2a: Volbeat|Lunge|p1a: Dachsbun\n|-resisted|p1a: Dachsbun\n|-damage|p1a: Dachsbun|180/254 par\n|-unboost|p1a: Dachsbun|atk|1\n|cant|p1a: Dachsbun|par\n|\n|-heal|p1a: Dachsbun|195/254 par|[from] item: Leftovers\n|upkeep\n|turn|47\n|c|\u2606goku71|ur character is sad\n|\n|t:|1782828653\n|move|p2a: Volbeat|Lunge|p1a: Dachsbun\n|-resisted|p1a: Dachsbun\n|-damage|p1a: Dachsbun|165/254 par\n|-unboost|p1a: Dachsbun|atk|1\n|cant|p1a: Dachsbun|par\n|\n|-heal|p1a: Dachsbun|180/254 par|[from] item: Leftovers\n|upkeep\n|turn|48\n|c|\u2606goku71|i can damage nagative lmao ?\n|\n|t:|1782828665\n|move|p2a: Volbeat|Roost|p2a: Volbeat\n|-heal|p2a: Volbeat|263/263\n|-singleturn|p2a: Volbeat|move: Roost\n|move|p1a: Dachsbun|Play Rough|p2a: Volbeat\n|-damage|p2a: Volbeat|232/263\n|\n|-heal|p1a: Dachsbun|195/254 par|[from] item: Leftovers\n|upkeep\n|turn|49\n|\n|t:|1782828675\n|switch|p2a: Lunala|Lunala, L70|308/308\n|switch|p1a: Eternatus|Eternatus, L69|308/308\n|-ability|p1a: Eternatus|Pressure\n|\n|upkeep\n|turn|50\n|c|\u2606justin_meran|._.\n|\n|t:|1782828687\n|move|p1a: Eternatus|Meteor Beam||[still]\n|-prepare|p1a: Eternatus|Meteor Beam\n|-boost|p1a: Eternatus|spa|1\n|-enditem|p1a: Eternatus|Power Herb\n|-anim|p1a: Eternatus|Meteor Beam|p2a: Lunala\n|-damage|p2a: Lunala|243/308\n|move|p2a: Lunala|Psyshock|p1a: Eternatus\n|-supereffective|p1a: Eternatus\n|-damage|p1a: Eternatus|128/308\n|\n|-heal|p2a: Lunala|262/308|[from] item: Leftovers\n|upkeep\n|turn|51\n|\n|t:|1782828698\n|switch|p1a: Frosmoth|Frosmoth, L82, F|249/249\n|move|p2a: Lunala|Psyshock|p1a: Frosmoth\n|-damage|p1a: Frosmoth|199/249\n|\n|-heal|p2a: Lunala|281/308|[from] item: Leftovers\n|upkeep\n|turn|52\n|\n|t:|1782828706\n|switch|p2a: Arcanine|Arcanine, L84, F|113/288\n|-ability|p2a: Arcanine|Intimidate|boost\n|-unboost|p1a: Frosmoth|atk|1\n|move|p1a: Frosmoth|Quiver Dance|p1a: Frosmoth\n|-boost|p1a: Frosmoth|spa|1\n|-boost|p1a: Frosmoth|spd|1\n|-boost|p1a: Frosmoth|spe|1\n|\n|upkeep\n|turn|53\n|\n|t:|1782828716\n|-terastallize|p1a: Frosmoth|Water\n|move|p1a: Frosmoth|Quiver Dance|p1a: Frosmoth\n|-boost|p1a: Frosmoth|spa|1\n|-boost|p1a: Frosmoth|spd|1\n|-boost|p1a: Frosmoth|spe|1\n|move|p2a: Arcanine|Flare Blitz|p1a: Frosmoth\n|-resisted|p1a: Frosmoth\n|-damage|p1a: Frosmoth|106/249\n|-damage|p2a: Arcanine|82/288|[from] Recoil\n|\n|upkeep\n|turn|54\n|\n|t:|1782828731\n|-terastallize|p2a: Arcanine|Normal\n|move|p2a: Arcanine|Extreme Speed|p1a: Frosmoth\n|-damage|p1a: Frosmoth|0 fnt\n|faint|p1a: Frosmoth\n|\n|upkeep\n|\n|t:|1782828738\n|switch|p1a: Dachsbun|Dachsbun, L92, F|195/254 par\n|turn|55\n|\n|t:|1782828742\n|move|p2a: Arcanine|Extreme Speed|p1a: Dachsbun\n|-damage|p1a: Dachsbun|122/254 par\n|move|p1a: Dachsbun|Wish|p1a: Dachsbun\n|\n|-heal|p1a: Dachsbun|137/254 par|[from] item: Leftovers\n|upkeep\n|turn|56\n|c|\u2606goku71|what a bitch team\n|\n|t:|1782828751\n|move|p1a: Dachsbun|Protect|p1a: Dachsbun\n|-singleturn|p1a: Dachsbun|Protect\n|move|p2a: Arcanine|Extreme Speed|p1a: Dachsbun\n|-activate|p1a: Dachsbun|move: Protect\n|\n|-heal|p1a: Dachsbun|254/254 par|[from] move: Wish|[wisher] Dachsbun\n|upkeep\n|turn|57\n|c|\u2606justin_meran|fr\n|\n|t:|1782828759\n|move|p2a: Arcanine|Morning Sun|p2a: Arcanine\n|-heal|p2a: Arcanine|226/288\n|move|p1a: Dachsbun|Wish|p1a: Dachsbun\n|\n|upkeep\n|turn|58\n|\n|t:|1782828765\n|switch|p2a: Volbeat|Volbeat, L90, M|232/263\n|move|p1a: Dachsbun|Body Press|p2a: Volbeat\n|-resisted|p2a: Volbeat\n|-damage|p2a: Volbeat|194/263\n|\n|upkeep\n|turn|59\n|\n|t:|1782828771\n|move|p2a: Volbeat|Encore|p1a: Dachsbun\n|-start|p1a: Dachsbun|Encore\n|move|p1a: Dachsbun|Body Press|p2a: Volbeat\n|-resisted|p2a: Volbeat\n|-damage|p2a: Volbeat|157/263\n|\n|upkeep\n|turn|60\n|c|\u2606goku71|encore it's last time bitch\n|\n|t:|1782828782\n|move|p2a: Volbeat|Lunge|p1a: Dachsbun\n|-resisted|p1a: Dachsbun\n|-damage|p1a: Dachsbun|226/254 par\n|-unboost|p1a: Dachsbun|atk|1\n|cant|p1a: Dachsbun|par\n|\n|-heal|p1a: Dachsbun|241/254 par|[from] item: Leftovers\n|upkeep\n|turn|61\n|\n|t:|1782828788\n|switch|p1a: Eternatus|Eternatus, L69|128/308\n|-ability|p1a: Eternatus|Pressure\n|move|p2a: Volbeat|Lunge|p1a: Eternatus\n|-resisted|p1a: Eternatus\n|-damage|p1a: Eternatus|81/308\n|-unboost|p1a: Eternatus|atk|1\n|\n|upkeep\n|turn|62\n|\n|t:|1782828800\n|move|p2a: Volbeat|Thunder Wave|p1a: Eternatus\n|-status|p1a: Eternatus|par\n|move|p1a: Eternatus|Fire Blast|p2a: Volbeat\n|-supereffective|p2a: Volbeat\n|-damage|p2a: Volbeat|7/263\n|\n|upkeep\n|turn|63\n|\n|t:|1782828806\n|move|p2a: Volbeat|Lunge|p1a: Eternatus\n|-resisted|p1a: Eternatus\n|-damage|p1a: Eternatus|34/308 par\n|-unboost|p1a: Eternatus|atk|1\n|cant|p1a: Eternatus|par\n|\n|upkeep\n|turn|64\n|c|\u2606justin_meran|LOL\n|c|\u2606goku71|no way i'm paralysed for the 10 tomes\n|c|\u2606goku71|times\n|c|\u2606justin_meran|volbeat carry\n|\n|t:|1782828827\n|move|p2a: Volbeat|Lunge|p1a: Eternatus\n|-resisted|p1a: Eternatus\n|-damage|p1a: Eternatus|0 fnt\n|faint|p1a: Eternatus\n|\n|upkeep\n|\n|t:|1782828831\n|switch|p1a: Dachsbun|Dachsbun, L92, F|241/254 par\n|turn|65\n|\n|t:|1782828835\n|move|p2a: Volbeat|Lunge|p1a: Dachsbun\n|-resisted|p1a: Dachsbun\n|-damage|p1a: Dachsbun|211/254 par\n|-unboost|p1a: Dachsbun|atk|1\n|move|p1a: Dachsbun|Play Rough|p2a: Volbeat\n|-damage|p2a: Volbeat|0 fnt\n|faint|p2a: Volbeat\n|\n|-heal|p1a: Dachsbun|226/254 par|[from] item: Leftovers\n|upkeep\n|\n|t:|1782828843\n|switch|p2a: Greninja|Greninja, L80, M|198/246\n|turn|66\n|\n|t:|1782828848\n|move|p2a: Greninja|Gunk Shot|p1a: Dachsbun\n|-supereffective|p1a: Dachsbun\n|-damage|p1a: Dachsbun|86/254 par\n|-damage|p2a: Greninja|174/246|[from] item: Life Orb\n|cant|p1a: Dachsbun|par\n|\n|-heal|p1a: Dachsbun|101/254 par|[from] item: Leftovers\n|upkeep\n|turn|67\n|c|\u2606goku71|lmao one more time\n|\n|t:|1782828862\n|move|p2a: Greninja|Gunk Shot|p1a: Dachsbun\n|-supereffective|p1a: Dachsbun\n|-damage|p1a: Dachsbun|0 fnt\n|faint|p1a: Dachsbun\n|-damage|p2a: Greninja|150/246|[from] item: Life Orb\n|\n|win|justin_meran\n|raw|goku71's rating: 1297 &rarr; <strong>1269</strong><br />(-28 for losing)\n|raw|justin_meran's rating: 1254 &rarr; <strong>1282</strong><br />(+28 for winning)\n|c|\u2606justin_meran|wth is this\n|c|\u2606justin_meran|gg\n|c|\u2606goku71|u win because of 15 times paralyse lmao\n|c|\u2606justin_meran|nah it was volbeat god\n|c|\u2606goku71|cancer god sure\n|c|\u2606justin_meran|cancer?? xd\n|c|\u2606goku71|toxic if u prefer\n|c|\u2606justin_meran|gg bro\n|c|\u2606justin_meran|well played\n|c|\u2606justin_meran|:3\n|l|\u2606goku71\n|player|p1|\n", "inputlog": ">version f8ac14003a5f27e1bdc8d8c59608a773c1cb96e5\n>start {\"formatid\":\"gen9randombattle\",\"seed\":\"sodium,1997ac4d700201387db629d1923d2ddc\",\"rated\":\"Rated battle\"}\n>player p1 {\"name\":\"goku71\",\"avatar\":\"hoopster\",\"rating\":1297,\"seed\":\"sodium,8094b5f043c563379906af4137cac396\"}\n>player p2 {\"name\":\"justin_meran\",\"avatar\":\"lucas\",\"rating\":1254,\"seed\":\"sodium,280199c8c8e4f3246aad1d97107ded5c\"}\n>p1 move toxicspikes\n>p2 move knockoff\n>p1 move liquidation\n>p2 move knockoff\n>p1 move liquidation\n>p2 move knockoff\n>p1 move recover\n>p2 move knockoff\n>p1 move recover\n>p2 switch 2\n>p1 move liquidation\n>p2 move encore\n>p1 switch 5\n>p2 move thunderwave\n>p1 move bulkup\n>p2 move lunge\n>p1 move bravebird\n>p2 move encore\n>p1 move bulkup\n>p2 switch 6\n>p1 move bulkup\n>p2 move fireblast\n>p1 move roost\n>p2 move fireblast\n>p1 move roost\n>p2 switch 6\n>p1 move bravebird\n>p2 move encore\n>p1 move roost\n>p2 switch 2\n>p1 move roost\n>p2 switch 2\n>p1 move bulkup\n>p2 move encore\n>p1 move roost\n>p2 switch 5\n>p1 move roost\n>p2 switch 5\n>p1 move bravebird\n>p2 move encore\n>p1 move roost\n>p2 switch 4\n>chat \u2606goku71|what a gameplay\n>p1 move roost\n>p2 move icebeam\n>chat \u2606justin_meran|ik\n>chat \u2606justin_meran|this is sad\n>p1 move bravebird\n>p2 switch 6\n>p1 move bulkup\n>p2 move fireblast\n>chat \u2606goku71|always paralyse...\n>p1 move bravebird\n>p2 move fireblast\n>p2 switch 6\n>p1 move bravebird\n>p2 move icebeam\n>p1 switch 6\n>chat \u2606justin_meran|so many changes to kill one pokemon\n>p1 move bugbuzz\n>p2 switch 3\n>p1 switch 5\n>p2 move willowisp\n>p1 move liquidation\n>p2 switch 4\n>p1 move liquidation\n>p2 move encore\n>chat \u2606goku71|always encore\n>p1 move liquidation\n>p2 switch 5\n>p1 move liquidation\n>p2 move psyshock\n>p1 move recover\n>p2 move psyshock\n>p1 switch 2\n>p1 move hurricane\n>p2 switch 2\n>p1 move hurricane\n>p2 move knockoff\n>chat \u2606justin_meran|no way\n>p2 switch 4\n>chat \u2606goku71|one time i'm lucky woooow\n>p1 move calmmind\n>p2 move flareblitz\n>p1 move roost\n>p2 move flareblitz\n>p1 switch 3\n>p1 move bodypress\n>p2 switch 5\n>p1 move playrough\n>p2 move encore\n>p1 move bodypress\n>p2 move roost\n>chat \u2606goku71|i hate volbeat...\n>p1 move bodypress\n>p2 move thunderwave\n>p1 move playrough\n>p2 move lunge\n>p1 move playrough\n>p2 move lunge\n>p1 move playrough\n>p2 move roost\n>chat \u2606goku71|4 times i can't touch u\n>p1 move playrough\n>p2 move lunge\n>chat \u2606justin_meran|this is sad\n>p1 move playrough\n>p2 move lunge\n>chat \u2606goku71|ur character is sad\n>p1 move playrough\n>p2 move lunge\n>chat \u2606goku71|i can damage nagative lmao ?\n>p1 move playrough\n>p2 move roost\n>p1 switch 4\n>p2 switch 2\n>chat \u2606justin_meran|._.\n>p1 move meteorbeam\n>p2 move psyshock\n>p1 switch 5\n>p2 move psyshock\n>p1 move quiverdance\n>p2 switch 5\n>p1 move quiverdance terastallize\n>p2 move flareblitz\n>p1 move bugbuzz\n>p2 move extremespeed terastallize\n>p1 switch 4\n>p1 move wish\n>p2 move extremespeed\n>chat \u2606goku71|what a bitch team\n>p1 move protect\n>p2 move extremespeed\n>chat \u2606justin_meran|fr\n>p1 move wish\n>p2 move morningsun\n>p1 move bodypress\n>p2 switch 2\n>p1 move playrough\n>p2 move encore\n>chat \u2606goku71|encore it's last time bitch\n>p1 move bodypress\n>p2 move lunge\n>p1 switch 5\n>p2 move lunge\n>p1 move fireblast\n>p2 move thunderwave\n>p1 move meteorbeam\n>p2 move lunge\n>chat \u2606justin_meran|LOL\n>chat \u2606goku71|no way i'm paralysed for the 10 tomes\n>chat \u2606goku71|times\n>chat \u2606justin_meran|volbeat carry\n>p1 move meteorbeam\n>p2 move lunge\n>p1 switch 5\n>p1 move playrough\n>p2 move lunge\n>p2 switch 3\n>p1 move bodypress\n>p2 move gunkshot\n>chat \u2606goku71|lmao one more time\n>p1 move wish\n>p2 move gunkshot", "uploadtime": 1782828933, "views": 2, "formatid": "gen9randombattle", "rating": 1269, "private": 0, "password": null, "player_dets": [{"name": "goku71", "avatar": "hoopster", "rating": 1297, "seed": "sodium,8094b5f043c563379906af4137cac396"}, {"name": "justin_meran", "avatar": "lucas", "rating": 1254, "seed": "sodium,280199c8c8e4f3246aad1d97107ded5c"}], "teams_full": [{"Toxapex": {"name": "Toxapex", "species": "Toxapex", "speciesId": "toxapex", "gender": "F", "shiny": false, "level": 82, "moves": ["toxicspikes", "recover", "liquidation", "haze"], "ability": "Regenerator", "evs": {"hp": 85, "atk": 85, "def": 85, "spa": 85, "spd": 85, "spe": 85}, "ivs": {"hp": 31, "atk": 31, "def": 31, "spa": 31, "spd": 31, "spe": 31}, "item": "Leftovers", "teraType": "Fairy", "role": "Bulky Support", "bvs": {"hp": 50, "atk": 63, "def": 152, "spa": 53, "spd": 142, "spe": 35}, "stats": {"hp": 216, "atk": 150, "def": 296, "spa": 134, "spd": 280, "spe": 105}, "types": ["Poison", "Water"]}, "Noctowl": {"name": "Noctowl", "species": "Noctowl", "speciesId": "noctowl", "gender": "M", "shiny": false, "level": 95, "moves": ["hypervoice", "roost", "hurricane", "calmmind"], "ability": "Tinted Lens", "evs": {"hp": 85, "atk": 0, "def": 85, "spa": 85, "spd": 85, "spe": 85}, "ivs": {"hp": 31, "atk": 0, "def": 31, "spa": 31, "spd": 31, "spe": 31}, "item": "Heavy-Duty Boots", "teraType": "Normal", "role": "Bulky Attacker", "bvs": {"hp": 100, "atk": 50, "def": 50, "spa": 86, "spd": 96, "spe": 70}, "stats": {"hp": 344, "atk": 100, "def": 149, "spa": 217, "spd": 236, "spe": 187}, "types": ["Normal", "Flying"]}, "Dachsbun": {"name": "Dachsbun", "species": "Dachsbun", "speciesId": "dachsbun", "gender": "F", "shiny": false, "level": 92, "moves": ["bodypress", "wish", "protect", "playrough"], "ability": "Well-Baked Body", "evs": {"hp": 85, "atk": 85, "def": 85, "spa": 85, "spd": 85, "spe": 85}, "ivs": {"hp": 31, "atk": 31, "def": 31, "spa": 31, "spd": 31, "spe": 31}, "item": "Leftovers", "teraType": "Steel", "role": "Bulky Support", "bvs": {"hp": 57, "atk": 80, "def": 115, "spa": 50, "spd": 80, "spe": 95}, "stats": {"hp": 254, "atk": 200, "def": 264, "spa": 144, "spd": 200, "spe": 227}, "types": ["Fairy"]}, "Eternatus": {"name": "Eternatus", "species": "Eternatus", "speciesId": "eternatus", "gender": "N", "shiny": false, "level": 69, "moves": ["fireblast", "sludgebomb", "dynamaxcannon", "meteorbeam"], "ability": "Pressure", "evs": {"hp": 85, "atk": 0, "def": 85, "spa": 85, "spd": 85, "spe": 85}, "ivs": {"hp": 31, "atk": 0, "def": 31, "spa": 31, "spd": 31, "spe": 31}, "item": "Power Herb", "teraType": "Dragon", "role": "Setup Sweeper", "bvs": {"hp": 140, "atk": 85, "def": 95, "spa": 145, "spd": 95, "spe": 130}, "stats": {"hp": 308, "atk": 122, "def": 171, "spa": 240, "spd": 171, "spe": 220}, "types": ["Poison", "Dragon"]}, "Braviary": {"name": "Braviary", "species": "Braviary", "speciesId": "braviary", "gender": "M", "shiny": false, "level": 85, "moves": ["bravebird", "closecombat", "bulkup", "roost"], "ability": "Defiant", "evs": {"hp": 85, "atk": 85, "def": 85, "spa": 85, "spd": 85, "spe": 85}, "ivs": {"hp": 31, "atk": 31, "def": 31, "spa": 31, "spd": 31, "spe": 31}, "item": "Heavy-Duty Boots", "teraType": "Fighting", "role": "Fast Bulky Setup", "bvs": {"hp": 100, "atk": 123, "def": 75, "spa": 57, "spd": 75, "spe": 80}, "stats": {"hp": 309, "atk": 258, "def": 176, "spa": 146, "spd": 176, "spe": 185}, "types": ["Normal", "Flying"]}, "Frosmoth": {"name": "Frosmoth", "species": "Frosmoth", "speciesId": "frosmoth", "gender": "F", "shiny": false, "level": 82, "moves": ["bugbuzz", "quiverdance", "gigadrain", "icebeam"], "ability": "Ice Scales", "evs": {"hp": 85, "atk": 0, "def": 85, "spa": 85, "spd": 85, "spe": 85}, "ivs": {"hp": 31, "atk": 0, "def": 31, "spa": 31, "spd": 31, "spe": 31}, "item": "Heavy-Duty Boots", "teraType": "Water", "role": "Setup Sweeper", "bvs": {"hp": 70, "atk": 65, "def": 60, "spa": 125, "spd": 90, "spe": 65}, "stats": {"hp": 249, "atk": 111, "def": 146, "spa": 252, "spd": 195, "spe": 154}, "types": ["Ice", "Bug"]}}, {"Muk": {"name": "Muk", "species": "Muk-Alola", "speciesId": "mukalola", "gender": "M", "shiny": false, "level": 82, "moves": ["drainpunch", "poisonjab", "shadowsneak", "knockoff"], "ability": "Poison Touch", "evs": {"hp": 85, "atk": 85, "def": 85, "spa": 85, "spd": 85, "spe": 85}, "ivs": {"hp": 31, "atk": 31, "def": 31, "spa": 31, "spd": 31, "spe": 31}, "item": "Assault Vest", "teraType": "Fighting", "role": "AV Pivot", "bvs": {"hp": 105, "atk": 105, "def": 75, "spa": 65, "spd": 100, "spe": 50}, "stats": {"hp": 306, "atk": 219, "def": 170, "spa": 154, "spd": 211, "spe": 129}, "types": ["Poison", "Dark"]}, "Volbeat": {"name": "Volbeat", "species": "Volbeat", "speciesId": "volbeat", "gender": "M", "shiny": false, "level": 90, "moves": ["encore", "thunderwave", "roost", "lunge"], "ability": "Prankster", "evs": {"hp": 85, "atk": 85, "def": 85, "spa": 85, "spd": 85, "spe": 85}, "ivs": {"hp": 31, "atk": 31, "def": 31, "spa": 31, "spd": 31, "spe": 31}, "item": "Heavy-Duty Boots", "teraType": "Water", "role": "Bulky Attacker", "bvs": {"hp": 65, "atk": 73, "def": 75, "spa": 47, "spd": 85, "spe": 85}, "stats": {"hp": 263, "atk": 183, "def": 186, "spa": 136, "spd": 204, "spe": 204}, "types": ["Bug"]}, "Arcanine": {"name": "Arcanine", "species": "Arcanine", "speciesId": "arcanine", "gender": "F", "shiny": false, "level": 84, "moves": ["morningsun", "extremespeed", "flareblitz", "willowisp"], "ability": "Intimidate", "evs": {"hp": 85, "atk": 85, "def": 85, "spa": 85, "spd": 85, "spe": 85}, "ivs": {"hp": 31, "atk": 31, "def": 31, "spa": 31, "spd": 31, "spe": 31}, "item": "Heavy-Duty Boots", "teraType": "Normal", "role": "Bulky Attacker", "bvs": {"hp": 90, "atk": 110, "def": 80, "spa": 100, "spd": 80, "spe": 95}, "stats": {"hp": 288, "atk": 233, "def": 183, "spa": 216, "spd": 183, "spe": 208}, "types": ["Fire"]}, "Greninja": {"name": "Greninja", "species": "Greninja-Bond", "speciesId": "greninjabond", "gender": "M", "shiny": false, "level": 80, "moves": ["gunkshot", "icebeam", "darkpulse", "hydropump"], "ability": "Battle Bond", "evs": {"hp": 85, "atk": 85, "def": 85, "spa": 85, "spd": 85, "spe": 85}, "ivs": {"hp": 31, "atk": 31, "def": 31, "spa": 31, "spd": 31, "spe": 31}, "item": "Life Orb", "teraType": "Poison", "role": "Fast Attacker", "bvs": {"hp": 72, "atk": 95, "def": 67, "spa": 103, "spd": 71, "spe": 122}, "stats": {"hp": 246, "atk": 198, "def": 153, "spa": 211, "spd": 160, "spe": 241}, "types": ["Water", "Dark"]}, "Lunala": {"name": "Lunala", "species": "Lunala", "speciesId": "lunala", "gender": "N", "shiny": false, "level": 70, "moves": ["psyshock", "moongeistbeam", "moonlight", "calmmind"], "ability": "Shadow Shield", "evs": {"hp": 85, "atk": 0, "def": 85, "spa": 85, "spd": 85, "spe": 85}, "ivs": {"hp": 31, "atk": 0, "def": 31, "spa": 31, "spd": 31, "spe": 31}, "item": "Leftovers", "teraType": "Dark", "role": "Fast Bulky Setup", "bvs": {"hp": 137, "atk": 113, "def": 89, "spa": 137, "spd": 107, "spe": 97}, "stats": {"hp": 308, "atk": 163, "def": 166, "spa": 233, "spd": 191, "spe": 177}, "types": ["Psychic", "Ghost"]}, "Dragapult": {"name": "Dragapult", "species": "Dragapult", "speciesId": "dragapult", "gender": "M", "shiny": false, "level": 77, "moves": ["dragondarts", "dragondance", "fireblast", "terablast"], "ability": "Clear Body", "evs": {"hp": 85, "atk": 85, "def": 85, "spa": 85, "spd": 85, "spe": 85}, "ivs": {"hp": 31, "atk": 31, "def": 31, "spa": 31, "spd": 31, "spe": 31}, "item": "Life Orb", "teraType": "Ghost", "role": "Tera Blast user", "bvs": {"hp": 88, "atk": 120, "def": 75, "spa": 100, "spd": 75, "spe": 142}, "stats": {"hp": 262, "atk": 229, "def": 160, "spa": 199, "spd": 160, "spe": 263}, "types": ["Dragon", "Ghost"]}}]}