{"id": "gen9randombattle-2641627816", "format": "[Gen 9] Random Battle", "players": ["talonflamecom", "tehschlif"], "log": "|j|\u2606talonflamecom\n|j|\u2606tehschlif\n|t:|1782821375\n|gametype|singles\n|player|p1|talonflamecom|red-gen2|1923\n|player|p2|tehschlif|2|1920\n|gen|9\n|tier|[Gen 9] Random Battle\n|rated|\n|rule|Species Clause: Limit one of each Pok\u00e9mon\n|rule|HP Percentage Mod: HP is shown in percentages\n|rule|Sleep Clause Mod: Limit one foe put to sleep\n|rule|Illusion Level Mod: Illusion disguises the Pok\u00e9mon's true level\n|\n|t:|1782821375\n|teamsize|p1|6\n|teamsize|p2|6\n|start\n|switch|p1a: Flutter Mane|Flutter Mane, L74|203/203\n|switch|p2a: Illumise|Illumise, L91, F|266/266\n|turn|1\n|\n|t:|1782821388\n|-end|p1a: Flutter Mane|Protosynthesis|[silent]\n|switch|p1a: Perrserker|Perrserker, L89, F|269/269\n|move|p2a: Illumise|Thunder Wave|p1a: Perrserker\n|-status|p1a: Perrserker|par\n|\n|upkeep\n|turn|2\n|inactive|Battle timer is ON: inactive players will automatically lose when time's up. (requested by talonflamecom)\n|\n|t:|1782821403\n|move|p2a: Illumise|Bug Buzz|p1a: Perrserker\n|-resisted|p1a: Perrserker\n|-damage|p1a: Perrserker|215/269 par\n|cant|p1a: Perrserker|par\n|\n|upkeep\n|turn|3\n|\n|t:|1782821426\n|switch|p2a: Vaporeon|Vaporeon, L86, F|364/364\n|move|p1a: Perrserker|Iron Head|p2a: Vaporeon\n|-resisted|p2a: Vaporeon\n|-damage|p2a: Vaporeon|240/364\n|\n|-heal|p2a: Vaporeon|262/364|[from] item: Leftovers\n|upkeep\n|turn|4\n|\n|t:|1782821443\n|switch|p1a: Politoed|Politoed, L88, F|302/302\n|-weather|RainDance|[from] ability: Drizzle|[of] p1a: Politoed\n|move|p2a: Vaporeon|Calm Mind|p2a: Vaporeon\n|-boost|p2a: Vaporeon|spa|1\n|-boost|p2a: Vaporeon|spd|1\n|\n|-weather|RainDance|[upkeep]\n|-heal|p2a: Vaporeon|284/364|[from] item: Leftovers\n|upkeep\n|turn|5\n|\n|t:|1782821449\n|move|p1a: Politoed|Encore|p2a: Vaporeon\n|-start|p2a: Vaporeon|Encore\n|move|p2a: Vaporeon|Calm Mind|p2a: Vaporeon\n|-boost|p2a: Vaporeon|spa|1\n|-boost|p2a: Vaporeon|spd|1\n|\n|-weather|RainDance|[upkeep]\n|-heal|p2a: Vaporeon|306/364|[from] item: Leftovers\n|upkeep\n|turn|6\n|\n|t:|1782821458\n|switch|p2a: Illumise|Illumise, L91, F|266/266\n|move|p1a: Politoed|Ice Beam|p2a: Illumise\n|-crit|p2a: Illumise\n|-damage|p2a: Illumise|173/266\n|\n|-weather|RainDance|[upkeep]\n|upkeep\n|turn|7\n|\n|t:|1782821464\n|switch|p1a: Perrserker|Perrserker, L89, F|215/269 par\n|move|p2a: Illumise|Roost|p2a: Illumise\n|-heal|p2a: Illumise|266/266\n|-singleturn|p2a: Illumise|move: Roost\n|\n|-weather|RainDance|[upkeep]\n|upkeep\n|turn|8\n|\n|t:|1782821468\n|move|p2a: Illumise|Bug Buzz|p1a: Perrserker\n|-resisted|p1a: Perrserker\n|-damage|p1a: Perrserker|164/269 par\n|move|p1a: Perrserker|Knock Off|p2a: Illumise\n|-damage|p2a: Illumise|84/266\n|-enditem|p2a: Illumise|Heavy-Duty Boots|[from] move: Knock Off|[of] p1a: Perrserker\n|\n|-weather|none\n|upkeep\n|turn|9\n|\n|t:|1782821479\n|move|p2a: Illumise|Encore|p1a: Perrserker\n|-start|p1a: Perrserker|Encore\n|cant|p1a: Perrserker|par\n|\n|upkeep\n|turn|10\n|\n|t:|1782821482\n|move|p2a: Illumise|Roost|p2a: Illumise\n|-heal|p2a: Illumise|217/266\n|-singleturn|p2a: Illumise|move: Roost\n|cant|p1a: Perrserker|par\n|\n|upkeep\n|turn|11\n|\n|t:|1782821489\n|move|p2a: Illumise|Bug Buzz|p1a: Perrserker\n|-resisted|p1a: Perrserker\n|-damage|p1a: Perrserker|110/269 par\n|-unboost|p1a: Perrserker|spd|1\n|move|p1a: Perrserker|Knock Off|p2a: Illumise\n|-damage|p2a: Illumise|94/266\n|\n|-end|p1a: Perrserker|Encore\n|upkeep\n|turn|12\n|\n|t:|1782821500\n|move|p2a: Illumise|Roost|p2a: Illumise\n|-heal|p2a: Illumise|227/266\n|-singleturn|p2a: Illumise|move: Roost\n|move|p1a: Perrserker|Knock Off|p2a: Illumise\n|-damage|p2a: Illumise|114/266\n|\n|upkeep\n|turn|13\n|\n|t:|1782821513\n|switch|p1a: Politoed|Politoed, L88, F|302/302\n|-weather|RainDance|[from] ability: Drizzle|[of] p1a: Politoed\n|move|p2a: Illumise|Roost|p2a: Illumise\n|-heal|p2a: Illumise|247/266\n|-singleturn|p2a: Illumise|move: Roost\n|\n|-weather|RainDance|[upkeep]\n|upkeep\n|turn|14\n|\n|t:|1782821519\n|move|p2a: Illumise|Thunder Wave|p1a: Politoed\n|-status|p1a: Politoed|par\n|move|p1a: Politoed|Hydro Pump|p2a: Illumise|[miss]\n|-miss|p1a: Politoed|p2a: Illumise\n|\n|-weather|RainDance|[upkeep]\n|upkeep\n|turn|15\n|\n|t:|1782821528\n|switch|p2a: Vaporeon|Vaporeon, L86, F|306/364\n|move|p1a: Politoed|Ice Beam|p2a: Vaporeon\n|-resisted|p2a: Vaporeon\n|-damage|p2a: Vaporeon|277/364\n|\n|-weather|RainDance|[upkeep]\n|-heal|p2a: Vaporeon|299/364|[from] item: Leftovers\n|upkeep\n|turn|16\n|\n|t:|1782821537\n|move|p2a: Vaporeon|Wish|p2a: Vaporeon\n|cant|p1a: Politoed|par\n|\n|-weather|RainDance|[upkeep]\n|-heal|p2a: Vaporeon|321/364|[from] item: Leftovers\n|upkeep\n|turn|17\n|inactive|tehschlif has 120 seconds left.\n|\n|t:|1782821568\n|switch|p2a: Primarina|Primarina, L83, F|268/268\n|move|p1a: Politoed|Ice Beam|p2a: Primarina\n|-resisted|p2a: Primarina\n|-damage|p2a: Primarina|241/268\n|-status|p2a: Primarina|frz\n|\n|-weather|none\n|-heal|p2a: Primarina|268/268 frz|[from] move: Wish|[wisher] Vaporeon\n|upkeep\n|turn|18\n|\n|t:|1782821584\n|switch|p1a: Perrserker|Perrserker, L89, F|110/269 par\n|cant|p2a: Primarina|frz\n|\n|upkeep\n|turn|19\n|\n|t:|1782821588\n|cant|p2a: Primarina|frz\n|move|p1a: Perrserker|Knock Off|p2a: Primarina\n|-resisted|p2a: Primarina\n|-damage|p2a: Primarina|177/268 frz\n|-enditem|p2a: Primarina|Leftovers|[from] move: Knock Off|[of] p1a: Perrserker\n|\n|upkeep\n|turn|20\n|\n|t:|1782821603\n|switch|p1a: Flutter Mane|Flutter Mane, L74|203/203\n|cant|p2a: Primarina|frz\n|\n|upkeep\n|turn|21\n|\n|t:|1782821613\n|move|p1a: Flutter Mane|Calm Mind|p1a: Flutter Mane\n|-boost|p1a: Flutter Mane|spa|1\n|-boost|p1a: Flutter Mane|spd|1\n|cant|p2a: Primarina|frz\n|\n|upkeep\n|turn|22\n|\n|t:|1782821617\n|switch|p2a: Illumise|Illumise, L91, F|247/266\n|move|p1a: Flutter Mane|Moonblast|p2a: Illumise\n|-damage|p2a: Illumise|74/266\n|-damage|p1a: Flutter Mane|183/203|[from] item: Life Orb\n|\n|upkeep\n|turn|23\n|\n|t:|1782821622\n|-terastallize|p1a: Flutter Mane|Electric\n|move|p2a: Illumise|Thunder Wave|p1a: Flutter Mane\n|-immune|p1a: Flutter Mane\n|move|p1a: Flutter Mane|Moonblast|p2a: Illumise\n|-crit|p2a: Illumise\n|-damage|p2a: Illumise|0 fnt\n|faint|p2a: Illumise\n|-damage|p1a: Flutter Mane|163/203|[from] item: Life Orb\n|\n|upkeep\n|\n|t:|1782821642\n|switch|p2a: Koraidon|Koraidon, L64|235/235\n|-weather|SunnyDay|[from] ability: Orichalcum Pulse|[of] p2a: Koraidon\n|-activate|p1a: Flutter Mane|ability: Protosynthesis\n|-start|p1a: Flutter Mane|protosynthesisspa\n|-activate|p2a: Koraidon|Orichalcum Pulse|[source]\n|turn|24\n|\n|t:|1782821662\n|-terastallize|p2a: Koraidon|Fire\n|move|p1a: Flutter Mane|Thunderbolt|p2a: Koraidon\n|-damage|p2a: Koraidon|0 fnt\n|faint|p2a: Koraidon\n|-damage|p1a: Flutter Mane|143/203|[from] item: Life Orb\n|\n|-weather|SunnyDay|[upkeep]\n|upkeep\n|\n|t:|1782821668\n|switch|p2a: Meloetta|Meloetta, L82|298/298\n|turn|25\n|\n|t:|1782821697\n|move|p1a: Flutter Mane|Moonblast|p2a: Meloetta\n|-damage|p2a: Meloetta|94/298\n|-unboost|p2a: Meloetta|spa|1\n|-damage|p1a: Flutter Mane|123/203|[from] item: Life Orb\n|move|p2a: Meloetta|Psyshock|p1a: Flutter Mane\n|-damage|p1a: Flutter Mane|20/203\n|\n|-weather|SunnyDay|[upkeep]\n|-heal|p2a: Meloetta|112/298|[from] item: Leftovers\n|upkeep\n|turn|26\n|\n|t:|1782821711\n|switch|p2a: Primarina|Primarina, L83, F|177/268 frz\n|move|p1a: Flutter Mane|Thunderbolt|p2a: Primarina\n|-supereffective|p2a: Primarina\n|-damage|p2a: Primarina|0 fnt\n|faint|p2a: Primarina\n|-damage|p1a: Flutter Mane|0 fnt|[from] item: Life Orb\n|faint|p1a: Flutter Mane\n|-end|p1a: Flutter Mane|Protosynthesis|[silent]\n|\n|-weather|SunnyDay|[upkeep]\n|upkeep\n|\n|t:|1782821722\n|switch|p1a: Perrserker|Perrserker, L89, F|110/269 par\n|switch|p2a: Meloetta|Meloetta, L82|112/298\n|turn|27\n|\n|t:|1782821733\n|move|p2a: Meloetta|Focus Blast|p1a: Perrserker\n|-supereffective|p1a: Perrserker\n|-damage|p1a: Perrserker|0 fnt\n|faint|p1a: Perrserker\n|\n|-weather|SunnyDay|[upkeep]\n|-heal|p2a: Meloetta|130/298|[from] item: Leftovers\n|upkeep\n|inactive|talonflamecom has 120 seconds left.\n|\n|t:|1782821768\n|switch|p1a: Politoed|Politoed, L88, F|302/302 par\n|-weather|RainDance|[from] ability: Drizzle|[of] p1a: Politoed\n|turn|28\n|\n|t:|1782821777\n|move|p2a: Meloetta|Hyper Voice|p1a: Politoed\n|-damage|p1a: Politoed|211/302 par\n|move|p1a: Politoed|Ice Beam|p2a: Meloetta\n|-damage|p2a: Meloetta|80/298\n|\n|-weather|RainDance|[upkeep]\n|-heal|p2a: Meloetta|98/298|[from] item: Leftovers\n|-heal|p1a: Politoed|229/302 par|[from] item: Leftovers\n|upkeep\n|turn|29\n|\n|t:|1782821791\n|switch|p2a: Vaporeon|Vaporeon, L86, F|321/364\n|move|p1a: Politoed|Ice Beam|p2a: Vaporeon\n|-resisted|p2a: Vaporeon\n|-damage|p2a: Vaporeon|290/364\n|-status|p2a: Vaporeon|frz\n|\n|-weather|RainDance|[upkeep]\n|-heal|p2a: Vaporeon|312/364 frz|[from] item: Leftovers\n|-heal|p1a: Politoed|247/302 par|[from] item: Leftovers\n|upkeep\n|turn|30\n|\n|t:|1782821799\n|switch|p1a: Poliwrath|Poliwrath, L88, M|302/302\n|cant|p2a: Vaporeon|frz\n|\n|-weather|RainDance|[upkeep]\n|-heal|p2a: Vaporeon|334/364 frz|[from] item: Leftovers\n|upkeep\n|turn|31\n|\n|t:|1782821805\n|move|p1a: Poliwrath|Knock Off|p2a: Vaporeon\n|-damage|p2a: Vaporeon|203/364 frz\n|-enditem|p2a: Vaporeon|Leftovers|[from] move: Knock Off|[of] p1a: Poliwrath\n|-damage|p1a: Poliwrath|272/302|[from] item: Life Orb\n|-curestatus|p2a: Vaporeon|frz|[msg]\n|move|p2a: Vaporeon|Calm Mind|p2a: Vaporeon\n|-boost|p2a: Vaporeon|spa|1\n|-boost|p2a: Vaporeon|spd|1\n|\n|-weather|RainDance|[upkeep]\n|upkeep\n|turn|32\n|\n|t:|1782821814\n|move|p1a: Poliwrath|Close Combat|p2a: Vaporeon\n|-damage|p2a: Vaporeon|0 fnt\n|-unboost|p1a: Poliwrath|def|1\n|-unboost|p1a: Poliwrath|spd|1\n|faint|p2a: Vaporeon\n|-damage|p1a: Poliwrath|242/302|[from] item: Life Orb\n|\n|-weather|none\n|upkeep\n|\n|t:|1782821820\n|switch|p2a: Meloetta|Meloetta, L82|98/298\n|turn|33\n|\n|t:|1782821826\n|switch|p1a: Politoed|Politoed, L88, F|247/302 par\n|-weather|RainDance|[from] ability: Drizzle|[of] p1a: Politoed\n|move|p2a: Meloetta|Psyshock|p1a: Politoed\n|-damage|p1a: Politoed|133/302 par\n|\n|-weather|RainDance|[upkeep]\n|-heal|p2a: Meloetta|116/298|[from] item: Leftovers\n|-heal|p1a: Politoed|151/302 par|[from] item: Leftovers\n|upkeep\n|turn|34\n|\n|t:|1782821838\n|move|p2a: Meloetta|Psyshock|p1a: Politoed\n|-damage|p1a: Politoed|45/302 par\n|move|p1a: Politoed|Hydro Pump|p2a: Meloetta|[miss]\n|-miss|p1a: Politoed|p2a: Meloetta\n|\n|-weather|RainDance|[upkeep]\n|-heal|p2a: Meloetta|134/298|[from] item: Leftovers\n|-heal|p1a: Politoed|63/302 par|[from] item: Leftovers\n|upkeep\n|turn|35\n|\n|t:|1782821842\n|move|p2a: Meloetta|Psyshock|p1a: Politoed\n|-damage|p1a: Politoed|0 fnt\n|faint|p1a: Politoed\n|\n|-weather|RainDance|[upkeep]\n|-heal|p2a: Meloetta|152/298|[from] item: Leftovers\n|upkeep\n|\n|t:|1782821848\n|switch|p1a: Poliwrath|Poliwrath, L88, M|242/302\n|turn|36\n|\n|t:|1782821853\n|move|p1a: Poliwrath|Liquidation|p2a: Meloetta\n|-damage|p2a: Meloetta|0 fnt\n|faint|p2a: Meloetta\n|-damage|p1a: Poliwrath|212/302|[from] item: Life Orb\n|\n|-weather|RainDance|[upkeep]\n|upkeep\n|\n|t:|1782821856\n|switch|p2a: Lycanroc|Lycanroc, L86, F|269/269\n|turn|37\n|\n|t:|1782821861\n|move|p1a: Poliwrath|Liquidation|p2a: Lycanroc\n|-supereffective|p2a: Lycanroc\n|-damage|p2a: Lycanroc|0 fnt\n|faint|p2a: Lycanroc\n|-damage|p1a: Poliwrath|182/302|[from] item: Life Orb\n|\n|win|talonflamecom\n|raw|talonflamecom's rating: 1923 &rarr; <strong>1943</strong><br />(+20 for winning)\n|raw|tehschlif's rating: 1920 &rarr; <strong>1900</strong><br />(-20 for losing)\n", "inputlog": ">version f8ac14003a5f27e1bdc8d8c59608a773c1cb96e5\n>start {\"formatid\":\"gen9randombattle\",\"seed\":\"sodium,5a3cb8d6e9c58a3b6185e7ef5e5035c2\",\"rated\":\"Rated battle\"}\n>player p1 {\"name\":\"talonflamecom\",\"avatar\":\"red-gen2\",\"rating\":1923,\"seed\":\"sodium,cd9f8343efd9b925e4b087f3635d8cb5\"}\n>player p2 {\"name\":\"tehschlif\",\"avatar\":\"2\",\"rating\":1920,\"seed\":\"sodium,6507c6b5c3c2c547790633dd66239c97\"}\n>p1 switch 6\n>p2 move thunderwave\n>p1 move uturn\n>p2 move bugbuzz\n>p1 move ironhead\n>p2 switch 5\n>p1 switch 4\n>p2 move calmmind\n>p1 move encore\n>p2 move calmmind\n>p1 move icebeam\n>p2 switch 5\n>p1 switch 4\n>p2 move roost\n>p1 move knockoff\n>p2 move bugbuzz\n>p1 move knockoff\n>p2 move encore\n>p1 move knockoff\n>p2 move roost\n>p1 move knockoff\n>p2 move bugbuzz\n>p1 move knockoff\n>p2 move roost\n>p1 switch 4\n>p2 move roost\n>p1 move hydropump\n>p2 move thunderwave\n>p1 move icebeam\n>p2 switch 5\n>p1 move encore\n>p2 move wish\n>p1 move icebeam\n>p2 switch 4\n>p1 switch 4\n>p2 move calmmind\n>p1 move knockoff\n>p2 move sparklingaria\n>p1 switch 6\n>p2 move sparklingaria\n>p1 move calmmind\n>p2 move sparklingaria\n>p1 move moonblast\n>p2 switch 5\n>p1 move moonblast terastallize\n>p2 move thunderwave\n>p2 switch 6\n>p1 move thunderbolt\n>p2 move flareblitz terastallize\n>p2 switch 2\n>p1 move moonblast\n>p2 move psyshock\n>p1 move thunderbolt\n>p2 switch 5\n>p1 switch 6\n>p2 switch 5\n>p1 move uturn\n>p2 move focusblast\n>p1 switch 4\n>p1 move icebeam\n>p2 move hypervoice\n>p1 move icebeam\n>p2 switch 4\n>p1 switch 3\n>p2 move calmmind\n>p1 move knockoff\n>p2 move calmmind\n>p1 move closecombat\n>p2 move wish\n>p2 switch 4\n>p1 switch 3\n>p2 move psyshock\n>p1 move hydropump\n>p2 move psyshock\n>p1 move hydropump\n>p2 move psyshock\n>p1 switch 3\n>p1 move liquidation\n>p2 move psyshock\n>p2 switch 3\n>p1 move liquidation\n>p2 move psychicfangs", "uploadtime": 1782821376, "views": 4, "formatid": "gen9randombattle", "rating": 1900, "private": 0, "password": null, "player_dets": [{"name": "talonflamecom", "avatar": "red-gen2", "rating": 1923, "seed": "sodium,cd9f8343efd9b925e4b087f3635d8cb5"}, {"name": "tehschlif", "avatar": "2", "rating": 1920, "seed": "sodium,6507c6b5c3c2c547790633dd66239c97"}], "teams_full": [{"Flutter Mane": {"name": "Flutter Mane", "species": "Flutter Mane", "speciesId": "fluttermane", "gender": "N", "shiny": false, "level": 74, "moves": ["thunderbolt", "shadowball", "calmmind", "moonblast"], "ability": "Protosynthesis", "evs": {"hp": 85, "atk": 0, "def": 85, "spa": 85, "spd": 85, "spe": 85}, "ivs": {"hp": 31, "atk": 0, "def": 31, "spa": 31, "spd": 31, "spe": 31}, "item": "Life Orb", "teraType": "Electric", "role": "Setup Sweeper", "bvs": {"hp": 55, "atk": 55, "def": 55, "spa": 135, "spd": 135, "spe": 135}, "stats": {"hp": 203, "atk": 86, "def": 124, "spa": 243, "spd": 243, "spe": 243}, "types": ["Ghost", "Fairy"]}, "Urshifu": {"name": "Urshifu", "species": "Urshifu", "speciesId": "urshifu", "gender": "M", "shiny": false, "level": 74, "moves": ["closecombat", "wickedblow", "poisonjab", "swordsdance"], "ability": "Unseen Fist", "evs": {"hp": 85, "atk": 85, "def": 85, "spa": 85, "spd": 85, "spe": 85}, "ivs": {"hp": 31, "atk": 31, "def": 31, "spa": 31, "spd": 31, "spe": 31}, "item": "Life Orb", "teraType": "Fighting", "role": "Fast Attacker", "bvs": {"hp": 100, "atk": 130, "def": 100, "spa": 63, "spd": 60, "spe": 97}, "stats": {"hp": 270, "atk": 235, "def": 191, "spa": 136, "spd": 132, "spe": 187}, "types": ["Fighting", "Dark"]}, "Poliwrath": {"name": "Poliwrath", "species": "Poliwrath", "speciesId": "poliwrath", "gender": "M", "shiny": false, "level": 88, "moves": ["liquidation", "knockoff", "raindance", "closecombat"], "ability": "Swift Swim", "evs": {"hp": 85, "atk": 85, "def": 85, "spa": 85, "spd": 85, "spe": 85}, "ivs": {"hp": 31, "atk": 31, "def": 31, "spa": 31, "spd": 31, "spe": 31}, "item": "Life Orb", "teraType": "Dark", "role": "Setup Sweeper", "bvs": {"hp": 90, "atk": 95, "def": 95, "spa": 70, "spd": 90, "spe": 70}, "stats": {"hp": 302, "atk": 217, "def": 217, "spa": 173, "spd": 209, "spe": 173}, "types": ["Water", "Fighting"]}, "Politoed": {"name": "Politoed", "species": "Politoed", "speciesId": "politoed", "gender": "F", "shiny": false, "level": 88, "moves": ["encore", "icebeam", "haze", "hydropump"], "ability": "Drizzle", "evs": {"hp": 85, "atk": 0, "def": 85, "spa": 85, "spd": 85, "spe": 85}, "ivs": {"hp": 31, "atk": 0, "def": 31, "spa": 31, "spd": 31, "spe": 31}, "item": "Leftovers", "teraType": "Water", "role": "Bulky Attacker", "bvs": {"hp": 90, "atk": 75, "def": 75, "spa": 90, "spd": 100, "spe": 70}, "stats": {"hp": 302, "atk": 137, "def": 182, "spa": 209, "spd": 226, "spe": 173}, "types": ["Water"]}, "Mew": {"name": "Mew", "species": "Mew", "speciesId": "mew", "gender": "N", "shiny": false, "level": 82, "moves": ["hydropump", "nastyplot", "psychic", "earthpower"], "ability": "Synchronize", "evs": {"hp": 85, "atk": 0, "def": 85, "spa": 85, "spd": 85, "spe": 85}, "ivs": {"hp": 31, "atk": 0, "def": 31, "spa": 31, "spd": 31, "spe": 31}, "item": "Life Orb", "teraType": "Ground", "role": "Fast Bulky Setup", "bvs": {"hp": 100, "atk": 100, "def": 100, "spa": 100, "spd": 100, "spe": 100}, "stats": {"hp": 298, "atk": 169, "def": 211, "spa": 211, "spd": 211, "spe": 211}, "types": ["Psychic"]}, "Perrserker": {"name": "Perrserker", "species": "Perrserker", "speciesId": "perrserker", "gender": "F", "shiny": false, "level": 89, "moves": ["ironhead", "closecombat", "uturn", "knockoff"], "ability": "Tough Claws", "evs": {"hp": 85, "atk": 85, "def": 85, "spa": 85, "spd": 85, "spe": 85}, "ivs": {"hp": 31, "atk": 31, "def": 31, "spa": 31, "spd": 31, "spe": 31}, "item": "Choice Band", "teraType": "Fighting", "role": "Fast Attacker", "bvs": {"hp": 70, "atk": 110, "def": 100, "spa": 50, "spd": 60, "spe": 50}, "stats": {"hp": 269, "atk": 247, "def": 229, "spa": 140, "spd": 158, "spe": 140}, "types": ["Steel"]}}, {"Illumise": {"name": "Illumise", "species": "Illumise", "speciesId": "illumise", "gender": "F", "shiny": false, "level": 91, "moves": ["roost", "encore", "bugbuzz", "thunderwave"], "ability": "Prankster", "evs": {"hp": 85, "atk": 0, "def": 85, "spa": 85, "spd": 85, "spe": 85}, "ivs": {"hp": 31, "atk": 0, "def": 31, "spa": 31, "spd": 31, "spe": 31}, "item": "Heavy-Duty Boots", "teraType": "Steel", "role": "Bulky Support", "bvs": {"hp": 65, "atk": 47, "def": 75, "spa": 73, "spd": 85, "spe": 85}, "stats": {"hp": 266, "atk": 90, "def": 188, "spa": 185, "spd": 207, "spe": 207}, "types": ["Bug"]}, "Meloetta": {"name": "Meloetta", "species": "Meloetta", "speciesId": "meloetta", "gender": "N", "shiny": false, "level": 82, "moves": ["hypervoice", "calmmind", "psyshock", "focusblast"], "ability": "Serene Grace", "evs": {"hp": 85, "atk": 0, "def": 85, "spa": 85, "spd": 85, "spe": 85}, "ivs": {"hp": 31, "atk": 0, "def": 31, "spa": 31, "spd": 31, "spe": 31}, "item": "Leftovers", "teraType": "Fighting", "role": "Bulky Attacker", "bvs": {"hp": 100, "atk": 77, "def": 77, "spa": 128, "spd": 128, "spe": 90}, "stats": {"hp": 298, "atk": 131, "def": 173, "spa": 257, "spd": 257, "spe": 195}, "types": ["Normal", "Psychic"]}, "Lycanroc": {"name": "Lycanroc", "species": "Lycanroc", "speciesId": "lycanroc", "gender": "F", "shiny": false, "level": 86, "moves": ["taunt", "closecombat", "psychicfangs", "stoneedge"], "ability": "Sand Rush", "evs": {"hp": 85, "atk": 85, "def": 85, "spa": 85, "spd": 85, "spe": 85}, "ivs": {"hp": 31, "atk": 31, "def": 31, "spa": 31, "spd": 31, "spe": 31}, "item": "Life Orb", "teraType": "Fighting", "role": "Fast Attacker", "bvs": {"hp": 75, "atk": 115, "def": 65, "spa": 55, "spd": 65, "spe": 112}, "stats": {"hp": 269, "atk": 247, "def": 161, "spa": 144, "spd": 161, "spe": 242}, "types": ["Rock"]}, "Primarina": {"name": "Primarina", "species": "Primarina", "speciesId": "primarina", "gender": "F", "shiny": false, "level": 83, "moves": ["psychic", "calmmind", "sparklingaria", "drainingkiss"], "ability": "Torrent", "evs": {"hp": 85, "atk": 0, "def": 85, "spa": 85, "spd": 85, "spe": 85}, "ivs": {"hp": 31, "atk": 0, "def": 31, "spa": 31, "spd": 31, "spe": 31}, "item": "Leftovers", "teraType": "Poison", "role": "Bulky Attacker", "bvs": {"hp": 80, "atk": 74, "def": 74, "spa": 126, "spd": 116, "spe": 60}, "stats": {"hp": 268, "atk": 127, "def": 171, "spa": 257, "spd": 240, "spe": 147}, "types": ["Water", "Fairy"]}, "Vaporeon": {"name": "Vaporeon", "species": "Vaporeon", "speciesId": "vaporeon", "gender": "F", "shiny": false, "level": 86, "moves": ["calmmind", "protect", "scald", "wish"], "ability": "Water Absorb", "evs": {"hp": 85, "atk": 0, "def": 85, "spa": 85, "spd": 85, "spe": 85}, "ivs": {"hp": 31, "atk": 0, "def": 31, "spa": 31, "spd": 31, "spe": 31}, "item": "Leftovers", "teraType": "Ghost", "role": "Bulky Setup", "bvs": {"hp": 130, "atk": 65, "def": 60, "spa": 110, "spd": 95, "spe": 65}, "stats": {"hp": 364, "atk": 116, "def": 152, "spa": 238, "spd": 213, "spe": 161}, "types": ["Water"]}, "Koraidon": {"name": "Koraidon", "species": "Koraidon", "speciesId": "koraidon", "gender": "N", "shiny": false, "level": 64, "moves": ["uturn", "outrage", "flareblitz", "closecombat"], "ability": "Orichalcum Pulse", "evs": {"hp": 85, "atk": 85, "def": 85, "spa": 85, "spd": 85, "spe": 85}, "ivs": {"hp": 31, "atk": 31, "def": 31, "spa": 31, "spd": 31, "spe": 31}, "item": "Choice Band", "teraType": "Fire", "role": "Fast Attacker", "bvs": {"hp": 100, "atk": 135, "def": 115, "spa": 85, "spd": 100, "spe": 135}, "stats": {"hp": 235, "atk": 211, "def": 185, "spa": 147, "spd": 166, "spe": 211}, "types": ["Fighting", "Dragon"]}}]}