{"id": "gen9randombattle-2641394914", "format": "[Gen 9] Random Battle", "players": ["emeemem", "Best Kittel"], "log": "|j|\u2606emeemem\n|j|\u2606Best Kittel\n|t:|1782778266\n|gametype|singles\n|player|p1|emeemem|bugcatcher-gen4dp|1863\n|player|p2|Best Kittel|volkner|1811\n|gen|9\n|tier|[Gen 9] Random Battle\n|rated|\n|rule|Species Clause: Limit one of each Pok\u00e9mon\n|rule|HP Percentage Mod: HP is shown in percentages\n|rule|Sleep Clause Mod: Limit one foe put to sleep\n|rule|Illusion Level Mod: Illusion disguises the Pok\u00e9mon's true level\n|\n|t:|1782778266\n|teamsize|p1|6\n|teamsize|p2|6\n|start\n|switch|p1a: Drednaw|Drednaw, L81, M|278/278\n|switch|p2a: Garchomp|Garchomp, L74, M|282/282\n|turn|1\n|inactive|Battle timer is ON: inactive players will automatically lose when time's up. (requested by emeemem)\n|inactive|emeemem has 120 seconds left.\n|\n|t:|1782778308\n|switch|p2a: Gothitelle|Gothitelle, L90, F|272/272\n|switch|p1a: Delibird|Delibird, M|252/252\n|\n|upkeep\n|turn|2\n|\n|t:|1782778323\n|move|p2a: Gothitelle|Psychic|p1a: Delibird\n|-damage|p1a: Delibird|113/252\n|move|p1a: Delibird|Brave Bird|p2a: Gothitelle\n|-damage|p2a: Gothitelle|125/272\n|-damage|p1a: Delibird|64/252|[from] Recoil\n|\n|upkeep\n|turn|3\n|\n|t:|1782778335\n|move|p2a: Gothitelle|Psychic|p1a: Delibird\n|-damage|p1a: Delibird|0 fnt\n|faint|p1a: Delibird\n|\n|upkeep\n|\n|t:|1782778339\n|switch|p1a: Bombirdier|Bombirdier, L85, M|258/258\n|turn|4\n|\n|t:|1782778347\n|switch|p2a: Tinkaton|Tinkaton, L82, F|274/274\n|-ability|p2a: Tinkaton|Mold Breaker\n|move|p1a: Bombirdier|Knock Off|p2a: Tinkaton\n|-resisted|p2a: Tinkaton\n|-damage|p2a: Tinkaton|216/274\n|-enditem|p2a: Tinkaton|Leftovers|[from] move: Knock Off|[of] p1a: Bombirdier\n|\n|upkeep\n|turn|5\n|\n|t:|1782778360\n|switch|p1a: Copperajah|Copperajah, L86, M|350/350\n|move|p2a: Tinkaton|Swords Dance|p2a: Tinkaton\n|-boost|p2a: Tinkaton|atk|2\n|\n|upkeep\n|turn|6\n|\n|t:|1782778372\n|switch|p2a: Gastrodon|Gastrodon-East, L86, F|331/331\n|move|p1a: Copperajah|Earthquake|p2a: Gastrodon\n|-crit|p2a: Gastrodon\n|-damage|p2a: Gastrodon|123/331\n|-damage|p1a: Copperajah|315/350|[from] item: Life Orb\n|\n|-heal|p2a: Gastrodon|143/331|[from] item: Leftovers\n|upkeep\n|turn|7\n|\n|t:|1782778388\n|move|p2a: Gastrodon|Earthquake|p1a: Copperajah\n|-supereffective|p1a: Copperajah\n|-damage|p1a: Copperajah|69/350\n|move|p1a: Copperajah|Stealth Rock|p2a: Gastrodon\n|-sidestart|p2: Best Kittel|move: Stealth Rock\n|\n|-heal|p2a: Gastrodon|163/331|[from] item: Leftovers\n|upkeep\n|turn|8\n|\n|t:|1782778412\n|move|p2a: Gastrodon|Surf|p1a: Copperajah\n|-damage|p1a: Copperajah|0 fnt\n|faint|p1a: Copperajah\n|\n|-heal|p2a: Gastrodon|183/331|[from] item: Leftovers\n|upkeep\n|inactive|emeemem has 120 seconds left.\n|\n|t:|1782778429\n|switch|p1a: Drednaw|Drednaw, L81, M|278/278\n|turn|9\n|\n|t:|1782778436\n|move|p1a: Drednaw|Shell Smash|p1a: Drednaw\n|-unboost|p1a: Drednaw|def|1\n|-unboost|p1a: Drednaw|spd|1\n|-boost|p1a: Drednaw|atk|2\n|-boost|p1a: Drednaw|spa|2\n|-boost|p1a: Drednaw|spe|2\n|-enditem|p1a: Drednaw|White Herb\n|-clearnegativeboost|p1a: Drednaw|[silent]\n|move|p2a: Gastrodon|Earthquake|p1a: Drednaw\n|-supereffective|p1a: Drednaw\n|-damage|p1a: Drednaw|80/278\n|\n|-heal|p2a: Gastrodon|203/331|[from] item: Leftovers\n|upkeep\n|turn|10\n|\n|t:|1782778446\n|-terastallize|p1a: Drednaw|Ground\n|move|p1a: Drednaw|Earthquake|p2a: Gastrodon\n|-damage|p2a: Gastrodon|0 fnt\n|faint|p2a: Gastrodon\n|\n|upkeep\n|\n|t:|1782778465\n|switch|p2a: Komala|Komala, L88, M|258/258\n|-damage|p2a: Komala|226/258|[from] Stealth Rock\n|-ability|p2a: Komala|Comatose\n|turn|11\n|\n|t:|1782778471\n|move|p1a: Drednaw|Earthquake|p2a: Komala\n|-damage|p2a: Komala|0 fnt\n|faint|p2a: Komala\n|\n|upkeep\n|\n|t:|1782778484\n|switch|p2a: Gothitelle|Gothitelle, L90, F|125/272\n|-damage|p2a: Gothitelle|91/272|[from] Stealth Rock\n|turn|12\n|\n|t:|1782778491\n|move|p1a: Drednaw|Liquidation|p2a: Gothitelle\n|-damage|p2a: Gothitelle|0 fnt\n|faint|p2a: Gothitelle\n|\n|upkeep\n|\n|t:|1782778506\n|switch|p2a: Tinkaton|Tinkaton, L82, F|216/274\n|-damage|p2a: Tinkaton|199/274|[from] Stealth Rock\n|-ability|p2a: Tinkaton|Mold Breaker\n|turn|13\n|\n|t:|1782778522\n|move|p2a: Tinkaton|Protect|p2a: Tinkaton\n|-singleturn|p2a: Tinkaton|Protect\n|move|p1a: Drednaw|Liquidation|p2a: Tinkaton\n|-activate|p2a: Tinkaton|move: Protect\n|\n|upkeep\n|turn|14\n|\n|t:|1782778528\n|move|p1a: Drednaw|Earthquake|p2a: Tinkaton\n|-supereffective|p2a: Tinkaton\n|-damage|p2a: Tinkaton|0 fnt\n|faint|p2a: Tinkaton\n|\n|upkeep\n|\n|t:|1782778532\n|switch|p2a: Slither Wing|Slither Wing, L81|270/270\n|-damage|p2a: Slither Wing|237/270|[from] Stealth Rock\n|-enditem|p2a: Slither Wing|Booster Energy\n|-activate|p2a: Slither Wing|ability: Protosynthesis|[fromitem]\n|-start|p2a: Slither Wing|protosynthesisatk\n|turn|15\n|\n|t:|1782778539\n|move|p1a: Drednaw|Liquidation|p2a: Slither Wing\n|-damage|p2a: Slither Wing|24/270\n|move|p2a: Slither Wing|Acrobatics|p1a: Drednaw\n|-damage|p1a: Drednaw|0 fnt\n|faint|p1a: Drednaw\n|\n|upkeep\n|\n|t:|1782778552\n|switch|p1a: Bombirdier|Bombirdier, L85, M|258/258\n|turn|16\n|\n|t:|1782778560\n|move|p1a: Bombirdier|Brave Bird|p2a: Slither Wing\n|-supereffective|p2a: Slither Wing\n|-damage|p2a: Slither Wing|0 fnt\n|faint|p2a: Slither Wing\n|-end|p2a: Slither Wing|Protosynthesis|[silent]\n|-damage|p1a: Bombirdier|250/258|[from] Recoil\n|\n|upkeep\n|\n|t:|1782778562\n|switch|p2a: Garchomp|Garchomp, L74, M|282/282\n|-damage|p2a: Garchomp|265/282|[from] Stealth Rock\n|turn|17\n|\n|t:|1782778568\n|move|p2a: Garchomp|Swords Dance|p2a: Garchomp\n|-boost|p2a: Garchomp|atk|2\n|move|p1a: Bombirdier|U-turn|p2a: Garchomp\n|-damage|p2a: Garchomp|204/282\n|-damage|p1a: Bombirdier|218/258|[from] ability: Rough Skin|[of] p2a: Garchomp\n|\n|t:|1782778570\n|switch|p1a: Iron Valiant|Iron Valiant, L78|244/244|[from] U-turn\n|\n|upkeep\n|turn|18\n|\n|t:|1782778581\n|-terastallize|p2a: Garchomp|Fire\n|move|p1a: Iron Valiant|Spirit Break|p2a: Garchomp\n|-resisted|p2a: Garchomp\n|-damage|p2a: Garchomp|139/282\n|-unboost|p2a: Garchomp|spa|1\n|-damage|p1a: Iron Valiant|214/244|[from] ability: Rough Skin|[of] p2a: Garchomp\n|-damage|p1a: Iron Valiant|190/244|[from] item: Life Orb\n|move|p2a: Garchomp|Earthquake|p1a: Iron Valiant\n|-damage|p1a: Iron Valiant|0 fnt\n|faint|p1a: Iron Valiant\n|-end|p1a: Iron Valiant|Quark Drive|[silent]\n|\n|upkeep\n|\n|t:|1782778585\n|switch|p1a: Iron Hands|Iron Hands, L79|373/373\n|turn|19\n|\n|t:|1782778591\n|move|p1a: Iron Hands|Fake Out|p2a: Garchomp\n|-damage|p2a: Garchomp|100/282\n|-damage|p1a: Iron Hands|327/373|[from] ability: Rough Skin|[of] p2a: Garchomp\n|cant|p2a: Garchomp|flinch\n|\n|upkeep\n|turn|20\n|\n|t:|1782778597\n|move|p2a: Garchomp|Earthquake|p1a: Iron Hands\n|-supereffective|p1a: Iron Hands\n|-damage|p1a: Iron Hands|0 fnt\n|faint|p1a: Iron Hands\n|-end|p1a: Iron Hands|Quark Drive|[silent]\n|\n|upkeep\n|\n|t:|1782778600\n|switch|p1a: Bombirdier|Bombirdier, L85, M|218/258\n|turn|21\n|\n|t:|1782778605\n|move|p2a: Garchomp|Scale Shot|p1a: Bombirdier\n|-damage|p1a: Bombirdier|169/258\n|-damage|p1a: Bombirdier|117/258\n|-damage|p1a: Bombirdier|65/258\n|-damage|p1a: Bombirdier|10/258\n|-damage|p1a: Bombirdier|0 fnt\n|faint|p1a: Bombirdier\n|-hitcount|p1: Bombirdier|5\n|\n|win|Best Kittel\n|raw|emeemem's rating: 1863 &rarr; <strong>1841</strong><br />(-22 for losing)\n|raw|Best Kittel's rating: 1830 &rarr; <strong>1852</strong><br />(+22 for winning)\n|l|\u2606emeemem\n|player|p1|\n", "inputlog": ">version f8ac14003a5f27e1bdc8d8c59608a773c1cb96e5\n>start {\"formatid\":\"gen9randombattle\",\"seed\":\"sodium,cc2f9091063e3b97cd20611c9333c0ca\",\"rated\":\"Rated battle\"}\n>player p1 {\"name\":\"emeemem\",\"avatar\":\"bugcatcher-gen4dp\",\"rating\":1863,\"seed\":\"sodium,0ab1ab0e549c6701e7903d3d56dd4400\"}\n>player p2 {\"name\":\"Best Kittel\",\"avatar\":\"volkner\",\"rating\":1811,\"seed\":\"sodium,01c89e6df09ac5dbea243f7842785536\"}\n>p1 switch 2\n>p2 switch 2\n>p1 move bravebird\n>p2 move psychic\n>p1 move bravebird\n>p2 move psychic\n>p1 switch 5\n>p1 move knockoff\n>p2 switch 4\n>p1 switch 3\n>p2 move swordsdance\n>p1 move earthquake\n>p2 switch 5\n>p1 move stealthrock\n>p2 move earthquake\n>p1 move playrough\n>p2 move surf\n>p1 switch 2\n>p1 move shellsmash\n>p2 move earthquake\n>p1 move earthquake terastallize\n>p2 move earthquake\n>p2 switch 3\n>p1 move earthquake\n>p2 move bodyslam\n>p2 switch 4\n>p1 move liquidation\n>p2 move darkpulse\n>p2 switch 5\n>p1 move liquidation\n>p2 move protect\n>p1 move earthquake\n>p2 move gigatonhammer\n>p2 switch 6\n>p1 move liquidation\n>p2 move acrobatics\n>p1 switch 3\n>p1 move bravebird\n>p2 move closecombat\n>p2 switch 2\n>p1 move uturn\n>p2 move swordsdance\n>p1 switch 6\n>p1 move spiritbreak\n>p2 move earthquake terastallize\n>p1 switch 4\n>p1 move fakeout\n>p2 move earthquake\n>p1 move drainpunch\n>p2 move earthquake\n>p1 switch 6\n>p1 move bravebird\n>p2 move scaleshot", "uploadtime": 1782778617, "views": 5, "formatid": "gen9randombattle", "rating": 1841, "private": 0, "password": null, "player_dets": [{"name": "emeemem", "avatar": "bugcatcher-gen4dp", "rating": 1863, "seed": "sodium,0ab1ab0e549c6701e7903d3d56dd4400"}, {"name": "Best Kittel", "avatar": "volkner", "rating": 1811, "seed": "sodium,01c89e6df09ac5dbea243f7842785536"}], "teams_full": [{"Drednaw": {"name": "Drednaw", "species": "Drednaw", "speciesId": "drednaw", "gender": "M", "shiny": false, "level": 81, "moves": ["shellsmash", "stoneedge", "liquidation", "earthquake"], "ability": "Shell Armor", "evs": {"hp": 85, "atk": 85, "def": 85, "spa": 85, "spd": 85, "spe": 85}, "ivs": {"hp": 31, "atk": 31, "def": 31, "spa": 31, "spd": 31, "spe": 31}, "item": "White Herb", "teraType": "Ground", "role": "Fast Bulky Setup", "bvs": {"hp": 90, "atk": 115, "def": 90, "spa": 48, "spd": 68, "spe": 74}, "stats": {"hp": 278, "atk": 233, "def": 192, "spa": 124, "spd": 157, "spe": 167}, "types": ["Water", "Rock"]}, "Delibird": {"name": "Delibird", "species": "Delibird", "speciesId": "delibird", "gender": "M", "shiny": false, "level": 100, "moves": ["spikes", "icespinner", "drillrun", "bravebird"], "ability": "Hustle", "evs": {"hp": 85, "atk": 85, "def": 85, "spa": 85, "spd": 85, "spe": 85}, "ivs": {"hp": 31, "atk": 31, "def": 31, "spa": 31, "spd": 31, "spe": 31}, "item": "Heavy-Duty Boots", "teraType": "Ice", "role": "Fast Attacker", "bvs": {"hp": 45, "atk": 55, "def": 45, "spa": 65, "spd": 45, "spe": 75}, "stats": {"hp": 252, "atk": 167, "def": 147, "spa": 187, "spd": 147, "spe": 207}, "types": ["Ice", "Flying"]}, "Copperajah": {"name": "Copperajah", "species": "Copperajah", "speciesId": "copperajah", "gender": "M", "shiny": false, "level": 86, "moves": ["playrough", "earthquake", "stealthrock", "ironhead"], "ability": "Sheer Force", "evs": {"hp": 85, "atk": 85, "def": 85, "spa": 85, "spd": 85, "spe": 85}, "ivs": {"hp": 31, "atk": 31, "def": 31, "spa": 31, "spd": 31, "spe": 31}, "item": "Life Orb", "teraType": "Fairy", "role": "Wallbreaker", "bvs": {"hp": 122, "atk": 130, "def": 69, "spa": 80, "spd": 69, "spe": 30}, "stats": {"hp": 350, "atk": 273, "def": 168, "spa": 187, "spd": 168, "spe": 101}, "types": ["Steel"]}, "Iron Hands": {"name": "Iron Hands", "species": "Iron Hands", "speciesId": "ironhands", "gender": "N", "shiny": false, "level": 79, "moves": ["wildcharge", "drainpunch", "voltswitch", "fakeout"], "ability": "Quark Drive", "evs": {"hp": 85, "atk": 85, "def": 85, "spa": 85, "spd": 85, "spe": 85}, "ivs": {"hp": 31, "atk": 31, "def": 31, "spa": 31, "spd": 31, "spe": 31}, "item": "Assault Vest", "teraType": "Electric", "role": "AV Pivot", "bvs": {"hp": 154, "atk": 140, "def": 108, "spa": 50, "spd": 68, "spe": 50}, "stats": {"hp": 373, "atk": 267, "def": 216, "spa": 125, "spd": 153, "spe": 125}, "types": ["Fighting", "Electric"]}, "Bombirdier": {"name": "Bombirdier", "species": "Bombirdier", "speciesId": "bombirdier", "gender": "M", "shiny": false, "level": 85, "moves": ["uturn", "bravebird", "roost", "knockoff"], "ability": "Big Pecks", "evs": {"hp": 85, "atk": 85, "def": 85, "spa": 85, "spd": 85, "spe": 85}, "ivs": {"hp": 31, "atk": 31, "def": 31, "spa": 31, "spd": 31, "spe": 31}, "item": "Heavy-Duty Boots", "teraType": "Steel", "role": "Bulky Support", "bvs": {"hp": 70, "atk": 103, "def": 85, "spa": 60, "spd": 85, "spe": 82}, "stats": {"hp": 258, "atk": 224, "def": 193, "spa": 151, "spd": 193, "spe": 188}, "types": ["Flying", "Dark"]}, "Iron Valiant": {"name": "Iron Valiant", "species": "Iron Valiant", "speciesId": "ironvaliant", "gender": "N", "shiny": false, "level": 78, "moves": ["swordsdance", "closecombat", "spiritbreak", "knockoff"], "ability": "Quark Drive", "evs": {"hp": 85, "atk": 85, "def": 85, "spa": 85, "spd": 85, "spe": 85}, "ivs": {"hp": 31, "atk": 31, "def": 31, "spa": 31, "spd": 31, "spe": 31}, "item": "Life Orb", "teraType": "Dark", "role": "Setup Sweeper", "bvs": {"hp": 74, "atk": 130, "def": 90, "spa": 120, "spd": 60, "spe": 116}, "stats": {"hp": 244, "atk": 248, "def": 185, "spa": 232, "spd": 139, "spe": 226}, "types": ["Fairy", "Fighting"]}}, {"Garchomp": {"name": "Garchomp", "species": "Garchomp", "speciesId": "garchomp", "gender": "M", "shiny": false, "level": 74, "moves": ["firefang", "scaleshot", "earthquake", "swordsdance"], "ability": "Rough Skin", "evs": {"hp": 85, "atk": 85, "def": 85, "spa": 85, "spd": 85, "spe": 85}, "ivs": {"hp": 31, "atk": 31, "def": 31, "spa": 31, "spd": 31, "spe": 31}, "item": "Loaded Dice", "teraType": "Fire", "role": "Setup Sweeper", "bvs": {"hp": 108, "atk": 130, "def": 95, "spa": 80, "spd": 85, "spe": 102}, "stats": {"hp": 282, "atk": 235, "def": 184, "spa": 161, "spd": 169, "spe": 194}, "types": ["Dragon", "Ground"]}, "Gothitelle": {"name": "Gothitelle", "species": "Gothitelle", "speciesId": "gothitelle", "gender": "F", "shiny": false, "level": 90, "moves": ["darkpulse", "trick", "focusblast", "psychic"], "ability": "Shadow Tag", "evs": {"hp": 85, "atk": 0, "def": 85, "spa": 85, "spd": 85, "spe": 85}, "ivs": {"hp": 31, "atk": 0, "def": 31, "spa": 31, "spd": 31, "spe": 31}, "item": "Choice Scarf", "teraType": "Dark", "role": "Fast Attacker", "bvs": {"hp": 70, "atk": 55, "def": 95, "spa": 95, "spd": 110, "spe": 65}, "stats": {"hp": 272, "atk": 104, "def": 222, "spa": 222, "spd": 249, "spe": 168}, "types": ["Psychic"]}, "Komala": {"name": "Komala", "species": "Komala", "speciesId": "komala", "gender": "M", "shiny": false, "level": 88, "moves": ["rapidspin", "bodyslam", "uturn", "knockoff"], "ability": "Comatose", "evs": {"hp": 85, "atk": 85, "def": 85, "spa": 85, "spd": 85, "spe": 85}, "ivs": {"hp": 31, "atk": 31, "def": 31, "spa": 31, "spd": 31, "spe": 31}, "item": "Assault Vest", "teraType": "Ghost", "role": "Bulky Support", "bvs": {"hp": 65, "atk": 115, "def": 65, "spa": 75, "spd": 95, "spe": 65}, "stats": {"hp": 258, "atk": 253, "def": 165, "spa": 182, "spd": 217, "spe": 165}, "types": ["Normal"]}, "Tinkaton": {"name": "Tinkaton", "species": "Tinkaton", "speciesId": "tinkaton", "gender": "F", "shiny": false, "level": 82, "moves": ["playrough", "swordsdance", "gigatonhammer", "protect"], "ability": "Mold Breaker", "evs": {"hp": 85, "atk": 85, "def": 85, "spa": 85, "spd": 85, "spe": 85}, "ivs": {"hp": 31, "atk": 31, "def": 31, "spa": 31, "spd": 31, "spe": 31}, "item": "Leftovers", "teraType": "Steel", "role": "Bulky Setup", "bvs": {"hp": 85, "atk": 75, "def": 77, "spa": 70, "spd": 105, "spe": 94}, "stats": {"hp": 274, "atk": 170, "def": 173, "spa": 162, "spd": 219, "spe": 201}, "types": ["Fairy", "Steel"]}, "Gastrodon": {"name": "Gastrodon", "species": "Gastrodon-East", "speciesId": "gastrodon", "gender": "F", "shiny": false, "level": 86, "moves": ["earthquake", "surf", "recover", "stealthrock"], "ability": "Storm Drain", "evs": {"hp": 85, "atk": 85, "def": 85, "spa": 85, "spd": 85, "spe": 85}, "ivs": {"hp": 31, "atk": 31, "def": 31, "spa": 31, "spd": 31, "spe": 31}, "item": "Leftovers", "teraType": "Poison", "role": "Bulky Support", "bvs": {"hp": 111, "atk": 83, "def": 68, "spa": 92, "spd": 82, "spe": 39}, "stats": {"hp": 331, "atk": 192, "def": 166, "spa": 207, "spd": 190, "spe": 116}, "types": ["Water", "Ground"]}, "Slither Wing": {"name": "Slither Wing", "species": "Slither Wing", "speciesId": "slitherwing", "gender": "N", "shiny": false, "level": 81, "moves": ["earthquake", "acrobatics", "bulkup", "closecombat"], "ability": "Protosynthesis", "evs": {"hp": 85, "atk": 85, "def": 85, "spa": 85, "spd": 85, "spe": 85}, "ivs": {"hp": 31, "atk": 31, "def": 31, "spa": 31, "spd": 31, "spe": 31}, "item": "Booster Energy", "teraType": "Flying", "role": "Fast Bulky Setup", "bvs": {"hp": 85, "atk": 135, "def": 79, "spa": 85, "spd": 105, "spe": 81}, "stats": {"hp": 270, "atk": 265, "def": 175, "spa": 184, "spd": 217, "spe": 178}, "types": ["Bug", "Fighting"]}}]}