{"id": "gen9randombattle-2641527072", "format": "[Gen 9] Random Battle", "players": ["Starstone", "chinar_1858"], "log": "|j|\u2606Starstone\n|j|\u2606chinar_1858\n|t:|1782801021\n|gametype|singles\n|player|p1|Starstone|acetrainer-gen4dp|1683\n|player|p2|chinar_1858|2|1671\n|gen|9\n|tier|[Gen 9] Random Battle\n|rated|\n|rule|Species Clause: Limit one of each Pok\u00e9mon\n|rule|HP Percentage Mod: HP is shown in percentages\n|rule|Sleep Clause Mod: Limit one foe put to sleep\n|rule|Illusion Level Mod: Illusion disguises the Pok\u00e9mon's true level\n|\n|t:|1782801021\n|teamsize|p1|6\n|teamsize|p2|6\n|start\n|switch|p1a: Shaymin|Shaymin, L82|298/298\n|switch|p2a: Clawitzer|Clawitzer, L87, F|265/265\n|turn|1\n|inactive|Battle timer is ON: inactive players will automatically lose when time's up. (requested by chinar_1858)\n|\n|t:|1782801033\n|switch|p2a: Venomoth|Venomoth, L84, F|255/255\n|move|p1a: Shaymin|Substitute|p1a: Shaymin\n|-start|p1a: Shaymin|Substitute\n|-damage|p1a: Shaymin|224/298\n|\n|-heal|p1a: Shaymin|242/298|[from] item: Leftovers\n|upkeep\n|turn|2\n|\n|t:|1782801041\n|-terastallize|p1a: Shaymin|Steel\n|move|p1a: Shaymin|Air Slash|p2a: Venomoth\n|-supereffective|p2a: Venomoth\n|-damage|p2a: Venomoth|131/255\n|move|p2a: Venomoth|Quiver Dance|p2a: Venomoth\n|-boost|p2a: Venomoth|spa|1\n|-boost|p2a: Venomoth|spd|1\n|-boost|p2a: Venomoth|spe|1\n|\n|-heal|p1a: Shaymin|260/298|[from] item: Leftovers\n|upkeep\n|turn|3\n|\n|t:|1782801048\n|move|p2a: Venomoth|Bug Buzz|p1a: Shaymin\n|-resisted|p1a: Shaymin\n|-damage|p1a: Shaymin|128/298\n|move|p1a: Shaymin|Air Slash|p2a: Venomoth\n|-supereffective|p2a: Venomoth\n|-damage|p2a: Venomoth|55/255\n|\n|-heal|p1a: Shaymin|146/298|[from] item: Leftovers\n|upkeep\n|turn|4\n|\n|t:|1782801057\n|move|p2a: Venomoth|Bug Buzz|p1a: Shaymin\n|-resisted|p1a: Shaymin\n|-damage|p1a: Shaymin|26/298\n|move|p1a: Shaymin|Air Slash|p2a: Venomoth\n|-supereffective|p2a: Venomoth\n|-damage|p2a: Venomoth|0 fnt\n|faint|p2a: Venomoth\n|\n|-heal|p1a: Shaymin|44/298|[from] item: Leftovers\n|upkeep\n|inactive|chinar_1858 has 120 seconds left.\n|inactive|chinar_1858 has 90 seconds left.\n|\n|t:|1782801117\n|switch|p2a: Conkeldurr|Conkeldurr, L80, M|299/299\n|turn|5\n|\n|t:|1782801135\n|move|p2a: Conkeldurr|Mach Punch|p1a: Shaymin\n|-supereffective|p1a: Shaymin\n|-end|p1a: Shaymin|Substitute\n|move|p1a: Shaymin|Seed Flare|p2a: Conkeldurr\n|-damage|p2a: Conkeldurr|136/299\n|\n|-heal|p1a: Shaymin|62/298|[from] item: Leftovers\n|-status|p2a: Conkeldurr|brn|[from] item: Flame Orb\n|upkeep\n|turn|6\n|\n|t:|1782801151\n|switch|p1a: Zacian|Zacian, L69|241/241\n|-ability|p1a: Zacian|Intrepid Sword|boost\n|-boost|p1a: Zacian|atk|1\n|move|p2a: Conkeldurr|Mach Punch|p1a: Zacian\n|-resisted|p1a: Zacian\n|-damage|p1a: Zacian|204/241\n|\n|-damage|p2a: Conkeldurr|118/299 brn|[from] brn\n|upkeep\n|turn|7\n|\n|t:|1782801166\n|switch|p2a: Clawitzer|Clawitzer, L87, F|265/265\n|move|p1a: Zacian|Play Rough|p2a: Clawitzer\n|-damage|p2a: Clawitzer|99/265\n|\n|upkeep\n|turn|8\n|\n|t:|1782801171\n|move|p1a: Zacian|Play Rough|p2a: Clawitzer\n|-damage|p2a: Clawitzer|0 fnt\n|faint|p2a: Clawitzer\n|\n|upkeep\n|\n|t:|1782801184\n|switch|p2a: Lapras|Lapras, L87, F|367/367\n|turn|9\n|inactive|chinar_1858 has 90 seconds left.\n|\n|t:|1782801222\n|-terastallize|p2a: Lapras|Ground\n|move|p1a: Zacian|Play Rough|p2a: Lapras\n|-damage|p2a: Lapras|178/367\n|move|p2a: Lapras|Dragon Dance|p2a: Lapras\n|-boost|p2a: Lapras|atk|1\n|-boost|p2a: Lapras|spe|1\n|\n|upkeep\n|turn|10\n|\n|t:|1782801231\n|move|p2a: Lapras|Earthquake|p1a: Zacian\n|-damage|p1a: Zacian|44/241\n|move|p1a: Zacian|Play Rough|p2a: Lapras\n|-damage|p2a: Lapras|0 fnt\n|faint|p2a: Lapras\n|\n|upkeep\n|\n|t:|1782801238\n|switch|p2a: Flygon|Flygon, L82, F|265/265\n|turn|11\n|c|\u2606chinar_1858|everything\n|c|\u2606chinar_1858|weak to this\n|c|\u2606chinar_1858|yay\n|\n|t:|1782801251\n|move|p1a: Zacian|Play Rough|p2a: Flygon\n|-supereffective|p2a: Flygon\n|-damage|p2a: Flygon|0 fnt\n|faint|p2a: Flygon\n|\n|upkeep\n|\n|t:|1782801253\n|switch|p2a: Conkeldurr|Conkeldurr, L80, M|118/299 brn\n|turn|12\n|\n|t:|1782801254\n|move|p2a: Conkeldurr|Mach Punch|p1a: Zacian\n|-resisted|p1a: Zacian\n|-damage|p1a: Zacian|8/241\n|move|p1a: Zacian|Play Rough|p2a: Conkeldurr\n|-supereffective|p2a: Conkeldurr\n|-crit|p2a: Conkeldurr\n|-damage|p2a: Conkeldurr|0 fnt\n|faint|p2a: Conkeldurr\n|\n|upkeep\n|\n|t:|1782801257\n|switch|p2a: Decidueye|Decidueye-Hisui, L87, F|295/295\n|turn|13\n|\n|t:|1782801260\n|move|p1a: Zacian|Play Rough|p2a: Decidueye\n|-supereffective|p2a: Decidueye\n|-damage|p2a: Decidueye|0 fnt\n|faint|p2a: Decidueye\n|\n|win|Starstone\n|raw|Starstone's rating: 1683 &rarr; <strong>1702</strong><br />(+19 for winning)\n|raw|chinar_1858's rating: 1671 &rarr; <strong>1652</strong><br />(-19 for losing)\n", "inputlog": ">version f8ac14003a5f27e1bdc8d8c59608a773c1cb96e5\n>start {\"formatid\":\"gen9randombattle\",\"seed\":\"sodium,0ef09a27936a922ccda1ed776cf84f70\",\"rated\":\"Rated battle\"}\n>player p1 {\"name\":\"Starstone\",\"avatar\":\"acetrainer-gen4dp\",\"rating\":1683,\"seed\":\"sodium,682100971fd5292be62c557cf5de41d7\"}\n>player p2 {\"name\":\"chinar_1858\",\"avatar\":\"2\",\"rating\":1671,\"seed\":\"sodium,8d2422807c80d68ab83a7c391ae26da0\"}\n>p1 move substitute\n>p2 switch 4\n>p1 move airslash terastallize\n>p2 move quiverdance\n>p1 move airslash\n>p2 move bugbuzz\n>p1 move airslash\n>p2 move bugbuzz\n>p2 switch 2\n>p1 move seedflare\n>p2 move machpunch\n>p1 switch 5\n>p2 move machpunch\n>p1 move playrough\n>p2 switch 4\n>p1 move playrough\n>p2 move waterpulse\n>p2 switch 5\n>p1 move playrough\n>p2 move dragondance terastallize\n>p1 move playrough\n>p2 move earthquake\n>p2 switch 6\n>chat \u2606chinar_1858|everything\n>chat \u2606chinar_1858|weak to this\n>chat \u2606chinar_1858|yay\n>p1 move playrough\n>p2 move earthquake\n>p2 switch 4\n>p1 move playrough\n>p2 move machpunch\n>p2 switch 3\n>p1 move playrough\n>p2 move leafblade", "uploadtime": 1782801263, "views": 9, "formatid": "gen9randombattle", "rating": 1652, "private": 0, "password": null, "player_dets": [{"name": "Starstone", "avatar": "acetrainer-gen4dp", "rating": 1683, "seed": "sodium,682100971fd5292be62c557cf5de41d7"}, {"name": "chinar_1858", "avatar": "2", "rating": 1671, "seed": "sodium,8d2422807c80d68ab83a7c391ae26da0"}], "teams_full": [{"Shaymin": {"name": "Shaymin", "species": "Shaymin", "speciesId": "shaymin", "gender": "N", "shiny": false, "level": 82, "moves": ["seedflare", "substitute", "leechseed", "airslash"], "ability": "Natural Cure", "evs": {"hp": 85, "atk": 0, "def": 85, "spa": 85, "spd": 85, "spe": 85}, "ivs": {"hp": 31, "atk": 0, "def": 31, "spa": 31, "spd": 31, "spe": 31}, "item": "Leftovers", "teraType": "Steel", "role": "Bulky Support", "bvs": {"hp": 100, "atk": 100, "def": 100, "spa": 100, "spd": 100, "spe": 100}, "stats": {"hp": 298, "atk": 169, "def": 211, "spa": 211, "spd": 211, "spe": 211}, "types": ["Grass"]}, "Iron Treads": {"name": "Iron Treads", "species": "Iron Treads", "speciesId": "irontreads", "gender": "N", "shiny": false, "level": 77, "moves": ["voltswitch", "ironhead", "earthquake", "rapidspin"], "ability": "Quark Drive", "evs": {"hp": 85, "atk": 85, "def": 85, "spa": 85, "spd": 85, "spe": 85}, "ivs": {"hp": 31, "atk": 31, "def": 31, "spa": 31, "spd": 31, "spe": 31}, "item": "Assault Vest", "teraType": "Water", "role": "Bulky Support", "bvs": {"hp": 90, "atk": 112, "def": 120, "spa": 72, "spd": 70, "spe": 106}, "stats": {"hp": 265, "atk": 217, "def": 229, "spa": 155, "spd": 152, "spe": 208}, "types": ["Ground", "Steel"]}, "Manaphy": {"name": "Manaphy", "species": "Manaphy", "speciesId": "manaphy", "gender": "N", "shiny": false, "level": 78, "moves": ["tailglow", "icebeam", "energyball", "surf"], "ability": "Hydration", "evs": {"hp": 85, "atk": 0, "def": 85, "spa": 85, "spd": 85, "spe": 85}, "ivs": {"hp": 31, "atk": 0, "def": 31, "spa": 31, "spd": 31, "spe": 31}, "item": "Leftovers", "teraType": "Grass", "role": "Bulky Setup", "bvs": {"hp": 100, "atk": 100, "def": 100, "spa": 100, "spd": 100, "spe": 100}, "stats": {"hp": 284, "atk": 161, "def": 201, "spa": 201, "spd": 201, "spe": 201}, "types": ["Water"]}, "Regieleki": {"name": "Regieleki", "species": "Regieleki", "speciesId": "regieleki", "gender": "N", "shiny": false, "level": 79, "moves": ["thunderbolt", "rapidspin", "voltswitch", "terablast"], "ability": "Transistor", "evs": {"hp": 85, "atk": 85, "def": 85, "spa": 85, "spd": 85, "spe": 85}, "ivs": {"hp": 31, "atk": 31, "def": 31, "spa": 31, "spd": 31, "spe": 31}, "item": "Magnet", "teraType": "Ice", "role": "Tera Blast user", "bvs": {"hp": 80, "atk": 100, "def": 50, "spa": 100, "spd": 50, "spe": 200}, "stats": {"hp": 256, "atk": 204, "def": 125, "spa": 204, "spd": 125, "spe": 362}, "types": ["Electric"]}, "Zacian": {"name": "Zacian", "species": "Zacian", "speciesId": "zacian", "gender": "N", "shiny": false, "level": 69, "moves": ["closecombat", "crunch", "playrough", "psychicfangs"], "ability": "Intrepid Sword", "evs": {"hp": 85, "atk": 85, "def": 85, "spa": 85, "spd": 85, "spe": 85}, "ivs": {"hp": 31, "atk": 31, "def": 31, "spa": 31, "spd": 31, "spe": 31}, "item": "Choice Band", "teraType": "Fighting", "role": "Fast Attacker", "bvs": {"hp": 92, "atk": 120, "def": 115, "spa": 80, "spd": 115, "spe": 138}, "stats": {"hp": 241, "atk": 206, "def": 199, "spa": 151, "spd": 199, "spe": 231}, "types": ["Fairy"]}, "Palossand": {"name": "Palossand", "species": "Palossand", "speciesId": "palossand", "gender": "M", "shiny": false, "level": 89, "moves": ["shadowball", "earthpower", "shoreup", "sludgebomb"], "ability": "Water Compaction", "evs": {"hp": 85, "atk": 0, "def": 85, "spa": 85, "spd": 85, "spe": 85}, "ivs": {"hp": 31, "atk": 0, "def": 31, "spa": 31, "spd": 31, "spe": 31}, "item": "Leftovers", "teraType": "Poison", "role": "Bulky Support", "bvs": {"hp": 85, "atk": 75, "def": 110, "spa": 100, "spd": 75, "spe": 35}, "stats": {"hp": 296, "atk": 138, "def": 247, "spa": 229, "spd": 184, "spe": 113}, "types": ["Ghost", "Ground"]}}, {"Clawitzer": {"name": "Clawitzer", "species": "Clawitzer", "speciesId": "clawitzer", "gender": "F", "shiny": false, "level": 87, "moves": ["aurasphere", "darkpulse", "dragonpulse", "waterpulse"], "ability": "Mega Launcher", "evs": {"hp": 85, "atk": 0, "def": 85, "spa": 85, "spd": 85, "spe": 85}, "ivs": {"hp": 31, "atk": 0, "def": 31, "spa": 31, "spd": 31, "spe": 31}, "item": "Choice Specs", "teraType": "Dark", "role": "Wallbreaker", "bvs": {"hp": 71, "atk": 73, "def": 88, "spa": 120, "spd": 89, "spe": 59}, "stats": {"hp": 265, "atk": 132, "def": 203, "spa": 259, "spd": 205, "spe": 152}, "types": ["Water"]}, "Conkeldurr": {"name": "Conkeldurr", "species": "Conkeldurr", "speciesId": "conkeldurr", "gender": "M", "shiny": false, "level": 80, "moves": ["facade", "knockoff", "machpunch", "closecombat"], "ability": "Guts", "evs": {"hp": 85, "atk": 85, "def": 85, "spa": 85, "spd": 85, "spe": 85}, "ivs": {"hp": 31, "atk": 31, "def": 31, "spa": 31, "spd": 31, "spe": 31}, "item": "Flame Orb", "teraType": "Normal", "role": "Wallbreaker", "bvs": {"hp": 105, "atk": 140, "def": 95, "spa": 55, "spd": 65, "spe": 45}, "stats": {"hp": 299, "atk": 270, "def": 198, "spa": 134, "spd": 150, "spe": 118}, "types": ["Fighting"]}, "Decidueye": {"name": "Decidueye", "species": "Decidueye-Hisui", "speciesId": "decidueyehisui", "gender": "F", "shiny": false, "level": 87, "moves": ["triplearrows", "leafblade", "swordsdance", "roost"], "ability": "Scrappy", "evs": {"hp": 85, "atk": 85, "def": 85, "spa": 85, "spd": 85, "spe": 85}, "ivs": {"hp": 31, "atk": 31, "def": 31, "spa": 31, "spd": 31, "spe": 31}, "item": "Leftovers", "teraType": "Water", "role": "Bulky Attacker", "bvs": {"hp": 88, "atk": 112, "def": 80, "spa": 95, "spd": 95, "spe": 60}, "stats": {"hp": 295, "atk": 245, "def": 189, "spa": 215, "spd": 215, "spe": 154}, "types": ["Grass", "Fighting"]}, "Venomoth": {"name": "Venomoth", "species": "Venomoth", "speciesId": "venomoth", "gender": "F", "shiny": false, "level": 84, "moves": ["quiverdance", "sludgewave", "bugbuzz", "sleeppowder"], "ability": "Tinted Lens", "evs": {"hp": 85, "atk": 0, "def": 85, "spa": 85, "spd": 85, "spe": 85}, "ivs": {"hp": 31, "atk": 0, "def": 31, "spa": 31, "spd": 31, "spe": 31}, "item": "Heavy-Duty Boots", "teraType": "Water", "role": "Setup Sweeper", "bvs": {"hp": 70, "atk": 65, "def": 60, "spa": 90, "spd": 75, "spe": 90}, "stats": {"hp": 255, "atk": 114, "def": 149, "spa": 199, "spd": 174, "spe": 199}, "types": ["Bug", "Poison"]}, "Lapras": {"name": "Lapras", "species": "Lapras", "speciesId": "lapras", "gender": "F", "shiny": false, "level": 87, "moves": ["earthquake", "dragondance", "iciclespear", "waterfall"], "ability": "Water Absorb", "evs": {"hp": 81, "atk": 85, "def": 85, "spa": 85, "spd": 85, "spe": 85}, "ivs": {"hp": 31, "atk": 31, "def": 31, "spa": 31, "spd": 31, "spe": 31}, "item": "Loaded Dice", "teraType": "Ground", "role": "Setup Sweeper", "bvs": {"hp": 130, "atk": 85, "def": 80, "spa": 85, "spd": 95, "spe": 60}, "stats": {"hp": 367, "atk": 198, "def": 189, "spa": 198, "spd": 215, "spe": 154}, "types": ["Water", "Ice"]}, "Flygon": {"name": "Flygon", "species": "Flygon", "speciesId": "flygon", "gender": "F", "shiny": false, "level": 82, "moves": ["earthquake", "outrage", "dragondance", "stoneedge"], "ability": "Levitate", "evs": {"hp": 85, "atk": 85, "def": 85, "spa": 85, "spd": 85, "spe": 85}, "ivs": {"hp": 31, "atk": 31, "def": 31, "spa": 31, "spd": 31, "spe": 31}, "item": "Lum Berry", "teraType": "Rock", "role": "Fast Attacker", "bvs": {"hp": 80, "atk": 100, "def": 80, "spa": 80, "spd": 80, "spe": 100}, "stats": {"hp": 265, "atk": 211, "def": 178, "spa": 178, "spd": 178, "spe": 211}, "types": ["Ground", "Dragon"]}}]}