{"id": "gen9randombattle-2641581324", "format": "[Gen 9] Random Battle", "players": ["manwhocouldntcook", "chinese mastermind"], "log": "|j|\u2606manwhocouldntcook\n|j|\u2606chinese mastermind\n|t:|1782812542\n|gametype|singles\n|player|p1|manwhocouldntcook|miku-fairy|1993\n|player|p2|chinese mastermind|170|1989\n|gen|9\n|tier|[Gen 9] Random Battle\n|rated|\n|rule|Species Clause: Limit one of each Pok\u00e9mon\n|rule|HP Percentage Mod: HP is shown in percentages\n|rule|Sleep Clause Mod: Limit one foe put to sleep\n|rule|Illusion Level Mod: Illusion disguises the Pok\u00e9mon's true level\n|\n|t:|1782812542\n|teamsize|p1|6\n|teamsize|p2|6\n|start\n|switch|p1a: Lugia|Lugia, L73|275/275\n|switch|p2a: Drednaw|Drednaw, L81, M|278/278\n|turn|1\n|inactive|Battle timer is ON: inactive players will automatically lose when time's up. (requested by manwhocouldntcook)\n|\n|t:|1782812558\n|move|p1a: Lugia|Earth Power|p2a: Drednaw\n|-supereffective|p2a: Drednaw\n|-damage|p2a: Drednaw|164/278\n|move|p2a: Drednaw|Liquidation|p1a: Lugia\n|-damage|p1a: Lugia|234/275\n|\n|upkeep\n|turn|2\n|\n|t:|1782812569\n|move|p1a: Lugia|Earth Power|p2a: Drednaw\n|-supereffective|p2a: Drednaw\n|-damage|p2a: Drednaw|44/278\n|move|p2a: Drednaw|Shell Smash|p2a: Drednaw\n|-unboost|p2a: Drednaw|def|1\n|-unboost|p2a: Drednaw|spd|1\n|-boost|p2a: Drednaw|atk|2\n|-boost|p2a: Drednaw|spa|2\n|-boost|p2a: Drednaw|spe|2\n|-enditem|p2a: Drednaw|White Herb\n|-clearnegativeboost|p2a: Drednaw|[silent]\n|\n|upkeep\n|turn|3\n|\n|t:|1782812575\n|move|p2a: Drednaw|Stone Edge|p1a: Lugia\n|-supereffective|p1a: Lugia\n|-damage|p1a: Lugia|0 fnt\n|faint|p1a: Lugia\n|\n|upkeep\n|\n|t:|1782812577\n|switch|p1a: Basculegion|Basculegion, L80, M|323/323\n|turn|4\n|\n|t:|1782812584\n|switch|p2a: Dragalge|Dragalge, L88, M|258/258\n|move|p1a: Basculegion|Aqua Jet|p2a: Dragalge\n|-resisted|p2a: Dragalge\n|-damage|p2a: Dragalge|231/258\n|\n|upkeep\n|turn|5\n|\n|t:|1782812590\n|move|p1a: Basculegion|Flip Turn|p2a: Dragalge\n|-resisted|p2a: Dragalge\n|-damage|p2a: Dragalge|189/258\n|\n|t:|1782812591\n|switch|p1a: Ariados|Ariados, L95, F|287/287|[from] Flip Turn\n|move|p2a: Dragalge|Draco Meteor|p1a: Ariados\n|-damage|p1a: Ariados|0 fnt\n|-unboost|p2a: Dragalge|spa|2\n|faint|p1a: Ariados\n|\n|upkeep\n|\n|t:|1782812599\n|switch|p1a: Malamar|Malamar, L82, M|275/275\n|turn|6\n|inactive|chinese mastermind has 120 seconds left.\n|\n|t:|1782812631\n|switch|p2a: Lunala|Lunala, L70|308/308\n|move|p1a: Malamar|Superpower|p2a: Lunala\n|-immune|p2a: Lunala\n|\n|upkeep\n|turn|7\n|\n|t:|1782812638\n|switch|p2a: Drednaw|Drednaw, L81, M|44/278\n|move|p1a: Malamar|Knock Off|p2a: Drednaw\n|-damage|p2a: Drednaw|0 fnt\n|faint|p2a: Drednaw\n|\n|upkeep\n|inactive|chinese mastermind has 120 seconds left.\n|\n|t:|1782812663\n|switch|p2a: Dragalge|Dragalge, L88, M|189/258\n|turn|8\n|\n|t:|1782812669\n|move|p1a: Malamar|Knock Off|p2a: Dragalge\n|-damage|p2a: Dragalge|96/258\n|-enditem|p2a: Dragalge|Choice Specs|[from] move: Knock Off|[of] p1a: Malamar\n|move|p2a: Dragalge|Draco Meteor|p1a: Malamar\n|-damage|p1a: Malamar|27/275\n|-unboost|p2a: Dragalge|spa|2\n|\n|-heal|p1a: Malamar|44/275|[from] item: Leftovers\n|upkeep\n|turn|9\n|\n|t:|1782812672\n|move|p1a: Malamar|Rest|p1a: Malamar\n|-status|p1a: Malamar|slp|[from] move: Rest\n|-heal|p1a: Malamar|275/275 slp|[silent]\n|move|p2a: Dragalge|Flip Turn|p1a: Malamar\n|-crit|p1a: Malamar\n|-damage|p1a: Malamar|219/275 slp\n|\n|t:|1782812683\n|switch|p2a: Falinks|Falinks, L84|246/246|[from] Flip Turn\n|\n|-heal|p1a: Malamar|236/275 slp|[from] item: Leftovers\n|upkeep\n|turn|10\n|\n|t:|1782812686\n|move|p2a: Falinks|No Retreat|p2a: Falinks\n|-boost|p2a: Falinks|atk|1\n|-boost|p2a: Falinks|def|1\n|-boost|p2a: Falinks|spa|1\n|-boost|p2a: Falinks|spd|1\n|-boost|p2a: Falinks|spe|1\n|-start|p2a: Falinks|move: No Retreat\n|cant|p1a: Malamar|slp\n|move|p1a: Malamar|Sleep Talk|p1a: Malamar\n|move|p1a: Malamar|Rest||[from] move: Sleep Talk|[still]\n|-fail|p1a: Malamar\n|\n|-heal|p1a: Malamar|253/275 slp|[from] item: Leftovers\n|upkeep\n|turn|11\n|\n|t:|1782812698\n|move|p2a: Falinks|Close Combat|p1a: Malamar\n|-damage|p1a: Malamar|14/275 slp\n|-unboost|p2a: Falinks|def|1\n|-unboost|p2a: Falinks|spd|1\n|-damage|p2a: Falinks|222/246|[from] item: Life Orb\n|cant|p1a: Malamar|slp\n|move|p1a: Malamar|Sleep Talk|p1a: Malamar\n|move|p1a: Malamar|Knock Off|p2a: Falinks|[from] move: Sleep Talk\n|-resisted|p2a: Falinks\n|-damage|p2a: Falinks|177/246\n|-enditem|p2a: Falinks|Life Orb|[from] move: Knock Off|[of] p1a: Malamar\n|\n|-heal|p1a: Malamar|31/275 slp|[from] item: Leftovers\n|upkeep\n|turn|12\n|\n|t:|1782812704\n|move|p2a: Falinks|Close Combat|p1a: Malamar\n|-damage|p1a: Malamar|0 fnt\n|-unboost|p2a: Falinks|def|1\n|-unboost|p2a: Falinks|spd|1\n|faint|p1a: Malamar\n|\n|upkeep\n|\n|t:|1782812705\n|switch|p1a: Basculegion|Basculegion, L80, M|323/323\n|turn|13\n|\n|t:|1782812711\n|move|p1a: Basculegion|Aqua Jet|p2a: Falinks\n|-damage|p2a: Falinks|101/246\n|move|p2a: Falinks|Knock Off|p1a: Basculegion\n|-supereffective|p1a: Basculegion\n|-damage|p1a: Basculegion|37/323\n|-enditem|p1a: Basculegion|Assault Vest|[from] move: Knock Off|[of] p2a: Falinks\n|\n|upkeep\n|turn|14\n|\n|t:|1782812717\n|move|p1a: Basculegion|Aqua Jet|p2a: Falinks\n|-damage|p2a: Falinks|15/246\n|move|p2a: Falinks|Knock Off|p1a: Basculegion\n|-supereffective|p1a: Basculegion\n|-damage|p1a: Basculegion|0 fnt\n|faint|p1a: Basculegion\n|\n|upkeep\n|\n|t:|1782812720\n|switch|p1a: Lilligant|Lilligant, L86, F|261/261\n|turn|15\n|\n|t:|1782812726\n|-terastallize|p1a: Lilligant|Fairy\n|move|p2a: Falinks|Knock Off|p1a: Lilligant\n|-resisted|p1a: Lilligant\n|-damage|p1a: Lilligant|200/261\n|-enditem|p1a: Lilligant|Life Orb|[from] move: Knock Off|[of] p2a: Falinks\n|move|p1a: Lilligant|Quiver Dance|p1a: Lilligant\n|-boost|p1a: Lilligant|spa|1\n|-boost|p1a: Lilligant|spd|1\n|-boost|p1a: Lilligant|spe|1\n|\n|upkeep\n|turn|16\n|\n|t:|1782812747\n|move|p1a: Lilligant|Sleep Powder|p2a: Falinks\n|-status|p2a: Falinks|slp|[from] move: Sleep Powder\n|cant|p2a: Falinks|slp\n|\n|upkeep\n|turn|17\n|\n|t:|1782812756\n|move|p1a: Lilligant|Quiver Dance|p1a: Lilligant\n|-boost|p1a: Lilligant|spa|1\n|-boost|p1a: Lilligant|spd|1\n|-boost|p1a: Lilligant|spe|1\n|cant|p2a: Falinks|slp\n|\n|upkeep\n|turn|18\n|\n|t:|1782812762\n|move|p1a: Lilligant|Quiver Dance|p1a: Lilligant\n|-boost|p1a: Lilligant|spa|1\n|-boost|p1a: Lilligant|spd|1\n|-boost|p1a: Lilligant|spe|1\n|cant|p2a: Falinks|slp\n|\n|upkeep\n|turn|19\n|\n|t:|1782812764\n|move|p1a: Lilligant|Alluring Voice|p2a: Falinks\n|-supereffective|p2a: Falinks\n|-damage|p2a: Falinks|0 fnt\n|faint|p2a: Falinks\n|\n|upkeep\n|c|\u2606chinese mastermind|lmfao\n|\n|t:|1782812771\n|switch|p2a: Lunala|Lunala, L70|308/308\n|turn|20\n|\n|t:|1782812776\n|move|p1a: Lilligant|Alluring Voice|p2a: Lunala\n|-damage|p2a: Lunala|189/308\n|move|p2a: Lunala|Calm Mind|p2a: Lunala\n|-boost|p2a: Lunala|spa|1\n|-boost|p2a: Lunala|spd|1\n|\n|-heal|p2a: Lunala|208/308|[from] item: Leftovers\n|upkeep\n|turn|21\n|\n|t:|1782812780\n|move|p1a: Lilligant|Alluring Voice|p2a: Lunala\n|-damage|p2a: Lunala|40/308\n|move|p2a: Lunala|Moonlight|p2a: Lunala\n|-heal|p2a: Lunala|194/308\n|\n|-heal|p2a: Lunala|213/308|[from] item: Leftovers\n|upkeep\n|turn|22\n|\n|t:|1782812784\n|move|p1a: Lilligant|Sleep Powder|p2a: Lunala\n|-status|p2a: Lunala|slp|[from] move: Sleep Powder\n|cant|p2a: Lunala|slp\n|\n|-heal|p2a: Lunala|232/308 slp|[from] item: Leftovers\n|upkeep\n|turn|23\n|\n|t:|1782812786\n|move|p1a: Lilligant|Alluring Voice|p2a: Lunala\n|-damage|p2a: Lunala|64/308 slp\n|-curestatus|p2a: Lunala|slp|[msg]\n|move|p2a: Lunala|Moonlight|p2a: Lunala\n|-heal|p2a: Lunala|218/308\n|\n|-heal|p2a: Lunala|237/308|[from] item: Leftovers\n|upkeep\n|turn|24\n|\n|t:|1782812790\n|move|p1a: Lilligant|Petal Dance|p2a: Lunala\n|-damage|p2a: Lunala|0 fnt\n|faint|p2a: Lunala\n|\n|upkeep\n|\n|t:|1782812793\n|switch|p2a: Dragalge|Dragalge, L88, M|96/258\n|turn|25\n|\n|t:|1782812796\n|move|p1a: Lilligant|Petal Dance|p2a: Dragalge|[from] lockedmove\n|-resisted|p2a: Dragalge\n|-damage|p2a: Dragalge|30/258\n|move|p2a: Dragalge|Sludge Wave|p1a: Lilligant\n|-supereffective|p1a: Lilligant\n|-damage|p1a: Lilligant|64/261\n|\n|upkeep\n|turn|26\n|\n|t:|1782812800\n|move|p1a: Lilligant|Petal Dance|p2a: Dragalge|[from] lockedmove\n|-resisted|p2a: Dragalge\n|-damage|p2a: Dragalge|0 fnt\n|faint|p2a: Dragalge\n|\n|upkeep\n|\n|t:|1782812806\n|switch|p2a: Baxcalibur|Baxcalibur, L75, M|296/296\n|turn|27\n|\n|t:|1782812810\n|move|p1a: Lilligant|Alluring Voice|p2a: Baxcalibur\n|-supereffective|p2a: Baxcalibur\n|-damage|p2a: Baxcalibur|0 fnt\n|faint|p2a: Baxcalibur\n|\n|upkeep\n|inactive|chinese mastermind has 120 seconds left.\n|inactive|chinese mastermind has 90 seconds left.\n|inactive|chinese mastermind has 60 seconds left.\n|inactive|chinese mastermind has 30 seconds left.\n|inactive|chinese mastermind has 20 seconds left.\n|inactive|chinese mastermind has 15 seconds left.\n|inactive|chinese mastermind has 10 seconds left.\n|inactive|chinese mastermind has 5 seconds left.\n|-message|chinese mastermind lost due to inactivity.\n|\n|win|manwhocouldntcook\n|raw|manwhocouldntcook's rating: 1993 &rarr; <strong>2013</strong><br />(+20 for winning)\n|raw|chinese mastermind's rating: 1989 &rarr; <strong>1969</strong><br />(-20 for losing)\n", "inputlog": ">version f8ac14003a5f27e1bdc8d8c59608a773c1cb96e5\n>start {\"formatid\":\"gen9randombattle\",\"seed\":\"sodium,31f543fa46490a2eb1410b2fcd131acb\",\"rated\":\"Rated battle\"}\n>player p1 {\"name\":\"manwhocouldntcook\",\"avatar\":\"miku-fairy\",\"rating\":1993,\"seed\":\"sodium,056920442012d866825a3ce0d403e970\"}\n>player p2 {\"name\":\"chinese mastermind\",\"avatar\":\"170\",\"rating\":1989,\"seed\":\"sodium,7a007f609d10557d246ea99cbe936161\"}\n>p1 move earthpower\n>p2 move liquidation\n>p1 move earthpower\n>p2 move shellsmash\n>p1 move earthpower\n>p2 move stoneedge\n>p1 switch 3\n>p1 move aquajet\n>p2 switch 5\n>p1 move flipturn\n>p2 move dracometeor\n>p1 switch 2\n>p1 switch 4\n>p1 move superpower\n>p2 switch 4\n>p1 move knockoff\n>p2 switch 5\n>p2 switch 4\n>p1 move knockoff\n>p2 move dracometeor\n>p1 move rest\n>p2 move flipturn\n>p2 switch 3\n>p1 move sleeptalk\n>p2 move noretreat\n>p1 move sleeptalk\n>p2 move closecombat\n>p1 move superpower\n>p2 move closecombat\n>p1 switch 2\n>p1 move aquajet\n>p2 move knockoff\n>p1 move aquajet\n>p2 move knockoff\n>p1 switch 5\n>p1 move quiverdance terastallize\n>p2 move knockoff\n>p1 move sleeppowder\n>p2 move ironhead\n>p1 move quiverdance\n>p2 move ironhead\n>p1 move quiverdance\n>p2 move ironhead\n>p1 move alluringvoice\n>p2 move ironhead\n>chat \u2606chinese mastermind|lmfao\n>p2 switch 5\n>p1 move alluringvoice\n>p2 move calmmind\n>p1 move alluringvoice\n>p2 move moonlight\n>p1 move sleeppowder\n>p2 move moonlight\n>p1 move alluringvoice\n>p2 move moonlight\n>p1 move petaldance\n>p2 move moonlight\n>p2 switch 3\n>p1 move petaldance\n>p2 move sludgewave\n>p1 move petaldance\n>p2 move sludgewave\n>p2 switch 6\n>p1 move alluringvoice\n>p2 move iciclecrash\n>forcelose p2", "uploadtime": 1782812546, "views": 5, "formatid": "gen9randombattle", "rating": 1969, "private": 0, "password": null, "player_dets": [{"name": "manwhocouldntcook", "avatar": "miku-fairy", "rating": 1993, "seed": "sodium,056920442012d866825a3ce0d403e970"}, {"name": "chinese mastermind", "avatar": "170", "rating": 1989, "seed": "sodium,7a007f609d10557d246ea99cbe936161"}], "teams_full": [{"Lugia": {"name": "Lugia", "species": "Lugia", "speciesId": "lugia", "gender": "N", "shiny": false, "level": 73, "moves": ["calmmind", "aeroblast", "earthpower", "recover"], "ability": "Multiscale", "evs": {"hp": 85, "atk": 0, "def": 85, "spa": 85, "spd": 85, "spe": 85}, "ivs": {"hp": 31, "atk": 0, "def": 31, "spa": 31, "spd": 31, "spe": 31}, "item": "Heavy-Duty Boots", "teraType": "Steel", "role": "Bulky Setup", "bvs": {"hp": 106, "atk": 90, "def": 130, "spa": 90, "spd": 154, "spe": 110}, "stats": {"hp": 275, "atk": 136, "def": 232, "spa": 174, "spd": 267, "spe": 203}, "types": ["Psychic", "Flying"]}, "Ariados": {"name": "Ariados", "species": "Ariados", "speciesId": "ariados", "gender": "F", "shiny": false, "level": 95, "moves": ["stickyweb", "knockoff", "megahorn", "poisonjab"], "ability": "Insomnia", "evs": {"hp": 85, "atk": 85, "def": 85, "spa": 85, "spd": 85, "spe": 85}, "ivs": {"hp": 31, "atk": 31, "def": 31, "spa": 31, "spd": 31, "spe": 31}, "item": "Heavy-Duty Boots", "teraType": "Ghost", "role": "Fast Support", "bvs": {"hp": 70, "atk": 90, "def": 70, "spa": 60, "spd": 70, "spe": 40}, "stats": {"hp": 287, "atk": 225, "def": 187, "spa": 168, "spd": 187, "spe": 130}, "types": ["Bug", "Poison"]}, "Basculegion": {"name": "Basculegion", "species": "Basculegion", "speciesId": "basculegion", "gender": "M", "shiny": false, "level": 80, "moves": ["wavecrash", "shadowball", "aquajet", "flipturn"], "ability": "Adaptability", "evs": {"hp": 85, "atk": 85, "def": 85, "spa": 85, "spd": 85, "spe": 85}, "ivs": {"hp": 31, "atk": 31, "def": 31, "spa": 31, "spd": 31, "spe": 31}, "item": "Assault Vest", "teraType": "Water", "role": "AV Pivot", "bvs": {"hp": 120, "atk": 112, "def": 65, "spa": 80, "spd": 75, "spe": 78}, "stats": {"hp": 323, "atk": 225, "def": 150, "spa": 174, "spd": 166, "spe": 171}, "types": ["Water", "Ghost"]}, "Malamar": {"name": "Malamar", "species": "Malamar", "speciesId": "malamar", "gender": "M", "shiny": false, "level": 82, "moves": ["superpower", "sleeptalk", "knockoff", "rest"], "ability": "Contrary", "evs": {"hp": 85, "atk": 85, "def": 85, "spa": 85, "spd": 85, "spe": 85}, "ivs": {"hp": 31, "atk": 31, "def": 31, "spa": 31, "spd": 31, "spe": 31}, "item": "Leftovers", "teraType": "Steel", "role": "Bulky Setup", "bvs": {"hp": 86, "atk": 92, "def": 88, "spa": 68, "spd": 75, "spe": 73}, "stats": {"hp": 275, "atk": 198, "def": 191, "spa": 159, "spd": 170, "spe": 167}, "types": ["Dark", "Psychic"]}, "Lilligant": {"name": "Lilligant", "species": "Lilligant", "speciesId": "lilligant", "gender": "F", "shiny": false, "level": 86, "moves": ["quiverdance", "alluringvoice", "sleeppowder", "petaldance"], "ability": "Own Tempo", "evs": {"hp": 85, "atk": 0, "def": 85, "spa": 85, "spd": 85, "spe": 85}, "ivs": {"hp": 31, "atk": 0, "def": 31, "spa": 31, "spd": 31, "spe": 31}, "item": "Life Orb", "teraType": "Fairy", "role": "Setup Sweeper", "bvs": {"hp": 70, "atk": 60, "def": 75, "spa": 110, "spd": 75, "spe": 90}, "stats": {"hp": 261, "atk": 108, "def": 178, "spa": 238, "spd": 178, "spe": 204}, "types": ["Grass"]}, "Rampardos": {"name": "Rampardos", "species": "Rampardos", "speciesId": "rampardos", "gender": "M", "shiny": false, "level": 90, "moves": ["zenheadbutt", "firepunch", "rockslide", "earthquake"], "ability": "Sheer Force", "evs": {"hp": 85, "atk": 85, "def": 85, "spa": 85, "spd": 85, "spe": 85}, "ivs": {"hp": 31, "atk": 31, "def": 31, "spa": 31, "spd": 31, "spe": 31}, "item": "Life Orb", "teraType": "Fire", "role": "Wallbreaker", "bvs": {"hp": 97, "atk": 165, "def": 60, "spa": 65, "spd": 50, "spe": 58}, "stats": {"hp": 321, "atk": 348, "def": 159, "spa": 168, "spd": 141, "spe": 156}, "types": ["Rock"]}}, {"Drednaw": {"name": "Drednaw", "species": "Drednaw", "speciesId": "drednaw", "gender": "M", "shiny": false, "level": 81, "moves": ["liquidation", "earthquake", "shellsmash", "stoneedge"], "ability": "Shell Armor", "evs": {"hp": 85, "atk": 85, "def": 85, "spa": 85, "spd": 85, "spe": 85}, "ivs": {"hp": 31, "atk": 31, "def": 31, "spa": 31, "spd": 31, "spe": 31}, "item": "White Herb", "teraType": "Ground", "role": "Fast Bulky Setup", "bvs": {"hp": 90, "atk": 115, "def": 90, "spa": 48, "spd": 68, "spe": 74}, "stats": {"hp": 278, "atk": 233, "def": 192, "spa": 124, "spd": 157, "spe": 167}, "types": ["Water", "Rock"]}, "Frosmoth": {"name": "Frosmoth", "species": "Frosmoth", "speciesId": "frosmoth", "gender": "M", "shiny": false, "level": 82, "moves": ["terablast", "quiverdance", "gigadrain", "icebeam"], "ability": "Ice Scales", "evs": {"hp": 85, "atk": 0, "def": 85, "spa": 85, "spd": 85, "spe": 85}, "ivs": {"hp": 31, "atk": 0, "def": 31, "spa": 31, "spd": 31, "spe": 31}, "item": "Heavy-Duty Boots", "teraType": "Ground", "role": "Tera Blast user", "bvs": {"hp": 70, "atk": 65, "def": 60, "spa": 125, "spd": 90, "spe": 65}, "stats": {"hp": 249, "atk": 111, "def": 146, "spa": 252, "spd": 195, "spe": 154}, "types": ["Ice", "Bug"]}, "Falinks": {"name": "Falinks", "species": "Falinks", "speciesId": "falinks", "gender": "N", "shiny": false, "level": 84, "moves": ["closecombat", "noretreat", "knockoff", "ironhead"], "ability": "Defiant", "evs": {"hp": 85, "atk": 85, "def": 85, "spa": 85, "spd": 85, "spe": 85}, "ivs": {"hp": 31, "atk": 31, "def": 31, "spa": 31, "spd": 31, "spe": 31}, "item": "Life Orb", "teraType": "Dark", "role": "Setup Sweeper", "bvs": {"hp": 65, "atk": 100, "def": 100, "spa": 70, "spd": 60, "spe": 75}, "stats": {"hp": 246, "atk": 216, "def": 216, "spa": 166, "spd": 149, "spe": 174}, "types": ["Fighting"]}, "Lunala": {"name": "Lunala", "species": "Lunala", "speciesId": "lunala", "gender": "N", "shiny": false, "level": 70, "moves": ["moonlight", "moongeistbeam", "psyshock", "calmmind"], "ability": "Shadow Shield", "evs": {"hp": 85, "atk": 0, "def": 85, "spa": 85, "spd": 85, "spe": 85}, "ivs": {"hp": 31, "atk": 0, "def": 31, "spa": 31, "spd": 31, "spe": 31}, "item": "Leftovers", "teraType": "Fairy", "role": "Fast Bulky Setup", "bvs": {"hp": 137, "atk": 113, "def": 89, "spa": 137, "spd": 107, "spe": 97}, "stats": {"hp": 308, "atk": 163, "def": 166, "spa": 233, "spd": 191, "spe": 177}, "types": ["Psychic", "Ghost"]}, "Dragalge": {"name": "Dragalge", "species": "Dragalge", "speciesId": "dragalge", "gender": "M", "shiny": false, "level": 88, "moves": ["sludgewave", "dracometeor", "focusblast", "flipturn"], "ability": "Adaptability", "evs": {"hp": 85, "atk": 85, "def": 85, "spa": 85, "spd": 85, "spe": 85}, "ivs": {"hp": 31, "atk": 31, "def": 31, "spa": 31, "spd": 31, "spe": 31}, "item": "Choice Specs", "teraType": "Fighting", "role": "Bulky Attacker", "bvs": {"hp": 65, "atk": 75, "def": 90, "spa": 97, "spd": 123, "spe": 44}, "stats": {"hp": 258, "atk": 182, "def": 209, "spa": 221, "spd": 267, "spe": 128}, "types": ["Poison", "Dragon"]}, "Baxcalibur": {"name": "Baxcalibur", "species": "Baxcalibur", "speciesId": "baxcalibur", "gender": "M", "shiny": false, "level": 75, "moves": ["earthquake", "dragondance", "glaiverush", "iciclecrash"], "ability": "Thermal Exchange", "evs": {"hp": 85, "atk": 85, "def": 85, "spa": 85, "spd": 85, "spe": 85}, "ivs": {"hp": 31, "atk": 31, "def": 31, "spa": 31, "spd": 31, "spe": 31}, "item": "Heavy-Duty Boots", "teraType": "Ground", "role": "Setup Sweeper", "bvs": {"hp": 115, "atk": 145, "def": 92, "spa": 75, "spd": 86, "spe": 87}, "stats": {"hp": 296, "atk": 261, "def": 182, "spa": 156, "spd": 173, "spe": 174}, "types": ["Dragon", "Ice"]}}]}