{"id": "gen9randombattle-2641694848", "format": "[Gen 9] Random Battle", "players": ["RayquazaRay", "testbotcif"], "log": "|j|\u2606RayquazaRay\n|j|\u2606testbotcif\n|t:|1782830788\n|gametype|singles\n|player|p1|RayquazaRay|265|1269\n|player|p2|testbotcif|266|1299\n|gen|9\n|tier|[Gen 9] Random Battle\n|rated|\n|rule|Species Clause: Limit one of each Pok\u00e9mon\n|rule|HP Percentage Mod: HP is shown in percentages\n|rule|Sleep Clause Mod: Limit one foe put to sleep\n|rule|Illusion Level Mod: Illusion disguises the Pok\u00e9mon's true level\n|\n|t:|1782830788\n|teamsize|p1|6\n|teamsize|p2|6\n|start\n|switch|p1a: Arceus|Arceus-Fighting, L70|284/284\n|switch|p2a: Eternatus|Eternatus, L69|308/308\n|-ability|p2a: Eternatus|Pressure\n|turn|1\n|c|\u2606testbotcif|rlhf\n|inactive|Battle timer is ON: inactive players will automatically lose when time's up. (requested by RayquazaRay)\n|inactive|testbotcif also wants the timer to be on.\n|\n|t:|1782830803\n|switch|p1a: Glastrier|Glastrier, L86|312/312\n|move|p2a: Eternatus|Dynamax Cannon|p1a: Glastrier\n|-damage|p1a: Glastrier|231/312\n|\n|upkeep\n|turn|2\n|\n|t:|1782830812\n|-terastallize|p2a: Eternatus|Fire\n|move|p2a: Eternatus|Fire Blast|p1a: Glastrier\n|-supereffective|p1a: Glastrier\n|-damage|p1a: Glastrier|61/312\n|move|p1a: Glastrier|Icicle Crash|p2a: Eternatus\n|-resisted|p2a: Eternatus\n|-damage|p2a: Eternatus|230/308\n|\n|-heal|p2a: Eternatus|249/308|[from] item: Leftovers\n|upkeep\n|turn|3\n|\n|t:|1782830821\n|-terastallize|p1a: Glastrier|Ground\n|move|p2a: Eternatus|Fire Blast|p1a: Glastrier\n|-damage|p1a: Glastrier|0 fnt\n|faint|p1a: Glastrier\n|\n|-heal|p2a: Eternatus|268/308|[from] item: Leftovers\n|upkeep\n|\n|t:|1782830830\n|switch|p1a: Terapagos|Terapagos, L77, M|265/265\n|-activate|p1a: Terapagos|ability: Tera Shift\n|detailschange|p1a: Terapagos|Terapagos-Terastal, L77, M\n|-heal|p1a: Terapagos|273/273|[silent]\n|turn|4\n|\n|t:|1782830834\n|move|p2a: Eternatus|Fire Blast|p1a: Terapagos\n|-activate|p1a: Terapagos|ability: Tera Shell\n|-resisted|p1a: Terapagos\n|-damage|p1a: Terapagos|220/273\n|move|p1a: Terapagos|Calm Mind|p1a: Terapagos\n|-boost|p1a: Terapagos|spa|1\n|-boost|p1a: Terapagos|spd|1\n|\n|-heal|p2a: Eternatus|287/308|[from] item: Leftovers\n|upkeep\n|turn|5\n|\n|t:|1782830838\n|move|p2a: Eternatus|Fire Blast|p1a: Terapagos\n|-damage|p1a: Terapagos|156/273\n|move|p1a: Terapagos|Earth Power|p2a: Eternatus\n|-supereffective|p2a: Eternatus\n|-damage|p2a: Eternatus|107/308\n|\n|-heal|p2a: Eternatus|126/308|[from] item: Leftovers\n|upkeep\n|turn|6\n|\n|t:|1782830849\n|move|p2a: Eternatus|Fire Blast|p1a: Terapagos\n|-damage|p1a: Terapagos|92/273\n|move|p1a: Terapagos|Rapid Spin|p2a: Eternatus\n|-damage|p2a: Eternatus|71/308\n|-boost|p1a: Terapagos|spe|1\n|\n|-heal|p2a: Eternatus|90/308|[from] item: Leftovers\n|upkeep\n|turn|7\n|\n|t:|1782830856\n|move|p1a: Terapagos|Earth Power|p2a: Eternatus\n|-supereffective|p2a: Eternatus\n|-damage|p2a: Eternatus|0 fnt\n|faint|p2a: Eternatus\n|\n|upkeep\n|\n|t:|1782830857\n|switch|p2a: Sneasler|Sneasler, L74, F|240/240\n|turn|8\n|\n|t:|1782830865\n|move|p1a: Terapagos|Earth Power|p2a: Sneasler\n|-supereffective|p2a: Sneasler\n|-damage|p2a: Sneasler|16/240\n|move|p2a: Sneasler|Dire Claw|p1a: Terapagos\n|-damage|p1a: Terapagos|0 fnt\n|faint|p1a: Terapagos\n|\n|upkeep\n|\n|t:|1782830872\n|switch|p1a: Arcanine|Arcanine, L84, M|288/288\n|-ability|p1a: Arcanine|Intimidate|boost\n|-unboost|p2a: Sneasler|atk|1\n|turn|9\n|\n|t:|1782830874\n|move|p1a: Arcanine|Extreme Speed|p2a: Sneasler\n|-damage|p2a: Sneasler|0 fnt\n|faint|p2a: Sneasler\n|\n|upkeep\n|\n|t:|1782830874\n|switch|p2a: Magcargo|Magcargo, L95, F|268/268\n|turn|10\n|\n|t:|1782830887\n|switch|p1a: Arceus|Arceus-Fighting, L70|284/284\n|move|p2a: Magcargo|Shell Smash|p2a: Magcargo\n|-unboost|p2a: Magcargo|def|1\n|-unboost|p2a: Magcargo|spd|1\n|-boost|p2a: Magcargo|atk|2\n|-boost|p2a: Magcargo|spa|2\n|-boost|p2a: Magcargo|spe|2\n|\n|upkeep\n|turn|11\n|\n|t:|1782830891\n|move|p2a: Magcargo|Fire Blast|p1a: Arceus\n|-damage|p1a: Arceus|32/284\n|-status|p1a: Arceus|brn\n|move|p1a: Arceus|Body Press|p2a: Magcargo\n|-supereffective|p2a: Magcargo\n|-damage|p2a: Magcargo|178/268\n|-ability|p2a: Magcargo|Weak Armor|boost\n|-unboost|p2a: Magcargo|def|1\n|-boost|p2a: Magcargo|spe|2\n|\n|-damage|p1a: Arceus|15/284 brn|[from] brn\n|upkeep\n|turn|12\n|\n|t:|1782830901\n|move|p2a: Magcargo|Earth Power|p1a: Arceus\n|-damage|p1a: Arceus|0 fnt\n|faint|p1a: Arceus\n|\n|upkeep\n|\n|t:|1782830911\n|switch|p1a: Arcanine|Arcanine, L84, M|288/288\n|-ability|p1a: Arcanine|Intimidate|boost\n|-unboost|p2a: Magcargo|atk|1\n|turn|13\n|\n|t:|1782830915\n|move|p1a: Arcanine|Extreme Speed|p2a: Magcargo\n|-resisted|p2a: Magcargo\n|-damage|p2a: Magcargo|137/268\n|-ability|p2a: Magcargo|Weak Armor|boost\n|-unboost|p2a: Magcargo|def|1\n|-boost|p2a: Magcargo|spe|2\n|move|p2a: Magcargo|Power Gem|p1a: Arcanine\n|-supereffective|p1a: Arcanine\n|-damage|p1a: Arcanine|0 fnt\n|faint|p1a: Arcanine\n|\n|upkeep\n|\n|t:|1782830923\n|switch|p1a: Haxorus|Haxorus, L77, M|244/244\n|-ability|p1a: Haxorus|Mold Breaker\n|turn|14\n|\n|t:|1782830928\n|move|p2a: Magcargo|Power Gem|p1a: Haxorus\n|-damage|p1a: Haxorus|0 fnt\n|faint|p1a: Haxorus\n|\n|upkeep\n|\n|t:|1782830932\n|switch|p1a: Sceptile|Sceptile, L87, M|264/264\n|turn|15\n|\n|t:|1782830936\n|move|p2a: Magcargo|Fire Blast|p1a: Sceptile\n|-supereffective|p1a: Sceptile\n|-damage|p1a: Sceptile|0 fnt\n|faint|p1a: Sceptile\n|\n|win|testbotcif\n|raw|RayquazaRay's rating: 1269 &rarr; <strong>1246</strong><br />(-23 for losing)\n|raw|testbotcif's rating: 1299 &rarr; <strong>1322</strong><br />(+23 for winning)\n", "inputlog": ">version f8ac14003a5f27e1bdc8d8c59608a773c1cb96e5\n>start {\"formatid\":\"gen9randombattle\",\"seed\":\"sodium,e862326c932c47a8dad5f52bb201ab4d\",\"rated\":\"Rated battle\"}\n>player p1 {\"name\":\"RayquazaRay\",\"avatar\":\"265\",\"rating\":1269,\"seed\":\"sodium,3c8b2fd2334783ccac68d1bd195d57e3\"}\n>player p2 {\"name\":\"testbotcif\",\"avatar\":\"266\",\"rating\":1299,\"seed\":\"sodium,98e9328316662ba10a7ce989693ce3a0\"}\n>chat \u2606testbotcif|rlhf\n>p1 switch 4\n>p2 move dynamaxcannon\n>p1 move iciclecrash\n>p2 move fireblast terastallize\n>p1 move highhorsepower terastallize\n>p2 move fireblast\n>p1 switch 5\n>p1 move calmmind\n>p2 move fireblast\n>p1 move earthpower\n>p2 move fireblast\n>p1 move rapidspin\n>p2 move fireblast\n>p1 move earthpower\n>p2 move fireblast\n>p2 switch 4\n>p1 move earthpower\n>p2 move direclaw\n>p1 switch 6\n>p1 move extremespeed\n>p2 move direclaw\n>p2 switch 3\n>p1 switch 4\n>p2 move shellsmash\n>p1 move bodypress\n>p2 move fireblast\n>p1 move bodypress\n>p2 move earthpower\n>p1 switch 4\n>p1 move extremespeed\n>p2 move powergem\n>p1 switch 2\n>p1 move earthquake\n>p2 move powergem\n>p1 switch 3\n>p1 move earthquake\n>p2 move fireblast", "uploadtime": 1782830936, "views": 3, "formatid": "gen9randombattle", "rating": 1246, "private": 0, "password": null, "player_dets": [{"name": "RayquazaRay", "avatar": "265", "rating": 1269, "seed": "sodium,3c8b2fd2334783ccac68d1bd195d57e3"}, {"name": "testbotcif", "avatar": "266", "rating": 1299, "seed": "sodium,98e9328316662ba10a7ce989693ce3a0"}], "teams_full": [{"Arceus": {"name": "Arceus", "species": "Arceus-Fighting", "speciesId": "arceusfighting", "gender": "N", "shiny": false, "level": 70, "moves": ["shadowball", "irondefense", "bodypress", "recover"], "ability": "Multitype", "evs": {"hp": 85, "atk": 0, "def": 85, "spa": 85, "spd": 85, "spe": 85}, "ivs": {"hp": 31, "atk": 0, "def": 31, "spa": 31, "spd": 31, "spe": 31}, "item": "Fist Plate", "teraType": "Steel", "role": "Bulky Setup", "bvs": {"hp": 120, "atk": 120, "def": 120, "spa": 120, "spd": 120, "spe": 120}, "stats": {"hp": 284, "atk": 173, "def": 209, "spa": 209, "spd": 209, "spe": 209}, "types": ["Fighting"]}, "Haxorus": {"name": "Haxorus", "species": "Haxorus", "speciesId": "haxorus", "gender": "M", "shiny": false, "level": 77, "moves": ["ironhead", "scaleshot", "earthquake", "swordsdance"], "ability": "Mold Breaker", "evs": {"hp": 85, "atk": 85, "def": 85, "spa": 85, "spd": 85, "spe": 85}, "ivs": {"hp": 31, "atk": 31, "def": 31, "spa": 31, "spd": 31, "spe": 31}, "item": "Loaded Dice", "teraType": "Steel", "role": "Fast Bulky Setup", "bvs": {"hp": 76, "atk": 147, "def": 90, "spa": 60, "spd": 70, "spe": 97}, "stats": {"hp": 244, "atk": 271, "def": 183, "spa": 137, "spd": 152, "spe": 194}, "types": ["Dragon"]}, "Sceptile": {"name": "Sceptile", "species": "Sceptile", "speciesId": "sceptile", "gender": "M", "shiny": false, "level": 87, "moves": ["focusblast", "leafstorm", "rockslide", "earthquake"], "ability": "Overgrow", "evs": {"hp": 85, "atk": 85, "def": 85, "spa": 85, "spd": 85, "spe": 85}, "ivs": {"hp": 31, "atk": 31, "def": 31, "spa": 31, "spd": 31, "spe": 31}, "item": "Life Orb", "teraType": "Ground", "role": "Fast Attacker", "bvs": {"hp": 70, "atk": 85, "def": 65, "spa": 105, "spd": 85, "spe": 120}, "stats": {"hp": 264, "atk": 198, "def": 163, "spa": 232, "spd": 198, "spe": 259}, "types": ["Grass"]}, "Glastrier": {"name": "Glastrier", "species": "Glastrier", "speciesId": "glastrier", "gender": "N", "shiny": false, "level": 86, "moves": ["swordsdance", "highhorsepower", "heavyslam", "iciclecrash"], "ability": "Chilling Neigh", "evs": {"hp": 85, "atk": 85, "def": 85, "spa": 85, "spd": 85, "spe": 85}, "ivs": {"hp": 31, "atk": 31, "def": 31, "spa": 31, "spd": 31, "spe": 31}, "item": "Heavy-Duty Boots", "teraType": "Ground", "role": "Bulky Attacker", "bvs": {"hp": 100, "atk": 145, "def": 130, "spa": 65, "spd": 110, "spe": 30}, "stats": {"hp": 312, "atk": 299, "def": 273, "spa": 161, "spd": 238, "spe": 101}, "types": ["Ice"]}, "Terapagos": {"name": "Terapagos", "species": "Terapagos", "speciesId": "terapagos", "gender": "M", "shiny": false, "level": 77, "moves": ["terastarstorm", "calmmind", "rapidspin", "earthpower"], "ability": "Tera Shift", "evs": {"hp": 85, "atk": 85, "def": 85, "spa": 85, "spd": 85, "spe": 85}, "ivs": {"hp": 31, "atk": 31, "def": 31, "spa": 31, "spd": 31, "spe": 31}, "item": "Heavy-Duty Boots", "teraType": "Stellar", "role": "Fast Bulky Setup", "bvs": {"hp": 90, "atk": 65, "def": 85, "spa": 65, "spd": 85, "spe": 60}, "stats": {"hp": 265, "atk": 145, "def": 175, "spa": 145, "spd": 175, "spe": 137}, "types": ["Normal"]}, "Arcanine": {"name": "Arcanine", "species": "Arcanine", "speciesId": "arcanine", "gender": "M", "shiny": false, "level": 84, "moves": ["morningsun", "flareblitz", "willowisp", "extremespeed"], "ability": "Intimidate", "evs": {"hp": 85, "atk": 85, "def": 85, "spa": 85, "spd": 85, "spe": 85}, "ivs": {"hp": 31, "atk": 31, "def": 31, "spa": 31, "spd": 31, "spe": 31}, "item": "Heavy-Duty Boots", "teraType": "Normal", "role": "Bulky Attacker", "bvs": {"hp": 90, "atk": 110, "def": 80, "spa": 100, "spd": 80, "spe": 95}, "stats": {"hp": 288, "atk": 233, "def": 183, "spa": 216, "spd": 183, "spe": 208}, "types": ["Fire"]}}, {"Eternatus": {"name": "Eternatus", "species": "Eternatus", "speciesId": "eternatus", "gender": "N", "shiny": false, "level": 69, "moves": ["fireblast", "dynamaxcannon", "recover", "sludgebomb"], "ability": "Pressure", "evs": {"hp": 85, "atk": 0, "def": 85, "spa": 85, "spd": 85, "spe": 85}, "ivs": {"hp": 31, "atk": 0, "def": 31, "spa": 31, "spd": 31, "spe": 31}, "item": "Leftovers", "teraType": "Fire", "role": "Bulky Attacker", "bvs": {"hp": 140, "atk": 85, "def": 95, "spa": 145, "spd": 95, "spe": 130}, "stats": {"hp": 308, "atk": 122, "def": 171, "spa": 240, "spd": 171, "spe": 220}, "types": ["Poison", "Dragon"]}, "Meowstic": {"name": "Meowstic", "species": "Meowstic-F", "speciesId": "meowsticf", "gender": "F", "shiny": false, "level": 89, "moves": ["nastyplot", "psyshock", "darkpulse", "alluringvoice"], "ability": "Competitive", "evs": {"hp": 85, "atk": 0, "def": 85, "spa": 85, "spd": 85, "spe": 85}, "ivs": {"hp": 31, "atk": 0, "def": 31, "spa": 31, "spd": 31, "spe": 31}, "item": "Life Orb", "teraType": "Fairy", "role": "Setup Sweeper", "bvs": {"hp": 74, "atk": 48, "def": 76, "spa": 83, "spd": 81, "spe": 104}, "stats": {"hp": 277, "atk": 90, "def": 186, "spa": 199, "spd": 195, "spe": 236}, "types": ["Psychic"]}, "Magcargo": {"name": "Magcargo", "species": "Magcargo", "speciesId": "magcargo", "gender": "F", "shiny": false, "level": 95, "moves": ["powergem", "fireblast", "earthpower", "shellsmash"], "ability": "Weak Armor", "evs": {"hp": 85, "atk": 0, "def": 85, "spa": 85, "spd": 85, "spe": 85}, "ivs": {"hp": 31, "atk": 0, "def": 31, "spa": 31, "spd": 31, "spe": 31}, "item": "Heavy-Duty Boots", "teraType": "Grass", "role": "Setup Sweeper", "bvs": {"hp": 60, "atk": 50, "def": 120, "spa": 90, "spd": 80, "spe": 30}, "stats": {"hp": 268, "atk": 100, "def": 282, "spa": 225, "spd": 206, "spe": 111}, "types": ["Fire", "Rock"]}, "Sneasler": {"name": "Sneasler", "species": "Sneasler", "speciesId": "sneasler", "gender": "F", "shiny": false, "level": 74, "moves": ["direclaw", "throatchop", "uturn", "closecombat"], "ability": "Poison Touch", "evs": {"hp": 85, "atk": 85, "def": 85, "spa": 85, "spd": 85, "spe": 85}, "ivs": {"hp": 31, "atk": 31, "def": 31, "spa": 31, "spd": 31, "spe": 31}, "item": "Choice Band", "teraType": "Dark", "role": "Fast Attacker", "bvs": {"hp": 80, "atk": 130, "def": 60, "spa": 40, "spd": 80, "spe": 120}, "stats": {"hp": 240, "atk": 235, "def": 132, "spa": 102, "spd": 161, "spe": 221}, "types": ["Fighting", "Poison"]}, "Hoopa": {"name": "Hoopa", "species": "Hoopa", "speciesId": "hoopa", "gender": "N", "shiny": false, "level": 85, "moves": ["shadowball", "trick", "focusblast", "psychic"], "ability": "Magician", "evs": {"hp": 85, "atk": 0, "def": 85, "spa": 85, "spd": 85, "spe": 85}, "ivs": {"hp": 31, "atk": 0, "def": 31, "spa": 31, "spd": 31, "spe": 31}, "item": "Choice Scarf", "teraType": "Fighting", "role": "Fast Attacker", "bvs": {"hp": 80, "atk": 110, "def": 60, "spa": 150, "spd": 130, "spe": 70}, "stats": {"hp": 275, "atk": 192, "def": 151, "spa": 304, "spd": 270, "spe": 168}, "types": ["Psychic", "Ghost"]}, "Toucannon": {"name": "Toucannon", "species": "Toucannon", "speciesId": "toucannon", "gender": "F", "shiny": false, "level": 88, "moves": ["roost", "boomburst", "knockoff", "beakblast"], "ability": "Keen Eye", "evs": {"hp": 85, "atk": 85, "def": 85, "spa": 85, "spd": 85, "spe": 85}, "ivs": {"hp": 31, "atk": 31, "def": 31, "spa": 31, "spd": 31, "spe": 31}, "item": "Heavy-Duty Boots", "teraType": "Steel", "role": "Bulky Support", "bvs": {"hp": 80, "atk": 120, "def": 75, "spa": 75, "spd": 75, "spe": 60}, "stats": {"hp": 284, "atk": 261, "def": 182, "spa": 182, "spd": 182, "spe": 156}, "types": ["Normal", "Flying"]}}]}