{"id": "gen9randombattle-2641316118", "format": "[Gen 9] Random Battle", "players": ["JJGZ", "nopantsjustcoffee"], "log": "|j|\u2606JJGZ\n|j|\u2606nopantsjustcoffee\n|t:|1782766968\n|gametype|singles\n|player|p1|JJGZ|n|1100\n|player|p2|nopantsjustcoffee|101|1056\n|gen|9\n|tier|[Gen 9] Random Battle\n|rated|\n|rule|Species Clause: Limit one of each Pok\u00e9mon\n|rule|HP Percentage Mod: HP is shown in percentages\n|rule|Sleep Clause Mod: Limit one foe put to sleep\n|rule|Illusion Level Mod: Illusion disguises the Pok\u00e9mon's true level\n|\n|t:|1782766968\n|teamsize|p1|6\n|teamsize|p2|6\n|start\n|switch|p1a: Magnezone|Magnezone, L85|258/258\n|switch|p2a: Jirachi|Jirachi, L80|291/291\n|turn|1\n|inactive|Battle timer is ON: inactive players will automatically lose when time's up. (requested by JJGZ)\n|\n|t:|1782767005\n|move|p2a: Jirachi|Protect|p2a: Jirachi\n|-singleturn|p2a: Jirachi|Protect\n|move|p1a: Magnezone|Volt Switch|p2a: Jirachi\n|-activate|p2a: Jirachi|move: Protect\n|\n|upkeep\n|turn|2\n|\n|t:|1782767020\n|move|p1a: Magnezone|Volt Switch|p2a: Jirachi\n|-damage|p2a: Jirachi|203/291\n|\n|t:|1782767026\n|switch|p1a: Blissey|Blissey, L85, F|572/572|[from] Volt Switch\n|move|p2a: Jirachi|Wish|p2a: Jirachi\n|\n|-heal|p2a: Jirachi|221/291|[from] item: Leftovers\n|upkeep\n|turn|3\n|\n|t:|1782767040\n|move|p2a: Jirachi|Protect|p2a: Jirachi\n|-singleturn|p2a: Jirachi|Protect\n|move|p1a: Blissey|Seismic Toss|p2a: Jirachi\n|-activate|p2a: Jirachi|move: Protect\n|\n|-heal|p2a: Jirachi|291/291|[from] move: Wish|[wisher] Jirachi\n|upkeep\n|turn|4\n|\n|t:|1782767054\n|move|p2a: Jirachi|Iron Head|p1a: Blissey\n|-damage|p1a: Blissey|322/572\n|move|p1a: Blissey|Thunder Wave|p2a: Jirachi\n|-status|p2a: Jirachi|par\n|\n|-heal|p1a: Blissey|357/572|[from] item: Leftovers\n|upkeep\n|turn|5\n|\n|t:|1782767061\n|move|p1a: Blissey|Soft-Boiled|p1a: Blissey\n|-heal|p1a: Blissey|572/572\n|move|p2a: Jirachi|Iron Head|p1a: Blissey\n|-damage|p1a: Blissey|325/572\n|\n|-heal|p1a: Blissey|360/572|[from] item: Leftovers\n|upkeep\n|turn|6\n|\n|t:|1782767067\n|move|p1a: Blissey|Seismic Toss|p2a: Jirachi\n|-damage|p2a: Jirachi|206/291 par\n|cant|p2a: Jirachi|par\n|\n|-heal|p1a: Blissey|395/572|[from] item: Leftovers\n|-heal|p2a: Jirachi|224/291 par|[from] item: Leftovers\n|upkeep\n|turn|7\n|\n|t:|1782767081\n|switch|p1a: Eelektross|Eelektross, L87, F|290/290\n|move|p2a: Jirachi|Wish|p2a: Jirachi\n|\n|-heal|p2a: Jirachi|242/291 par|[from] item: Leftovers\n|upkeep\n|turn|8\n|\n|t:|1782767091\n|move|p1a: Eelektross|Flamethrower|p2a: Jirachi\n|-supereffective|p2a: Jirachi\n|-damage|p2a: Jirachi|108/291 par\n|move|p2a: Jirachi|Iron Head|p1a: Eelektross\n|-resisted|p1a: Eelektross\n|-damage|p1a: Eelektross|250/290\n|\n|-heal|p2a: Jirachi|253/291 par|[from] move: Wish|[wisher] Jirachi\n|-heal|p2a: Jirachi|271/291 par|[from] item: Leftovers\n|upkeep\n|turn|9\n|\n|t:|1782767100\n|move|p1a: Eelektross|Flamethrower|p2a: Jirachi\n|-supereffective|p2a: Jirachi\n|-damage|p2a: Jirachi|141/291 par\n|move|p2a: Jirachi|U-turn|p1a: Eelektross\n|-crit|p1a: Eelektross\n|-damage|p1a: Eelektross|177/290\n|\n|t:|1782767117\n|switch|p2a: Pikachu|Pikachu-Partner, L93, M|216/216|[from] U-turn\n|\n|upkeep\n|turn|10\n|\n|t:|1782767126\n|move|p2a: Pikachu|Play Rough|p1a: Eelektross\n|-damage|p1a: Eelektross|64/290\n|move|p1a: Eelektross|Giga Drain|p2a: Pikachu\n|-damage|p2a: Pikachu|140/216\n|-heal|p1a: Eelektross|102/290|[from] drain|[of] p2a: Pikachu\n|\n|upkeep\n|turn|11\n|\n|t:|1782767142\n|switch|p1a: Magnezone|Magnezone, L85|258/258\n|move|p2a: Pikachu|Play Rough|p1a: Magnezone|[miss]\n|-miss|p2a: Pikachu|p1a: Magnezone\n|\n|upkeep\n|turn|12\n|\n|t:|1782767150\n|move|p1a: Magnezone|Body Press|p2a: Pikachu\n|-damage|p2a: Pikachu|42/216\n|move|p2a: Pikachu|Play Rough|p1a: Magnezone\n|-resisted|p1a: Magnezone\n|-damage|p1a: Magnezone|220/258\n|-unboost|p1a: Magnezone|atk|1\n|\n|upkeep\n|turn|13\n|\n|t:|1782767159\n|move|p1a: Magnezone|Body Press|p2a: Pikachu\n|-damage|p2a: Pikachu|0 fnt\n|faint|p2a: Pikachu\n|\n|upkeep\n|\n|t:|1782767169\n|switch|p2a: Sableye|Sableye, L88, F|231/231\n|turn|14\n|\n|t:|1782767179\n|switch|p1a: Blissey|Blissey, L85, F|395/572\n|move|p2a: Sableye|Encore||[still]\n|-fail|p2a: Sableye\n|\n|-heal|p1a: Blissey|430/572|[from] item: Leftovers\n|upkeep\n|turn|15\n|\n|t:|1782767186\n|move|p2a: Sableye|Encore||[still]\n|-fail|p2a: Sableye\n|move|p1a: Blissey|Thunder Wave|p2a: Sableye\n|-status|p2a: Sableye|par\n|\n|-heal|p1a: Blissey|465/572|[from] item: Leftovers\n|upkeep\n|turn|16\n|\n|t:|1782767194\n|switch|p1a: Eelektross|Eelektross, L87, F|102/290\n|move|p2a: Sableye|Encore||[still]\n|-fail|p2a: Sableye\n|\n|upkeep\n|turn|17\n|\n|t:|1782767201\n|move|p1a: Eelektross|Giga Drain|p2a: Sableye\n|-damage|p2a: Sableye|158/231 par\n|-heal|p1a: Eelektross|139/290|[from] drain|[of] p2a: Sableye\n|move|p2a: Sableye|Knock Off|p1a: Eelektross\n|-damage|p1a: Eelektross|46/290\n|-enditem|p1a: Eelektross|Assault Vest|[from] move: Knock Off|[of] p2a: Sableye\n|\n|-heal|p2a: Sableye|172/231 par|[from] item: Leftovers\n|upkeep\n|turn|18\n|\n|t:|1782767211\n|move|p1a: Eelektross|U-turn|p2a: Sableye\n|-damage|p2a: Sableye|109/231 par\n|\n|t:|1782767223\n|switch|p1a: Malamar|Malamar, L82, F|275/275|[from] U-turn\n|move|p2a: Sableye|Knock Off|p1a: Malamar\n|-damage|p1a: Malamar|185/275\n|-enditem|p1a: Malamar|Leftovers|[from] move: Knock Off|[of] p2a: Sableye\n|\n|-heal|p2a: Sableye|123/231 par|[from] item: Leftovers\n|upkeep\n|turn|19\n|\n|t:|1782767233\n|cant|p2a: Sableye|par\n|move|p1a: Malamar|Knock Off|p2a: Sableye\n|-damage|p2a: Sableye|21/231 par\n|-enditem|p2a: Sableye|Leftovers|[from] move: Knock Off|[of] p1a: Malamar\n|\n|upkeep\n|turn|20\n|\n|t:|1782767243\n|cant|p2a: Sableye|par\n|move|p1a: Malamar|Knock Off|p2a: Sableye\n|-damage|p2a: Sableye|0 fnt\n|faint|p2a: Sableye\n|\n|upkeep\n|-message|nopantsjustcoffee forfeited.\n|\n|win|JJGZ\n|raw|JJGZ's rating: 1100 &rarr; <strong>1122</strong><br />(+22 for winning)\n|raw|nopantsjustcoffee's rating: 1056 &rarr; <strong>1040</strong><br />(-16 for losing)\n|l|\u2606nopantsjustcoffee\n|player|p2|\n", "inputlog": ">version f8ac14003a5f27e1bdc8d8c59608a773c1cb96e5\n>start {\"formatid\":\"gen9randombattle\",\"seed\":\"sodium,b8b8b796abc31429c047419a6e030067\",\"rated\":\"Rated battle\"}\n>player p1 {\"name\":\"JJGZ\",\"avatar\":\"n\",\"rating\":1100,\"seed\":\"sodium,cf4482e4c0d78fd7439983f4b4229164\"}\n>player p2 {\"name\":\"nopantsjustcoffee\",\"avatar\":\"101\",\"rating\":1056,\"seed\":\"sodium,679650124122d9f33cb08ab1e8fad2df\"}\n>p1 move voltswitch\n>p2 move protect\n>p1 move voltswitch\n>p2 move wish\n>p1 switch 2\n>p1 move seismictoss\n>p2 move protect\n>p1 move thunderwave\n>p2 move ironhead\n>p1 move softboiled\n>p2 move ironhead\n>p1 move seismictoss\n>p2 move ironhead\n>p1 switch 6\n>p2 move wish\n>p1 move flamethrower\n>p2 move ironhead\n>p1 move flamethrower\n>p2 move uturn\n>p2 switch 6\n>p1 move gigadrain\n>p2 move playrough\n>p1 switch 2\n>p2 move playrough\n>p1 move bodypress\n>p2 move playrough\n>p1 move bodypress\n>p2 move voltswitch\n>p2 switch 2\n>p1 switch 6\n>p2 move encore\n>p1 move thunderwave\n>p2 move encore\n>p1 switch 2\n>p2 move encore\n>p1 move gigadrain\n>p2 move knockoff\n>p1 move uturn\n>p2 move knockoff\n>p1 switch 4\n>p1 move knockoff\n>p2 move thunderwave\n>p1 move knockoff\n>p2 move recover\n>forcelose p2", "uploadtime": 1782767251, "views": 3, "formatid": "gen9randombattle", "rating": 1040, "private": 0, "password": null, "player_dets": [{"name": "JJGZ", "avatar": "n", "rating": 1100, "seed": "sodium,cf4482e4c0d78fd7439983f4b4229164"}, {"name": "nopantsjustcoffee", "avatar": "101", "rating": 1056, "seed": "sodium,679650124122d9f33cb08ab1e8fad2df"}], "teams_full": [{"Magnezone": {"name": "Magnezone", "species": "Magnezone", "speciesId": "magnezone", "gender": "N", "shiny": false, "level": 85, "moves": ["voltswitch", "thunderbolt", "flashcannon", "bodypress"], "ability": "Analytic", "evs": {"hp": 85, "atk": 0, "def": 85, "spa": 85, "spd": 85, "spe": 85}, "ivs": {"hp": 31, "atk": 0, "def": 31, "spa": 31, "spd": 31, "spe": 31}, "item": "Choice Scarf", "teraType": "Electric", "role": "Fast Attacker", "bvs": {"hp": 70, "atk": 70, "def": 115, "spa": 130, "spd": 90, "spe": 60}, "stats": {"hp": 258, "atk": 124, "def": 244, "spa": 270, "spd": 202, "spe": 151}, "types": ["Electric", "Steel"]}, "Blissey": {"name": "Blissey", "species": "Blissey", "speciesId": "blissey", "gender": "F", "shiny": false, "level": 85, "moves": ["softboiled", "seismictoss", "thunderwave", "healbell"], "ability": "Natural Cure", "evs": {"hp": 85, "atk": 0, "def": 85, "spa": 85, "spd": 85, "spe": 85}, "ivs": {"hp": 31, "atk": 0, "def": 31, "spa": 31, "spd": 31, "spe": 31}, "item": "Leftovers", "teraType": "Poison", "role": "Bulky Support", "bvs": {"hp": 255, "atk": 10, "def": 10, "spa": 75, "spd": 135, "spe": 55}, "stats": {"hp": 572, "atk": 22, "def": 66, "spa": 176, "spd": 278, "spe": 142}, "types": ["Normal"]}, "Froslass": {"name": "Froslass", "species": "Froslass", "speciesId": "froslass", "gender": "F", "shiny": false, "level": 87, "moves": ["spikes", "taunt", "poltergeist", "tripleaxel"], "ability": "Cursed Body", "evs": {"hp": 81, "atk": 85, "def": 85, "spa": 85, "spd": 85, "spe": 85}, "ivs": {"hp": 31, "atk": 31, "def": 31, "spa": 31, "spd": 31, "spe": 31}, "item": "Wide Lens", "teraType": "Ice", "role": "Fast Support", "bvs": {"hp": 70, "atk": 80, "def": 70, "spa": 80, "spd": 70, "spe": 110}, "stats": {"hp": 263, "atk": 189, "def": 172, "spa": 189, "spd": 172, "spe": 241}, "types": ["Ice", "Ghost"]}, "Malamar": {"name": "Malamar", "species": "Malamar", "speciesId": "malamar", "gender": "F", "shiny": false, "level": 82, "moves": ["rest", "knockoff", "sleeptalk", "superpower"], "ability": "Contrary", "evs": {"hp": 85, "atk": 85, "def": 85, "spa": 85, "spd": 85, "spe": 85}, "ivs": {"hp": 31, "atk": 31, "def": 31, "spa": 31, "spd": 31, "spe": 31}, "item": "Leftovers", "teraType": "Poison", "role": "Bulky Setup", "bvs": {"hp": 86, "atk": 92, "def": 88, "spa": 68, "spd": 75, "spe": 73}, "stats": {"hp": 275, "atk": 198, "def": 191, "spa": 159, "spd": 170, "spe": 167}, "types": ["Dark", "Psychic"]}, "Swanna": {"name": "Swanna", "species": "Swanna", "speciesId": "swanna", "gender": "M", "shiny": false, "level": 89, "moves": ["bravebird", "defog", "hydropump", "roost"], "ability": "Hydration", "evs": {"hp": 85, "atk": 85, "def": 85, "spa": 85, "spd": 85, "spe": 85}, "ivs": {"hp": 31, "atk": 31, "def": 31, "spa": 31, "spd": 31, "spe": 31}, "item": "Heavy-Duty Boots", "teraType": "Ground", "role": "Bulky Support", "bvs": {"hp": 75, "atk": 87, "def": 63, "spa": 87, "spd": 63, "spe": 98}, "stats": {"hp": 278, "atk": 206, "def": 163, "spa": 206, "spd": 163, "spe": 225}, "types": ["Water", "Flying"]}, "Eelektross": {"name": "Eelektross", "species": "Eelektross", "speciesId": "eelektross", "gender": "F", "shiny": false, "level": 87, "moves": ["flamethrower", "gigadrain", "discharge", "uturn"], "ability": "Levitate", "evs": {"hp": 85, "atk": 85, "def": 85, "spa": 85, "spd": 85, "spe": 85}, "ivs": {"hp": 31, "atk": 31, "def": 31, "spa": 31, "spd": 31, "spe": 31}, "item": "Assault Vest", "teraType": "Poison", "role": "AV Pivot", "bvs": {"hp": 85, "atk": 115, "def": 80, "spa": 105, "spd": 80, "spe": 50}, "stats": {"hp": 290, "atk": 250, "def": 189, "spa": 232, "spd": 189, "spe": 137}, "types": ["Electric"]}}, {"Jirachi": {"name": "Jirachi", "species": "Jirachi", "speciesId": "jirachi", "gender": "N", "shiny": false, "level": 80, "moves": ["uturn", "ironhead", "protect", "wish"], "ability": "Serene Grace", "evs": {"hp": 85, "atk": 85, "def": 85, "spa": 85, "spd": 85, "spe": 85}, "ivs": {"hp": 31, "atk": 31, "def": 31, "spa": 31, "spd": 31, "spe": 31}, "item": "Leftovers", "teraType": "Water", "role": "Bulky Support", "bvs": {"hp": 100, "atk": 100, "def": 100, "spa": 100, "spd": 100, "spe": 100}, "stats": {"hp": 291, "atk": 206, "def": 206, "spa": 206, "spd": 206, "spe": 206}, "types": ["Steel", "Psychic"]}, "Sableye": {"name": "Sableye", "species": "Sableye", "speciesId": "sableye", "gender": "F", "shiny": false, "level": 88, "moves": ["knockoff", "recover", "encore", "thunderwave"], "ability": "Prankster", "evs": {"hp": 85, "atk": 85, "def": 85, "spa": 85, "spd": 85, "spe": 85}, "ivs": {"hp": 31, "atk": 31, "def": 31, "spa": 31, "spd": 31, "spe": 31}, "item": "Leftovers", "teraType": "Steel", "role": "Bulky Support", "bvs": {"hp": 50, "atk": 75, "def": 75, "spa": 65, "spd": 65, "spe": 50}, "stats": {"hp": 231, "atk": 182, "def": 182, "spa": 165, "spd": 165, "spe": 138}, "types": ["Dark", "Ghost"]}, "Bombirdier": {"name": "Bombirdier", "species": "Bombirdier", "speciesId": "bombirdier", "gender": "M", "shiny": false, "level": 85, "moves": ["suckerpunch", "bravebird", "roost", "knockoff"], "ability": "Big Pecks", "evs": {"hp": 85, "atk": 85, "def": 85, "spa": 85, "spd": 85, "spe": 85}, "ivs": {"hp": 31, "atk": 31, "def": 31, "spa": 31, "spd": 31, "spe": 31}, "item": "Heavy-Duty Boots", "teraType": "Dark", "role": "Bulky Support", "bvs": {"hp": 70, "atk": 103, "def": 85, "spa": 60, "spd": 85, "spe": 82}, "stats": {"hp": 258, "atk": 224, "def": 193, "spa": 151, "spd": 193, "spe": 188}, "types": ["Flying", "Dark"]}, "Pelipper": {"name": "Pelipper", "species": "Pelipper", "speciesId": "pelipper", "gender": "M", "shiny": false, "level": 86, "moves": ["hydropump", "uturn", "weatherball", "hurricane"], "ability": "Drizzle", "evs": {"hp": 85, "atk": 85, "def": 85, "spa": 85, "spd": 85, "spe": 85}, "ivs": {"hp": 31, "atk": 31, "def": 31, "spa": 31, "spd": 31, "spe": 31}, "item": "Choice Specs", "teraType": "Water", "role": "Wallbreaker", "bvs": {"hp": 60, "atk": 50, "def": 100, "spa": 95, "spd": 70, "spe": 65}, "stats": {"hp": 243, "atk": 135, "def": 221, "spa": 213, "spd": 170, "spe": 161}, "types": ["Water", "Flying"]}, "Luxray": {"name": "Luxray", "species": "Luxray", "speciesId": "luxray", "gender": "F", "shiny": false, "level": 88, "moves": ["voltswitch", "icefang", "wildcharge", "playrough"], "ability": "Intimidate", "evs": {"hp": 85, "atk": 85, "def": 85, "spa": 85, "spd": 85, "spe": 85}, "ivs": {"hp": 31, "atk": 31, "def": 31, "spa": 31, "spd": 31, "spe": 31}, "item": "Assault Vest", "teraType": "Fairy", "role": "AV Pivot", "bvs": {"hp": 80, "atk": 120, "def": 79, "spa": 95, "spd": 79, "spe": 70}, "stats": {"hp": 284, "atk": 261, "def": 189, "spa": 217, "spd": 189, "spe": 173}, "types": ["Electric"]}, "Pikachu": {"name": "Pikachu", "species": "Pikachu-Partner", "speciesId": "pikachu", "gender": "M", "shiny": false, "level": 93, "moves": ["volttackle", "voltswitch", "surf", "playrough"], "ability": "Lightning Rod", "evs": {"hp": 85, "atk": 85, "def": 85, "spa": 85, "spd": 85, "spe": 85}, "ivs": {"hp": 31, "atk": 31, "def": 31, "spa": 31, "spd": 31, "spe": 31}, "item": "Light Ball", "teraType": "Water", "role": "Fast Attacker", "bvs": {"hp": 35, "atk": 55, "def": 40, "spa": 50, "spd": 50, "spe": 90}, "stats": {"hp": 216, "atk": 155, "def": 127, "spa": 146, "spd": 146, "spe": 220}, "types": ["Electric"]}}]}