{"id": "gen9randombattle-2641202033", "format": "[Gen 9] Random Battle", "players": ["Uhdb", "sonicteamrocket"], "log": "|j|\u2606Uhdb\n|j|\u203dsonicteamrocket\n|t:|1782753061\n|gametype|singles\n|player|p1|Uhdb|169|2061\n|player|p2|sonicteamrocket|rocketgrunt|2053\n|gen|9\n|tier|[Gen 9] Random Battle\n|rated|\n|rule|Species Clause: Limit one of each Pok\u00e9mon\n|rule|HP Percentage Mod: HP is shown in percentages\n|rule|Sleep Clause Mod: Limit one foe put to sleep\n|rule|Illusion Level Mod: Illusion disguises the Pok\u00e9mon's true level\n|\n|t:|1782753061\n|teamsize|p1|6\n|teamsize|p2|6\n|start\n|switch|p1a: Garganacl|Garganacl, L80, M|291/291\n|switch|p2a: Minun|Minun, L95, F|268/268\n|turn|1\n|inactive|Battle timer is ON: inactive players will automatically lose when time's up. (requested by sonicteamrocket)\n|\n|t:|1782753082\n|move|p2a: Minun|Grass Knot|p1a: Garganacl\n|-supereffective|p1a: Garganacl\n|-damage|p1a: Garganacl|41/291\n|-damage|p2a: Minun|242/268|[from] item: Life Orb\n|move|p1a: Garganacl|Salt Cure|p2a: Minun\n|-damage|p2a: Minun|190/268\n|-start|p2a: Minun|Salt Cure\n|\n|-heal|p1a: Garganacl|59/291|[from] item: Leftovers\n|-damage|p2a: Minun|157/268|[from] Salt Cure\n|upkeep\n|turn|2\n|\n|t:|1782753089\n|switch|p2a: Toedscruel|Toedscruel, L87, M|281/281\n|switch|p1a: Brambleghast|Brambleghast, L88, F|240/240\n|\n|upkeep\n|turn|3\n|\n|t:|1782753094\n|move|p1a: Brambleghast|Power Whip|p2a: Toedscruel\n|-damage|p2a: Toedscruel|83/281\n|move|p2a: Toedscruel|Toxic|p1a: Brambleghast\n|-status|p1a: Brambleghast|tox\n|\n|-heal|p2a: Toedscruel|100/281|[from] item: Leftovers\n|-damage|p1a: Brambleghast|225/240 tox|[from] psn\n|upkeep\n|turn|4\n|\n|t:|1782753115\n|switch|p2a: Victreebel|Victreebel, L90, F|290/290\n|move|p1a: Brambleghast|Poltergeist|p2a: Victreebel\n|-activate|p2a: Victreebel|move: Poltergeist|Life Orb\n|-damage|p2a: Victreebel|112/290\n|\n|-heal|p1a: Brambleghast|240/240 tox|[from] item: Leftovers\n|-damage|p1a: Brambleghast|210/240 tox|[from] psn\n|upkeep\n|turn|5\n|\n|t:|1782753119\n|move|p1a: Brambleghast|Poltergeist|p2a: Victreebel|[miss]\n|-miss|p1a: Brambleghast|p2a: Victreebel\n|move|p2a: Victreebel|Knock Off|p1a: Brambleghast\n|-supereffective|p1a: Brambleghast\n|-damage|p1a: Brambleghast|0 fnt\n|-enditem|p1a: Brambleghast|Leftovers|[from] move: Knock Off|[of] p2a: Victreebel\n|faint|p1a: Brambleghast\n|-damage|p2a: Victreebel|83/290|[from] item: Life Orb\n|\n|upkeep\n|\n|t:|1782753130\n|switch|p1a: Houndoom|Houndoom, L87, M|272/272\n|turn|6\n|\n|t:|1782753135\n|move|p1a: Houndoom|Dark Pulse|p2a: Victreebel\n|-damage|p2a: Victreebel|0 fnt\n|faint|p2a: Victreebel\n|\n|upkeep\n|\n|t:|1782753142\n|switch|p2a: Salazzle|Salazzle, L83, F|249/249\n|turn|7\n|\n|t:|1782753158\n|switch|p1a: Garganacl|Garganacl, L80, M|59/291\n|move|p2a: Salazzle|Toxic|p1a: Garganacl\n|-immune|p1a: Garganacl|[from] ability: Purifying Salt\n|\n|-heal|p1a: Garganacl|77/291|[from] item: Leftovers\n|upkeep\n|turn|8\n|\n|t:|1782753164\n|switch|p2a: Alomomola|Alomomola, L87, M|429/429\n|move|p1a: Garganacl|Recover|p1a: Garganacl\n|-heal|p1a: Garganacl|223/291\n|\n|-heal|p1a: Garganacl|241/291|[from] item: Leftovers\n|upkeep\n|turn|9\n|\n|t:|1782753174\n|switch|p1a: Phione|Phione, L91|293/293\n|move|p2a: Alomomola|Wish|p2a: Alomomola\n|\n|upkeep\n|turn|10\n|\n|t:|1782753186\n|move|p1a: Phione|Take Heart|p1a: Phione\n|-boost|p1a: Phione|spa|1\n|-boost|p1a: Phione|spd|1\n|move|p2a: Alomomola|Flip Turn|p1a: Phione\n|-resisted|p1a: Phione\n|-damage|p1a: Phione|263/293\n|\n|t:|1782753193\n|switch|p2a: Minun|Minun, L95, F|157/268|[from] Flip Turn\n|\n|-heal|p2a: Minun|268/268|[from] move: Wish|[wisher] Alomomola\n|-heal|p1a: Phione|281/293|[from] item: Leftovers\n|upkeep\n|turn|11\n|\n|t:|1782753196\n|move|p2a: Minun|Nasty Plot|p2a: Minun\n|-boost|p2a: Minun|spa|2\n|move|p1a: Phione|Scald|p2a: Minun\n|-damage|p2a: Minun|151/268\n|\n|-heal|p1a: Phione|293/293|[from] item: Leftovers\n|upkeep\n|turn|12\n|\n|t:|1782753210\n|-terastallize|p1a: Phione|Grass\n|move|p2a: Minun|Thunderbolt|p1a: Phione\n|-resisted|p1a: Phione\n|-damage|p1a: Phione|203/293\n|-damage|p2a: Minun|125/268|[from] item: Life Orb\n|move|p1a: Phione|Scald|p2a: Minun\n|-damage|p2a: Minun|5/268\n|\n|-heal|p1a: Phione|221/293|[from] item: Leftovers\n|upkeep\n|turn|13\n|\n|t:|1782753223\n|switch|p2a: Alomomola|Alomomola, L87, M|429/429\n|move|p1a: Phione|Take Heart|p1a: Phione\n|-boost|p1a: Phione|spa|1\n|-boost|p1a: Phione|spd|1\n|\n|-heal|p1a: Phione|239/293|[from] item: Leftovers\n|upkeep\n|turn|14\n|\n|t:|1782753229\n|move|p1a: Phione|Grass Knot|p2a: Alomomola\n|-supereffective|p2a: Alomomola\n|-damage|p2a: Alomomola|9/429\n|-damage|p1a: Phione|191/293|[from] item: Rocky Helmet|[of] p2a: Alomomola\n|move|p2a: Alomomola|Flip Turn|p1a: Phione\n|-resisted|p1a: Phione\n|-damage|p1a: Phione|163/293\n|\n|t:|1782753231\n|switch|p2a: Oricorio|Oricorio-Pa'u, L87, F|272/272|[from] Flip Turn\n|\n|-heal|p1a: Phione|181/293|[from] item: Leftovers\n|upkeep\n|turn|15\n|\n|t:|1782753235\n|move|p2a: Oricorio|Quiver Dance|p2a: Oricorio\n|-boost|p2a: Oricorio|spa|1\n|-boost|p2a: Oricorio|spd|1\n|-boost|p2a: Oricorio|spe|1\n|move|p1a: Phione|Ice Beam|p2a: Oricorio\n|-supereffective|p2a: Oricorio\n|-damage|p2a: Oricorio|76/272\n|\n|-heal|p1a: Phione|199/293|[from] item: Leftovers\n|upkeep\n|turn|16\n|\n|t:|1782753243\n|move|p2a: Oricorio|Roost|p2a: Oricorio\n|-heal|p2a: Oricorio|212/272\n|-singleturn|p2a: Oricorio|move: Roost\n|move|p1a: Phione|Scald|p2a: Oricorio\n|-damage|p2a: Oricorio|85/272\n|\n|-heal|p1a: Phione|217/293|[from] item: Leftovers\n|upkeep\n|turn|17\n|\n|t:|1782753249\n|move|p2a: Oricorio|Roost|p2a: Oricorio\n|-heal|p2a: Oricorio|221/272\n|-singleturn|p2a: Oricorio|move: Roost\n|move|p1a: Phione|Scald|p2a: Oricorio\n|-damage|p2a: Oricorio|82/272\n|\n|-heal|p1a: Phione|235/293|[from] item: Leftovers\n|upkeep\n|turn|18\n|\n|t:|1782753262\n|move|p2a: Oricorio|Quiver Dance|p2a: Oricorio\n|-boost|p2a: Oricorio|spa|1\n|-boost|p2a: Oricorio|spd|1\n|-boost|p2a: Oricorio|spe|1\n|move|p1a: Phione|Scald|p2a: Oricorio\n|-crit|p2a: Oricorio\n|-damage|p2a: Oricorio|0 fnt\n|faint|p2a: Oricorio\n|\n|-heal|p1a: Phione|253/293|[from] item: Leftovers\n|upkeep\n|-message|sonicteamrocket forfeited.\n|\n|win|Uhdb\n|raw|Uhdb's rating: 2061 &rarr; <strong>2081</strong><br />(+20 for winning)\n|raw|sonicteamrocket's rating: 2053 &rarr; <strong>2033</strong><br />(-20 for losing)\n", "inputlog": ">version f8ac14003a5f27e1bdc8d8c59608a773c1cb96e5\n>start {\"formatid\":\"gen9randombattle\",\"seed\":\"sodium,96948665322d66f50f24e63cd418ed8c\",\"rated\":\"Rated battle\"}\n>player p1 {\"name\":\"Uhdb\",\"avatar\":\"169\",\"rating\":2061,\"seed\":\"sodium,896d235cc5293d74e68a688c63edced4\"}\n>player p2 {\"name\":\"sonicteamrocket\",\"avatar\":\"rocketgrunt\",\"rating\":2053,\"seed\":\"sodium,1ba528a3d73c6c2eb28107842386c3c2\"}\n>p1 move saltcure\n>p2 move grassknot\n>p1 switch 2\n>p2 switch 3\n>p1 move powerwhip\n>p2 move toxic\n>p1 move poltergeist\n>p2 switch 2\n>p1 move poltergeist\n>p2 move knockoff\n>p1 switch 3\n>p1 move darkpulse\n>p2 move sleeppowder\n>p2 switch 6\n>p1 switch 2\n>p2 move toxic\n>p1 move recover\n>p2 switch 4\n>p1 switch 5\n>p2 move wish\n>p1 move takeheart\n>p2 move flipturn\n>p2 switch 3\n>p1 move scald\n>p2 move nastyplot\n>p1 move scald terastallize\n>p2 move thunderbolt\n>p1 move takeheart\n>p2 switch 3\n>p1 move grassknot\n>p2 move flipturn\n>p2 switch 5\n>p1 move icebeam\n>p2 move quiverdance\n>p1 move scald\n>p2 move roost\n>p1 move scald\n>p2 move roost\n>p1 move scald\n>p2 move quiverdance\n>forcelose p2", "uploadtime": 1782753266, "views": 7, "formatid": "gen9randombattle", "rating": 2033, "private": 0, "password": null, "player_dets": [{"name": "Uhdb", "avatar": "169", "rating": 2061, "seed": "sodium,896d235cc5293d74e68a688c63edced4"}, {"name": "sonicteamrocket", "avatar": "rocketgrunt", "rating": 2053, "seed": "sodium,1ba528a3d73c6c2eb28107842386c3c2"}], "teams_full": [{"Garganacl": {"name": "Garganacl", "species": "Garganacl", "speciesId": "garganacl", "gender": "M", "shiny": false, "level": 80, "moves": ["saltcure", "stealthrock", "recover", "protect"], "ability": "Purifying Salt", "evs": {"hp": 85, "atk": 85, "def": 85, "spa": 85, "spd": 85, "spe": 85}, "ivs": {"hp": 31, "atk": 31, "def": 31, "spa": 31, "spd": 31, "spe": 31}, "item": "Leftovers", "teraType": "Ghost", "role": "Bulky Support", "bvs": {"hp": 100, "atk": 100, "def": 130, "spa": 45, "spd": 90, "spe": 35}, "stats": {"hp": 291, "atk": 206, "def": 254, "spa": 118, "spd": 190, "spe": 102}, "types": ["Rock"]}, "Brambleghast": {"name": "Brambleghast", "species": "Brambleghast", "speciesId": "brambleghast", "gender": "F", "shiny": false, "level": 88, "moves": ["spikes", "strengthsap", "poltergeist", "powerwhip"], "ability": "Wind Rider", "evs": {"hp": 85, "atk": 85, "def": 85, "spa": 85, "spd": 85, "spe": 85}, "ivs": {"hp": 31, "atk": 31, "def": 31, "spa": 31, "spd": 31, "spe": 31}, "item": "Leftovers", "teraType": "Steel", "role": "Fast Support", "bvs": {"hp": 55, "atk": 115, "def": 70, "spa": 80, "spd": 70, "spe": 90}, "stats": {"hp": 240, "atk": 253, "def": 173, "spa": 191, "spd": 173, "spe": 209}, "types": ["Grass", "Ghost"]}, "Houndoom": {"name": "Houndoom", "species": "Houndoom", "speciesId": "houndoom", "gender": "M", "shiny": false, "level": 87, "moves": ["sludgebomb", "nastyplot", "darkpulse", "fireblast"], "ability": "Flash Fire", "evs": {"hp": 85, "atk": 0, "def": 85, "spa": 85, "spd": 85, "spe": 85}, "ivs": {"hp": 31, "atk": 0, "def": 31, "spa": 31, "spd": 31, "spe": 31}, "item": "Heavy-Duty Boots", "teraType": "Fire", "role": "Fast Attacker", "bvs": {"hp": 75, "atk": 90, "def": 50, "spa": 110, "spd": 80, "spe": 95}, "stats": {"hp": 272, "atk": 161, "def": 137, "spa": 241, "spd": 189, "spe": 215}, "types": ["Dark", "Fire"]}, "Frosmoth": {"name": "Frosmoth", "species": "Frosmoth", "speciesId": "frosmoth", "gender": "F", "shiny": false, "level": 82, "moves": ["terablast", "quiverdance", "icebeam", "gigadrain"], "ability": "Ice Scales", "evs": {"hp": 85, "atk": 0, "def": 85, "spa": 85, "spd": 85, "spe": 85}, "ivs": {"hp": 31, "atk": 0, "def": 31, "spa": 31, "spd": 31, "spe": 31}, "item": "Heavy-Duty Boots", "teraType": "Ground", "role": "Tera Blast user", "bvs": {"hp": 70, "atk": 65, "def": 60, "spa": 125, "spd": 90, "spe": 65}, "stats": {"hp": 249, "atk": 111, "def": 146, "spa": 252, "spd": 195, "spe": 154}, "types": ["Ice", "Bug"]}, "Phione": {"name": "Phione", "species": "Phione", "speciesId": "phione", "gender": "N", "shiny": false, "level": 91, "moves": ["grassknot", "icebeam", "takeheart", "scald"], "ability": "Hydration", "evs": {"hp": 85, "atk": 0, "def": 85, "spa": 85, "spd": 85, "spe": 85}, "ivs": {"hp": 31, "atk": 0, "def": 31, "spa": 31, "spd": 31, "spe": 31}, "item": "Leftovers", "teraType": "Grass", "role": "Bulky Attacker", "bvs": {"hp": 80, "atk": 80, "def": 80, "spa": 80, "spd": 80, "spe": 80}, "stats": {"hp": 293, "atk": 150, "def": 197, "spa": 197, "spd": 197, "spe": 197}, "types": ["Water"]}, "Cramorant": {"name": "Cramorant", "species": "Cramorant", "speciesId": "cramorant", "gender": "F", "shiny": false, "level": 86, "moves": ["bravebird", "roost", "surf", "defog"], "ability": "Gulp Missile", "evs": {"hp": 85, "atk": 85, "def": 85, "spa": 85, "spd": 85, "spe": 85}, "ivs": {"hp": 31, "atk": 31, "def": 31, "spa": 31, "spd": 31, "spe": 31}, "item": "Heavy-Duty Boots", "teraType": "Ground", "role": "Bulky Support", "bvs": {"hp": 70, "atk": 85, "def": 55, "spa": 85, "spd": 95, "spe": 85}, "stats": {"hp": 261, "atk": 195, "def": 144, "spa": 195, "spd": 213, "spe": 195}, "types": ["Flying", "Water"]}}, {"Minun": {"name": "Minun", "species": "Minun", "speciesId": "minun", "gender": "F", "shiny": false, "level": 95, "moves": ["alluringvoice", "nastyplot", "thunderbolt", "grassknot"], "ability": "Volt Absorb", "evs": {"hp": 85, "atk": 0, "def": 85, "spa": 85, "spd": 85, "spe": 85}, "ivs": {"hp": 31, "atk": 0, "def": 31, "spa": 31, "spd": 31, "spe": 31}, "item": "Life Orb", "teraType": "Grass", "role": "Setup Sweeper", "bvs": {"hp": 60, "atk": 40, "def": 50, "spa": 75, "spd": 85, "spe": 95}, "stats": {"hp": 268, "atk": 81, "def": 149, "spa": 196, "spd": 215, "spe": 234}, "types": ["Electric"]}, "Victreebel": {"name": "Victreebel", "species": "Victreebel", "speciesId": "victreebel", "gender": "F", "shiny": false, "level": 90, "moves": ["powerwhip", "sludgewave", "sleeppowder", "knockoff"], "ability": "Chlorophyll", "evs": {"hp": 85, "atk": 85, "def": 85, "spa": 85, "spd": 85, "spe": 85}, "ivs": {"hp": 31, "atk": 31, "def": 31, "spa": 31, "spd": 31, "spe": 31}, "item": "Life Orb", "teraType": "Steel", "role": "Wallbreaker", "bvs": {"hp": 80, "atk": 105, "def": 65, "spa": 100, "spd": 70, "spe": 70}, "stats": {"hp": 290, "atk": 240, "def": 168, "spa": 231, "spd": 177, "spe": 177}, "types": ["Grass", "Poison"]}, "Toedscruel": {"name": "Toedscruel", "species": "Toedscruel", "speciesId": "toedscruel", "gender": "M", "shiny": false, "level": 87, "moves": ["rapidspin", "toxic", "earthpower", "leafstorm"], "ability": "Mycelium Might", "evs": {"hp": 85, "atk": 85, "def": 85, "spa": 85, "spd": 85, "spe": 85}, "ivs": {"hp": 31, "atk": 31, "def": 31, "spa": 31, "spd": 31, "spe": 31}, "item": "Leftovers", "teraType": "Water", "role": "Bulky Support", "bvs": {"hp": 80, "atk": 70, "def": 65, "spa": 80, "spd": 120, "spe": 100}, "stats": {"hp": 281, "atk": 172, "def": 163, "spa": 189, "spd": 259, "spe": 224}, "types": ["Ground", "Grass"]}, "Alomomola": {"name": "Alomomola", "species": "Alomomola", "speciesId": "alomomola", "gender": "M", "shiny": false, "level": 87, "moves": ["scald", "flipturn", "protect", "wish"], "ability": "Regenerator", "evs": {"hp": 85, "atk": 85, "def": 85, "spa": 85, "spd": 85, "spe": 85}, "ivs": {"hp": 31, "atk": 31, "def": 31, "spa": 31, "spd": 31, "spe": 31}, "item": "Rocky Helmet", "teraType": "Steel", "role": "Bulky Support", "bvs": {"hp": 165, "atk": 75, "def": 80, "spa": 40, "spd": 45, "spe": 65}, "stats": {"hp": 429, "atk": 180, "def": 189, "spa": 119, "spd": 128, "spe": 163}, "types": ["Water"]}, "Oricorio": {"name": "Oricorio", "species": "Oricorio-Pa'u", "speciesId": "oricoriopau", "gender": "F", "shiny": false, "level": 87, "moves": ["quiverdance", "hurricane", "roost", "revelationdance"], "ability": "Dancer", "evs": {"hp": 85, "atk": 0, "def": 85, "spa": 85, "spd": 85, "spe": 85}, "ivs": {"hp": 31, "atk": 0, "def": 31, "spa": 31, "spd": 31, "spe": 31}, "item": "Heavy-Duty Boots", "teraType": "Fighting", "role": "Setup Sweeper", "bvs": {"hp": 75, "atk": 70, "def": 70, "spa": 98, "spd": 70, "spe": 93}, "stats": {"hp": 272, "atk": 126, "def": 172, "spa": 220, "spd": 172, "spe": 212}, "types": ["Psychic", "Flying"]}, "Salazzle": {"name": "Salazzle", "species": "Salazzle", "speciesId": "salazzle", "gender": "F", "shiny": false, "level": 83, "moves": ["protect", "flamethrower", "substitute", "toxic"], "ability": "Corrosion", "evs": {"hp": 85, "atk": 0, "def": 85, "spa": 85, "spd": 85, "spe": 85}, "ivs": {"hp": 31, "atk": 0, "def": 31, "spa": 31, "spd": 31, "spe": 31}, "item": "Leftovers", "teraType": "Flying", "role": "Fast Support", "bvs": {"hp": 68, "atk": 64, "def": 60, "spa": 111, "spd": 60, "spe": 117}, "stats": {"hp": 249, "atk": 111, "def": 147, "spa": 232, "spd": 147, "spe": 242}, "types": ["Poison", "Fire"]}}]}