{"id": "gen9randombattle-2641710977", "format": "[Gen 9] Random Battle", "players": ["testbotcif", "linkzFire"], "log": "|j|\u2606testbotcif\n|j|\u2606linkzFire\n|t:|1782832754\n|gametype|singles\n|player|p1|testbotcif|266|1341\n|player|p2|linkzFire|169|1300\n|gen|9\n|tier|[Gen 9] Random Battle\n|rated|\n|rule|Species Clause: Limit one of each Pok\u00e9mon\n|rule|HP Percentage Mod: HP is shown in percentages\n|rule|Sleep Clause Mod: Limit one foe put to sleep\n|rule|Illusion Level Mod: Illusion disguises the Pok\u00e9mon's true level\n|\n|t:|1782832754\n|teamsize|p1|6\n|teamsize|p2|6\n|start\n|switch|p1a: Dedenne|Dedenne, L88, F|261/261\n|switch|p2a: Squawkabilly|Squawkabilly, L85, F|278/278\n|turn|1\n|inactive|Battle timer is ON: inactive players will automatically lose when time's up. (requested by linkzFire)\n|inactive|testbotcif also wants the timer to be on.\n|c|\u2606testbotcif|rlhf\n|\n|t:|1782832761\n|move|p2a: Squawkabilly|Protect|p2a: Squawkabilly\n|-singleturn|p2a: Squawkabilly|Protect\n|move|p1a: Dedenne|Thunderbolt|p2a: Squawkabilly\n|-activate|p2a: Squawkabilly|move: Protect\n|\n|-status|p2a: Squawkabilly|brn|[from] item: Flame Orb\n|upkeep\n|turn|2\n|\n|t:|1782832767\n|switch|p2a: Appletun|Appletun, L92, F|352/352\n|move|p1a: Dedenne|Thunderbolt|p2a: Appletun\n|-resisted|p2a: Appletun\n|-damage|p2a: Appletun|330/352\n|\n|-heal|p2a: Appletun|352/352|[from] item: Leftovers\n|upkeep\n|turn|3\n|\n|t:|1782832770\n|move|p1a: Dedenne|Dazzling Gleam|p2a: Appletun\n|-supereffective|p2a: Appletun\n|-damage|p2a: Appletun|176/352\n|move|p2a: Appletun|Apple Acid|p1a: Dedenne\n|-damage|p1a: Dedenne|135/261\n|-unboost|p1a: Dedenne|spd|1\n|\n|-heal|p2a: Appletun|198/352|[from] item: Leftovers\n|upkeep\n|turn|4\n|\n|t:|1782832776\n|switch|p2a: Magearna|Magearna-Original, L77|250/250\n|move|p1a: Dedenne|Dazzling Gleam|p2a: Magearna\n|-resisted|p2a: Magearna\n|-damage|p2a: Magearna|211/250\n|\n|-heal|p2a: Magearna|226/250|[from] item: Leftovers\n|upkeep\n|turn|5\n|\n|t:|1782832779\n|switch|p2a: Appletun|Appletun, L92, F|198/352\n|move|p1a: Dedenne|Thunderbolt|p2a: Appletun\n|-resisted|p2a: Appletun\n|-crit|p2a: Appletun\n|-damage|p2a: Appletun|166/352\n|-status|p2a: Appletun|par\n|\n|-heal|p2a: Appletun|188/352 par|[from] item: Leftovers\n|upkeep\n|turn|6\n|\n|t:|1782832781\n|switch|p2a: Magearna|Magearna-Original, L77|226/250\n|move|p1a: Dedenne|Dazzling Gleam|p2a: Magearna\n|-resisted|p2a: Magearna\n|-damage|p2a: Magearna|190/250\n|\n|-heal|p2a: Magearna|205/250|[from] item: Leftovers\n|upkeep\n|turn|7\n|\n|t:|1782832785\n|move|p1a: Dedenne|Thunderbolt|p2a: Magearna\n|-damage|p2a: Magearna|129/250\n|move|p2a: Magearna|Shift Gear|p2a: Magearna\n|-boost|p2a: Magearna|spe|2\n|-boost|p2a: Magearna|atk|1\n|\n|-heal|p2a: Magearna|144/250|[from] item: Leftovers\n|upkeep\n|turn|8\n|\n|t:|1782832789\n|move|p2a: Magearna|Flash Cannon|p1a: Dedenne\n|-damage|p1a: Dedenne|0 fnt\n|faint|p1a: Dedenne\n|-ability|p2a: Magearna|Soul-Heart|boost\n|-boost|p2a: Magearna|spa|1\n|\n|-heal|p2a: Magearna|159/250|[from] item: Leftovers\n|upkeep\n|\n|t:|1782832789\n|switch|p1a: Oricorio|Oricorio, L84, M|263/263\n|turn|9\n|\n|t:|1782832794\n|move|p2a: Magearna|Calm Mind|p2a: Magearna\n|-boost|p2a: Magearna|spa|1\n|-boost|p2a: Magearna|spd|1\n|move|p1a: Oricorio|Quiver Dance|p1a: Oricorio\n|-boost|p1a: Oricorio|spa|1\n|-boost|p1a: Oricorio|spd|1\n|-boost|p1a: Oricorio|spe|1\n|\n|-heal|p2a: Magearna|174/250|[from] item: Leftovers\n|upkeep\n|turn|10\n|\n|t:|1782832796\n|move|p1a: Oricorio|Quiver Dance|p1a: Oricorio\n|-boost|p1a: Oricorio|spa|1\n|-boost|p1a: Oricorio|spd|1\n|-boost|p1a: Oricorio|spe|1\n|move|p2a: Magearna|Calm Mind|p2a: Magearna\n|-boost|p2a: Magearna|spa|1\n|-boost|p2a: Magearna|spd|1\n|\n|-heal|p2a: Magearna|189/250|[from] item: Leftovers\n|upkeep\n|turn|11\n|\n|t:|1782832801\n|-terastallize|p2a: Magearna|Flying\n|move|p1a: Oricorio|Quiver Dance|p1a: Oricorio\n|-boost|p1a: Oricorio|spa|1\n|-boost|p1a: Oricorio|spd|1\n|-boost|p1a: Oricorio|spe|1\n|move|p2a: Magearna|Calm Mind|p2a: Magearna\n|-boost|p2a: Magearna|spa|1\n|-boost|p2a: Magearna|spd|1\n|\n|-heal|p2a: Magearna|204/250|[from] item: Leftovers\n|upkeep\n|turn|12\n|\n|t:|1782832803\n|move|p1a: Oricorio|Hurricane|p2a: Magearna\n|-damage|p2a: Magearna|98/250\n|-start|p2a: Magearna|confusion\n|-activate|p2a: Magearna|confusion\n|move|p2a: Magearna|Calm Mind|p2a: Magearna\n|-boost|p2a: Magearna|spa|1\n|-boost|p2a: Magearna|spd|1\n|\n|-heal|p2a: Magearna|113/250|[from] item: Leftovers\n|upkeep\n|turn|13\n|\n|t:|1782832805\n|move|p1a: Oricorio|Hurricane|p2a: Magearna\n|-damage|p2a: Magearna|22/250\n|-activate|p2a: Magearna|confusion\n|move|p2a: Magearna|Fleur Cannon|p1a: Oricorio\n|-resisted|p1a: Oricorio\n|-damage|p1a: Oricorio|146/263\n|-unboost|p2a: Magearna|spa|2\n|\n|-heal|p2a: Magearna|37/250|[from] item: Leftovers\n|upkeep\n|turn|14\n|\n|t:|1782832809\n|move|p1a: Oricorio|Roost|p1a: Oricorio\n|-heal|p1a: Oricorio|263/263\n|-singleturn|p1a: Oricorio|move: Roost\n|-activate|p2a: Magearna|confusion\n|move|p2a: Magearna|Fleur Cannon|p1a: Oricorio\n|-resisted|p1a: Oricorio\n|-damage|p1a: Oricorio|173/263\n|-unboost|p2a: Magearna|spa|2\n|\n|-heal|p2a: Magearna|52/250|[from] item: Leftovers\n|upkeep\n|turn|15\n|\n|t:|1782832814\n|move|p1a: Oricorio|Roost|p1a: Oricorio\n|-heal|p1a: Oricorio|263/263\n|-singleturn|p1a: Oricorio|move: Roost\n|-end|p2a: Magearna|confusion\n|move|p2a: Magearna|Calm Mind|p2a: Magearna\n|-boost|p2a: Magearna|spa|1\n|-boost|p2a: Magearna|spd|1\n|\n|-heal|p2a: Magearna|67/250|[from] item: Leftovers\n|upkeep\n|turn|16\n|\n|t:|1782832817\n|move|p1a: Oricorio|Hurricane|p2a: Magearna|[miss]\n|-miss|p1a: Oricorio|p2a: Magearna\n|move|p2a: Magearna|Flash Cannon|p1a: Oricorio\n|-resisted|p1a: Oricorio\n|-damage|p1a: Oricorio|218/263\n|\n|-heal|p2a: Magearna|82/250|[from] item: Leftovers\n|upkeep\n|turn|17\n|\n|t:|1782832821\n|move|p1a: Oricorio|Hurricane|p2a: Magearna\n|-damage|p2a: Magearna|9/250\n|-start|p2a: Magearna|confusion\n|-activate|p2a: Magearna|confusion\n|move|p2a: Magearna|Fleur Cannon|p1a: Oricorio\n|-resisted|p1a: Oricorio\n|-damage|p1a: Oricorio|147/263\n|-unboost|p2a: Magearna|spa|2\n|\n|-heal|p2a: Magearna|24/250|[from] item: Leftovers\n|upkeep\n|turn|18\n|\n|t:|1782832825\n|move|p1a: Oricorio|Roost|p1a: Oricorio\n|-heal|p1a: Oricorio|263/263\n|-singleturn|p1a: Oricorio|move: Roost\n|-end|p2a: Magearna|confusion\n|move|p2a: Magearna|Fleur Cannon|p1a: Oricorio\n|-resisted|p1a: Oricorio\n|-damage|p1a: Oricorio|231/263\n|-unboost|p2a: Magearna|spa|2\n|\n|-heal|p2a: Magearna|39/250|[from] item: Leftovers\n|upkeep\n|turn|19\n|\n|t:|1782832828\n|move|p1a: Oricorio|Hurricane|p2a: Magearna|[miss]\n|-miss|p1a: Oricorio|p2a: Magearna\n|move|p2a: Magearna|Calm Mind|p2a: Magearna\n|-boost|p2a: Magearna|spa|1\n|-boost|p2a: Magearna|spd|1\n|\n|-heal|p2a: Magearna|54/250|[from] item: Leftovers\n|upkeep\n|turn|20\n|\n|t:|1782832831\n|move|p1a: Oricorio|Hurricane|p2a: Magearna\n|-damage|p2a: Magearna|0 fnt\n|faint|p2a: Magearna\n|\n|upkeep\n|\n|t:|1782832836\n|switch|p2a: Squawkabilly|Squawkabilly, L85, F|278/278 brn\n|turn|21\n|\n|t:|1782832837\n|move|p2a: Squawkabilly|Quick Attack|p1a: Oricorio\n|-crit|p1a: Oricorio\n|-damage|p1a: Oricorio|123/263\n|move|p1a: Oricorio|Hurricane|p2a: Squawkabilly\n|-damage|p2a: Squawkabilly|0 fnt\n|faint|p2a: Squawkabilly\n|\n|upkeep\n|\n|t:|1782832840\n|switch|p2a: Veluza|Veluza, L85, F|292/292\n|turn|22\n|\n|t:|1782832843\n|-terastallize|p1a: Oricorio|Ground\n|move|p1a: Oricorio|Hurricane|p2a: Veluza\n|-damage|p2a: Veluza|0 fnt\n|faint|p2a: Veluza\n|\n|upkeep\n|\n|t:|1782832846\n|switch|p2a: Bombirdier|Bombirdier, L85, M|258/258\n|turn|23\n|\n|t:|1782832848\n|move|p2a: Bombirdier|Sucker Punch|p1a: Oricorio\n|-damage|p1a: Oricorio|0 fnt\n|faint|p1a: Oricorio\n|\n|upkeep\n|\n|t:|1782832848\n|switch|p1a: Slaking|Slaking, L84, M|389/389\n|turn|24\n|\n|t:|1782832851\n|switch|p2a: Appletun|Appletun, L92, F|188/352 par\n|move|p1a: Slaking|Giga Impact|p2a: Appletun\n|-damage|p2a: Appletun|0 fnt\n|-mustrecharge|p1a: Slaking\n|faint|p2a: Appletun\n|\n|upkeep\n|\n|t:|1782832853\n|switch|p2a: Infernape|Infernape, L82, F|259/259\n|turn|25\n|\n|t:|1782832858\n|move|p2a: Infernape|Swords Dance|p2a: Infernape\n|-boost|p2a: Infernape|atk|2\n|cant|p1a: Slaking|recharge\n|\n|upkeep\n|turn|26\n|\n|t:|1782832860\n|move|p2a: Infernape|Close Combat|p1a: Slaking\n|-supereffective|p1a: Slaking\n|-damage|p1a: Slaking|0 fnt\n|-unboost|p2a: Infernape|def|1\n|-unboost|p2a: Infernape|spd|1\n|faint|p1a: Slaking\n|-damage|p2a: Infernape|234/259|[from] item: Life Orb\n|\n|upkeep\n|\n|t:|1782832860\n|switch|p1a: Quaquaval|Quaquaval, L79, F|264/264\n|turn|27\n|\n|t:|1782832864\n|move|p2a: Infernape|Close Combat|p1a: Quaquaval\n|-damage|p1a: Quaquaval|0 fnt\n|-unboost|p2a: Infernape|def|1\n|-unboost|p2a: Infernape|spd|1\n|faint|p1a: Quaquaval\n|-damage|p2a: Infernape|209/259|[from] item: Life Orb\n|\n|upkeep\n|\n|t:|1782832864\n|switch|p1a: Wigglytuff|Wigglytuff, L96, F|424/424\n|turn|28\n|\n|t:|1782832868\n|move|p2a: Infernape|Flare Blitz|p1a: Wigglytuff\n|-damage|p1a: Wigglytuff|0 fnt\n|faint|p1a: Wigglytuff\n|-damage|p2a: Infernape|69/259|[from] Recoil\n|-damage|p2a: Infernape|44/259|[from] item: Life Orb\n|\n|upkeep\n|\n|t:|1782832868\n|switch|p1a: Electivire|Electivire, L84, M|263/263\n|turn|29\n|\n|t:|1782832873\n|move|p2a: Infernape|Close Combat|p1a: Electivire\n|-damage|p1a: Electivire|0 fnt\n|-unboost|p2a: Infernape|def|1\n|-unboost|p2a: Infernape|spd|1\n|faint|p1a: Electivire\n|-damage|p2a: Infernape|19/259|[from] item: Life Orb\n|\n|win|linkzFire\n|raw|testbotcif's rating: 1341 &rarr; <strong>1319</strong><br />(-22 for losing)\n|raw|linkzFire's rating: 1300 &rarr; <strong>1328</strong><br />(+28 for winning)\n", "inputlog": ">version f8ac14003a5f27e1bdc8d8c59608a773c1cb96e5\n>start {\"formatid\":\"gen9randombattle\",\"seed\":\"sodium,9472c25f91aafe4dc3b7cb9ee8735384\",\"rated\":\"Rated battle\"}\n>player p1 {\"name\":\"testbotcif\",\"avatar\":\"266\",\"rating\":1341,\"seed\":\"sodium,23aae85f1e2baf4688267430821eaae3\"}\n>player p2 {\"name\":\"linkzFire\",\"avatar\":\"169\",\"rating\":1300,\"seed\":\"sodium,0565dbdfb255fff6f3d5dbf491f64bb8\"}\n>chat \u2606testbotcif|rlhf\n>p1 move thunderbolt\n>p2 move protect\n>p1 move thunderbolt\n>p2 switch 4\n>p1 move dazzlinggleam\n>p2 move appleacid\n>p1 move dazzlinggleam\n>p2 switch 3\n>p1 move thunderbolt\n>p2 switch 3\n>p1 move dazzlinggleam\n>p2 switch 3\n>p1 move thunderbolt\n>p2 move shiftgear\n>p1 move thunderbolt\n>p2 move flashcannon\n>p1 switch 5\n>p1 move quiverdance\n>p2 move calmmind\n>p1 move quiverdance\n>p2 move calmmind\n>p1 move quiverdance\n>p2 move calmmind terastallize\n>p1 move hurricane\n>p2 move calmmind\n>p1 move hurricane\n>p2 move fleurcannon\n>p1 move roost\n>p2 move fleurcannon\n>p1 move roost\n>p2 move calmmind\n>p1 move hurricane\n>p2 move flashcannon\n>p1 move hurricane\n>p2 move fleurcannon\n>p1 move roost\n>p2 move fleurcannon\n>p1 move hurricane\n>p2 move calmmind\n>p1 move hurricane\n>p2 move flashcannon\n>p2 switch 4\n>p1 move hurricane\n>p2 move quickattack\n>p2 switch 5\n>p1 move hurricane terastallize\n>p2 move aquacutter\n>p2 switch 6\n>p1 move revelationdance\n>p2 move suckerpunch\n>p1 switch 4\n>p1 move gigaimpact\n>p2 switch 3\n>p2 switch 2\n>p1 move recharge\n>p2 move swordsdance\n>p1 move gigaimpact\n>p2 move closecombat\n>p1 switch 3\n>p1 move aquastep\n>p2 move closecombat\n>p1 switch 2\n>p1 move alluringvoice\n>p2 move flareblitz\n>p1 switch 6\n>p1 move supercellslam\n>p2 move closecombat", "uploadtime": 1782832873, "views": 3, "formatid": "gen9randombattle", "rating": 1319, "private": 0, "password": null, "player_dets": [{"name": "testbotcif", "avatar": "266", "rating": 1341, "seed": "sodium,23aae85f1e2baf4688267430821eaae3"}, {"name": "linkzFire", "avatar": "169", "rating": 1300, "seed": "sodium,0565dbdfb255fff6f3d5dbf491f64bb8"}], "teams_full": [{"Dedenne": {"name": "Dedenne", "species": "Dedenne", "speciesId": "dedenne", "gender": "F", "shiny": false, "level": 88, "moves": ["superfang", "thunderbolt", "nuzzle", "dazzlinggleam"], "ability": "Cheek Pouch", "evs": {"hp": 85, "atk": 85, "def": 85, "spa": 85, "spd": 85, "spe": 85}, "ivs": {"hp": 31, "atk": 31, "def": 31, "spa": 31, "spd": 31, "spe": 31}, "item": "Sitrus Berry", "teraType": "Flying", "role": "Fast Support", "bvs": {"hp": 67, "atk": 58, "def": 57, "spa": 81, "spd": 67, "spe": 101}, "stats": {"hp": 261, "atk": 152, "def": 151, "spa": 193, "spd": 168, "spe": 228}, "types": ["Electric", "Fairy"]}, "Wigglytuff": {"name": "Wigglytuff", "species": "Wigglytuff", "speciesId": "wigglytuff", "gender": "F", "shiny": false, "level": 96, "moves": ["thunderwave", "knockoff", "fireblast", "alluringvoice"], "ability": "Competitive", "evs": {"hp": 85, "atk": 85, "def": 85, "spa": 85, "spd": 85, "spe": 85}, "ivs": {"hp": 31, "atk": 31, "def": 31, "spa": 31, "spd": 31, "spe": 31}, "item": "Leftovers", "teraType": "Steel", "role": "Bulky Support", "bvs": {"hp": 140, "atk": 70, "def": 45, "spa": 85, "spd": 50, "spe": 45}, "stats": {"hp": 424, "atk": 189, "def": 141, "spa": 218, "spd": 150, "spe": 141}, "types": ["Normal", "Fairy"]}, "Quaquaval": {"name": "Quaquaval", "species": "Quaquaval", "speciesId": "quaquaval", "gender": "F", "shiny": false, "level": 79, "moves": ["tripleaxel", "knockoff", "aquastep", "closecombat"], "ability": "Moxie", "evs": {"hp": 85, "atk": 85, "def": 85, "spa": 85, "spd": 85, "spe": 85}, "ivs": {"hp": 31, "atk": 31, "def": 31, "spa": 31, "spd": 31, "spe": 31}, "item": "Choice Band", "teraType": "Water", "role": "Wallbreaker", "bvs": {"hp": 85, "atk": 120, "def": 80, "spa": 85, "spd": 75, "spe": 85}, "stats": {"hp": 264, "atk": 235, "def": 172, "spa": 180, "spd": 164, "spe": 180}, "types": ["Water", "Fighting"]}, "Slaking": {"name": "Slaking", "species": "Slaking", "speciesId": "slaking", "gender": "M", "shiny": false, "level": 84, "moves": ["gigaimpact", "earthquake", "knockoff", "doubleedge"], "ability": "Truant", "evs": {"hp": 85, "atk": 85, "def": 85, "spa": 85, "spd": 85, "spe": 85}, "ivs": {"hp": 31, "atk": 31, "def": 31, "spa": 31, "spd": 31, "spe": 31}, "item": "Choice Band", "teraType": "Ghost", "role": "Wallbreaker", "bvs": {"hp": 150, "atk": 160, "def": 100, "spa": 95, "spd": 65, "spe": 100}, "stats": {"hp": 389, "atk": 317, "def": 216, "spa": 208, "spd": 157, "spe": 216}, "types": ["Normal"]}, "Oricorio": {"name": "Oricorio", "species": "Oricorio", "speciesId": "oricorio", "gender": "M", "shiny": false, "level": 84, "moves": ["roost", "hurricane", "revelationdance", "quiverdance"], "ability": "Dancer", "evs": {"hp": 85, "atk": 0, "def": 85, "spa": 85, "spd": 85, "spe": 85}, "ivs": {"hp": 31, "atk": 0, "def": 31, "spa": 31, "spd": 31, "spe": 31}, "item": "Heavy-Duty Boots", "teraType": "Ground", "role": "Setup Sweeper", "bvs": {"hp": 75, "atk": 70, "def": 70, "spa": 98, "spd": 70, "spe": 93}, "stats": {"hp": 263, "atk": 122, "def": 166, "spa": 213, "spd": 166, "spe": 204}, "types": ["Fire", "Flying"]}, "Electivire": {"name": "Electivire", "species": "Electivire", "speciesId": "electivire", "gender": "M", "shiny": false, "level": 84, "moves": ["earthquake", "supercellslam", "icepunch", "knockoff"], "ability": "Motor Drive", "evs": {"hp": 85, "atk": 85, "def": 85, "spa": 85, "spd": 85, "spe": 85}, "ivs": {"hp": 31, "atk": 31, "def": 31, "spa": 31, "spd": 31, "spe": 31}, "item": "Choice Band", "teraType": "Flying", "role": "Fast Attacker", "bvs": {"hp": 75, "atk": 123, "def": 67, "spa": 95, "spd": 85, "spe": 95}, "stats": {"hp": 263, "atk": 255, "def": 161, "spa": 208, "spd": 191, "spe": 208}, "types": ["Electric"]}}, {"Squawkabilly": {"name": "Squawkabilly", "species": "Squawkabilly", "speciesId": "squawkabilly", "gender": "F", "shiny": false, "level": 85, "moves": ["bravebird", "protect", "facade", "quickattack"], "ability": "Guts", "evs": {"hp": 85, "atk": 85, "def": 85, "spa": 85, "spd": 85, "spe": 85}, "ivs": {"hp": 31, "atk": 31, "def": 31, "spa": 31, "spd": 31, "spe": 31}, "item": "Flame Orb", "teraType": "Normal", "role": "Wallbreaker", "bvs": {"hp": 82, "atk": 96, "def": 51, "spa": 45, "spd": 51, "spe": 92}, "stats": {"hp": 278, "atk": 212, "def": 135, "spa": 125, "spd": 135, "spe": 205}, "types": ["Normal", "Flying"]}, "Infernape": {"name": "Infernape", "species": "Infernape", "speciesId": "infernape", "gender": "F", "shiny": false, "level": 82, "moves": ["swordsdance", "stoneedge", "flareblitz", "closecombat"], "ability": "Blaze", "evs": {"hp": 85, "atk": 85, "def": 85, "spa": 85, "spd": 85, "spe": 85}, "ivs": {"hp": 31, "atk": 31, "def": 31, "spa": 31, "spd": 31, "spe": 31}, "item": "Life Orb", "teraType": "Fire", "role": "Fast Support", "bvs": {"hp": 76, "atk": 104, "def": 71, "spa": 104, "spd": 71, "spe": 108}, "stats": {"hp": 259, "atk": 218, "def": 164, "spa": 218, "spd": 164, "spe": 224}, "types": ["Fire", "Fighting"]}, "Magearna": {"name": "Magearna", "species": "Magearna-Original", "speciesId": "magearna", "gender": "N", "shiny": false, "level": 77, "moves": ["shiftgear", "calmmind", "flashcannon", "fleurcannon"], "ability": "Soul-Heart", "evs": {"hp": 85, "atk": 0, "def": 85, "spa": 85, "spd": 85, "spe": 85}, "ivs": {"hp": 31, "atk": 0, "def": 31, "spa": 31, "spd": 31, "spe": 31}, "item": "Leftovers", "teraType": "Flying", "role": "Bulky Setup", "bvs": {"hp": 80, "atk": 95, "def": 115, "spa": 130, "spd": 115, "spe": 65}, "stats": {"hp": 250, "atk": 151, "def": 222, "spa": 245, "spd": 222, "spe": 145}, "types": ["Steel", "Fairy"]}, "Appletun": {"name": "Appletun", "species": "Appletun", "speciesId": "appletun", "gender": "F", "shiny": false, "level": 92, "moves": ["appleacid", "recover", "dracometeor", "leechseed"], "ability": "Thick Fat", "evs": {"hp": 85, "atk": 0, "def": 85, "spa": 85, "spd": 85, "spe": 85}, "ivs": {"hp": 31, "atk": 0, "def": 31, "spa": 31, "spd": 31, "spe": 31}, "item": "Leftovers", "teraType": "Steel", "role": "Bulky Attacker", "bvs": {"hp": 110, "atk": 85, "def": 80, "spa": 100, "spd": 80, "spe": 30}, "stats": {"hp": 352, "atk": 161, "def": 200, "spa": 236, "spd": 200, "spe": 108}, "types": ["Grass", "Dragon"]}, "Veluza": {"name": "Veluza", "species": "Veluza", "speciesId": "veluza", "gender": "F", "shiny": false, "level": 85, "moves": ["nightslash", "aquacutter", "psychocut", "flipturn"], "ability": "Sharpness", "evs": {"hp": 85, "atk": 85, "def": 85, "spa": 85, "spd": 85, "spe": 85}, "ivs": {"hp": 31, "atk": 31, "def": 31, "spa": 31, "spd": 31, "spe": 31}, "item": "Choice Band", "teraType": "Water", "role": "Fast Attacker", "bvs": {"hp": 90, "atk": 102, "def": 73, "spa": 78, "spd": 65, "spe": 70}, "stats": {"hp": 292, "atk": 222, "def": 173, "spa": 181, "spd": 159, "spe": 168}, "types": ["Water", "Psychic"]}, "Bombirdier": {"name": "Bombirdier", "species": "Bombirdier", "speciesId": "bombirdier", "gender": "M", "shiny": false, "level": 85, "moves": ["bravebird", "suckerpunch", "stoneedge", "knockoff"], "ability": "Rocky Payload", "evs": {"hp": 85, "atk": 85, "def": 85, "spa": 85, "spd": 85, "spe": 85}, "ivs": {"hp": 31, "atk": 31, "def": 31, "spa": 31, "spd": 31, "spe": 31}, "item": "Choice Band", "teraType": "Rock", "role": "Fast Attacker", "bvs": {"hp": 70, "atk": 103, "def": 85, "spa": 60, "spd": 85, "spe": 82}, "stats": {"hp": 258, "atk": 224, "def": 193, "spa": 151, "spd": 193, "spe": 188}, "types": ["Flying", "Dark"]}}]}