{"id": "gen9randombattle-2641062661", "format": "[Gen 9] Random Battle", "players": ["Foster The Sheeple", "Okidoyuuki"], "log": "|j|\u2606Foster The Sheeple\n|j|\u2606Okidoyuuki\n|t:|1782734712\n|gametype|singles\n|player|p1|Foster The Sheeple|dancer|1974\n|player|p2|Okidoyuuki|102|1950\n|gen|9\n|tier|[Gen 9] Random Battle\n|rated|\n|rule|Species Clause: Limit one of each Pok\u00e9mon\n|rule|HP Percentage Mod: HP is shown in percentages\n|rule|Sleep Clause Mod: Limit one foe put to sleep\n|rule|Illusion Level Mod: Illusion disguises the Pok\u00e9mon's true level\n|\n|t:|1782734712\n|teamsize|p1|6\n|teamsize|p2|6\n|start\n|switch|p1a: Bisharp|Bisharp, L79, M|232/232\n|switch|p2a: Zebstrika|Zebstrika, L87, F|272/272\n|turn|1\n|inactive|Battle timer is ON: inactive players will automatically lose when time's up. (requested by Foster The Sheeple)\n|\n|t:|1782734741\n|switch|p1a: Scrafty|Scrafty, L83, M|244/244\n|-ability|p1a: Scrafty|Intimidate|boost\n|-unboost|p2a: Zebstrika|atk|1\n|move|p2a: Zebstrika|High Horsepower|p1a: Scrafty\n|-damage|p1a: Scrafty|189/244\n|-damage|p2a: Zebstrika|245/272|[from] item: Life Orb\n|\n|-heal|p1a: Scrafty|204/244|[from] item: Leftovers\n|upkeep\n|turn|2\n|\n|t:|1782734754\n|move|p2a: Zebstrika|Volt Switch|p1a: Scrafty\n|-damage|p1a: Scrafty|129/244\n|-damage|p2a: Zebstrika|218/272|[from] item: Life Orb\n|\n|t:|1782734764\n|switch|p2a: Gallade|Gallade, L80, M|240/240|[from] Volt Switch\n|move|p1a: Scrafty|Knock Off|p2a: Gallade\n|-damage|p2a: Gallade|110/240\n|-enditem|p2a: Gallade|Choice Band|[from] move: Knock Off|[of] p1a: Scrafty\n|\n|-heal|p1a: Scrafty|144/244|[from] item: Leftovers\n|upkeep\n|turn|3\n|\n|t:|1782734788\n|switch|p1a: Palkia|Palkia, L75|259/259\n|-ability|p1a: Palkia|Pressure\n|move|p2a: Gallade|Sacred Sword|p1a: Palkia\n|-damage|p1a: Palkia|105/259\n|\n|upkeep\n|turn|4\n|\n|t:|1782734798\n|switch|p2a: Arboliva|Arboliva, L91, M|290/290\n|move|p1a: Palkia|Spacial Rend|p2a: Arboliva\n|-damage|p2a: Arboliva|182/290\n|-fieldstart|move: Grassy Terrain|[from] ability: Seed Sower|[of] p2a: Arboliva\n|\n|-heal|p1a: Palkia|121/259|[from] Grassy Terrain\n|-heal|p2a: Arboliva|200/290|[from] Grassy Terrain\n|-heal|p2a: Arboliva|218/290|[from] item: Leftovers\n|upkeep\n|turn|5\n|\n|t:|1782734820\n|switch|p1a: Bisharp|Bisharp, L79, M|232/232\n|move|p2a: Arboliva|Energy Ball|p1a: Bisharp\n|-resisted|p1a: Bisharp\n|-damage|p1a: Bisharp|163/232\n|-unboost|p1a: Bisharp|spd|1\n|-ability|p1a: Bisharp|Defiant|boost\n|-boost|p1a: Bisharp|atk|2\n|\n|-heal|p1a: Bisharp|177/232|[from] Grassy Terrain\n|-heal|p2a: Arboliva|236/290|[from] Grassy Terrain\n|-heal|p2a: Arboliva|254/290|[from] item: Leftovers\n|upkeep\n|turn|6\n|inactive|Foster The Sheeple has 120 seconds left.\n|\n|t:|1782734842\n|switch|p1a: Scrafty|Scrafty, L83, M|144/244\n|-ability|p1a: Scrafty|Intimidate|boost\n|-unboost|p2a: Arboliva|atk|1\n|move|p2a: Arboliva|Earth Power|p1a: Scrafty\n|-damage|p1a: Scrafty|72/244\n|-unboost|p1a: Scrafty|spd|1\n|\n|-heal|p1a: Scrafty|87/244|[from] Grassy Terrain\n|-heal|p1a: Scrafty|102/244|[from] item: Leftovers\n|-heal|p2a: Arboliva|272/290|[from] Grassy Terrain\n|-heal|p2a: Arboliva|290/290|[from] item: Leftovers\n|upkeep\n|turn|7\n|inactive|Foster The Sheeple has 120 seconds left.\n|\n|t:|1782734858\n|switch|p1a: Bisharp|Bisharp, L79, M|177/232\n|switch|p2a: Gallade|Gallade, L80, M|110/240\n|\n|-heal|p2a: Gallade|125/240|[from] Grassy Terrain\n|-heal|p1a: Bisharp|191/232|[from] Grassy Terrain\n|upkeep\n|turn|8\n|inactive|Foster The Sheeple has 120 seconds left.\n|\n|t:|1782734872\n|switch|p1a: Scrafty|Scrafty, L83, M|102/244\n|-ability|p1a: Scrafty|Intimidate|boost\n|-unboost|p2a: Gallade|atk|1\n|move|p2a: Gallade|Sacred Sword|p1a: Scrafty\n|-supereffective|p1a: Scrafty\n|-damage|p1a: Scrafty|0 fnt\n|faint|p1a: Scrafty\n|\n|-heal|p2a: Gallade|140/240|[from] Grassy Terrain\n|-fieldend|move: Grassy Terrain\n|upkeep\n|\n|t:|1782734887\n|switch|p1a: Palkia|Palkia, L75|121/259\n|-ability|p1a: Palkia|Pressure\n|turn|9\n|\n|t:|1782734892\n|switch|p2a: Arboliva|Arboliva, L91, M|290/290\n|move|p1a: Palkia|Thunder Wave|p2a: Arboliva\n|-status|p2a: Arboliva|par\n|\n|upkeep\n|turn|10\n|inactive|Foster The Sheeple has 120 seconds left.\n|\n|t:|1782734905\n|move|p1a: Palkia|Fire Blast|p2a: Arboliva|[miss]\n|-miss|p1a: Palkia|p2a: Arboliva\n|cant|p2a: Arboliva|par\n|\n|upkeep\n|turn|11\n|\n|t:|1782734914\n|move|p1a: Palkia|Fire Blast|p2a: Arboliva\n|-supereffective|p2a: Arboliva\n|-damage|p2a: Arboliva|150/290 par\n|-fieldstart|move: Grassy Terrain|[from] ability: Seed Sower|[of] p2a: Arboliva\n|move|p2a: Arboliva|Energy Ball|p1a: Palkia\n|-damage|p1a: Palkia|0 fnt\n|faint|p1a: Palkia\n|\n|-heal|p2a: Arboliva|168/290 par|[from] Grassy Terrain\n|-heal|p2a: Arboliva|186/290 par|[from] item: Leftovers\n|upkeep\n|inactive|Foster The Sheeple has 120 seconds left.\n|\n|t:|1782734931\n|switch|p1a: Bisharp|Bisharp, L79, M|191/232\n|turn|12\n|\n|t:|1782734935\n|move|p1a: Bisharp|Iron Head|p2a: Arboliva\n|-damage|p2a: Arboliva|102/290 par\n|cant|p2a: Arboliva|flinch\n|\n|-heal|p1a: Bisharp|205/232|[from] Grassy Terrain\n|-heal|p2a: Arboliva|120/290 par|[from] Grassy Terrain\n|-heal|p2a: Arboliva|138/290 par|[from] item: Leftovers\n|upkeep\n|turn|13\n|\n|t:|1782734944\n|move|p1a: Bisharp|Iron Head|p2a: Arboliva\n|-damage|p2a: Arboliva|59/290 par\n|move|p2a: Arboliva|Earth Power|p1a: Bisharp\n|-supereffective|p1a: Bisharp\n|-damage|p1a: Bisharp|49/232\n|\n|-heal|p1a: Bisharp|63/232|[from] Grassy Terrain\n|-heal|p2a: Arboliva|77/290 par|[from] Grassy Terrain\n|-heal|p2a: Arboliva|95/290 par|[from] item: Leftovers\n|upkeep\n|turn|14\n|\n|t:|1782734957\n|switch|p2a: Zebstrika|Zebstrika, L87, F|218/272\n|move|p1a: Bisharp|Iron Head|p2a: Zebstrika\n|-resisted|p2a: Zebstrika\n|-damage|p2a: Zebstrika|157/272\n|\n|-heal|p2a: Zebstrika|174/272|[from] Grassy Terrain\n|-heal|p1a: Bisharp|77/232|[from] Grassy Terrain\n|upkeep\n|turn|15\n|\n|t:|1782734966\n|move|p1a: Bisharp|Sucker Punch|p2a: Zebstrika\n|-damage|p2a: Zebstrika|77/272\n|move|p2a: Zebstrika|Volt Switch|p1a: Bisharp\n|-crit|p1a: Bisharp\n|-damage|p1a: Bisharp|0 fnt\n|faint|p1a: Bisharp\n|-damage|p2a: Zebstrika|50/272|[from] item: Life Orb\n|\n|t:|1782734974\n|switch|p2a: Arboliva|Arboliva, L91, M|95/290 par|[from] Volt Switch\n|\n|-heal|p2a: Arboliva|113/290 par|[from] Grassy Terrain\n|-heal|p2a: Arboliva|131/290 par|[from] item: Leftovers\n|-fieldend|move: Grassy Terrain\n|upkeep\n|\n|t:|1782734978\n|switch|p1a: Eternatus|Eternatus, L69|308/308\n|-ability|p1a: Eternatus|Pressure\n|turn|16\n|\n|t:|1782734988\n|-terastallize|p2a: Arboliva|Ground\n|move|p1a: Eternatus|Meteor Beam||[still]\n|-prepare|p1a: Eternatus|Meteor Beam\n|-boost|p1a: Eternatus|spa|1\n|-enditem|p1a: Eternatus|Power Herb\n|-anim|p1a: Eternatus|Meteor Beam|p2a: Arboliva\n|-resisted|p2a: Arboliva\n|-damage|p2a: Arboliva|88/290 par\n|-fieldstart|move: Grassy Terrain|[from] ability: Seed Sower|[of] p2a: Arboliva\n|cant|p2a: Arboliva|par\n|\n|-heal|p2a: Arboliva|106/290 par|[from] Grassy Terrain\n|-heal|p2a: Arboliva|124/290 par|[from] item: Leftovers\n|upkeep\n|turn|17\n|\n|t:|1782735000\n|-terastallize|p1a: Eternatus|Dragon\n|move|p1a: Eternatus|Dynamax Cannon|p2a: Arboliva\n|-damage|p2a: Arboliva|0 fnt\n|faint|p2a: Arboliva\n|\n|upkeep\n|\n|t:|1782735010\n|switch|p2a: Regirock|Regirock, L83|268/268\n|turn|18\n|\n|t:|1782735023\n|move|p1a: Eternatus|Fire Blast|p2a: Regirock\n|-resisted|p2a: Regirock\n|-damage|p2a: Regirock|214/268\n|move|p2a: Regirock|Thunder Wave|p1a: Eternatus\n|-status|p1a: Eternatus|par\n|\n|-heal|p2a: Regirock|230/268|[from] Grassy Terrain\n|-heal|p2a: Regirock|246/268|[from] item: Leftovers\n|upkeep\n|turn|19\n|\n|t:|1782735032\n|move|p2a: Regirock|Iron Defense|p2a: Regirock\n|-boost|p2a: Regirock|def|2\n|move|p1a: Eternatus|Dynamax Cannon|p2a: Regirock\n|-damage|p2a: Regirock|64/268\n|\n|-heal|p2a: Regirock|80/268|[from] Grassy Terrain\n|-heal|p2a: Regirock|96/268|[from] item: Leftovers\n|upkeep\n|turn|20\n|\n|t:|1782735041\n|move|p2a: Regirock|Body Press|p1a: Eternatus\n|-damage|p1a: Eternatus|86/308 par\n|move|p1a: Eternatus|Dynamax Cannon|p2a: Regirock\n|-damage|p2a: Regirock|0 fnt\n|faint|p2a: Regirock\n|\n|-heal|p1a: Eternatus|105/308 par|[from] Grassy Terrain\n|-fieldend|move: Grassy Terrain\n|upkeep\n|\n|t:|1782735049\n|switch|p2a: Gallade|Gallade, L80, M|140/240\n|turn|21\n|\n|t:|1782735056\n|move|p2a: Gallade|Sacred Sword|p1a: Eternatus\n|-damage|p1a: Eternatus|0 fnt\n|faint|p1a: Eternatus\n|\n|upkeep\n|\n|t:|1782735063\n|switch|p1a: Regieleki|Regieleki, L79|256/256\n|turn|22\n|\n|t:|1782735071\n|move|p1a: Regieleki|Thunderbolt|p2a: Gallade\n|-damage|p2a: Gallade|25/240\n|move|p2a: Gallade|Sacred Sword|p1a: Regieleki\n|-damage|p1a: Regieleki|25/256\n|\n|upkeep\n|turn|23\n|\n|t:|1782735086\n|move|p1a: Regieleki|Thunderbolt|p2a: Gallade\n|-damage|p2a: Gallade|0 fnt\n|faint|p2a: Gallade\n|\n|upkeep\n|\n|t:|1782735093\n|switch|p2a: Chien-Pao|Chien-Pao, L72|234/234\n|-ability|p2a: Chien-Pao|Sword of Ruin\n|turn|24\n|\n|t:|1782735102\n|move|p2a: Chien-Pao|Ice Shard|p1a: Regieleki\n|-damage|p1a: Regieleki|0 fnt\n|faint|p1a: Regieleki\n|\n|upkeep\n|\n|t:|1782735104\n|switch|p1a: Zangoose|Zangoose, L85, M|263/263\n|turn|25\n|\n|t:|1782735114\n|switch|p2a: Zebstrika|Zebstrika, L87, F|50/272\n|move|p1a: Zangoose|Swords Dance|p1a: Zangoose\n|-boost|p1a: Zangoose|atk|2\n|\n|-status|p1a: Zangoose|tox|[from] item: Toxic Orb\n|upkeep\n|turn|26\n|\n|t:|1782735123\n|move|p1a: Zangoose|Quick Attack|p2a: Zebstrika\n|-damage|p2a: Zebstrika|0 fnt\n|faint|p2a: Zebstrika\n|\n|-damage|p1a: Zangoose|247/263 tox|[from] psn\n|upkeep\n|\n|t:|1782735129\n|switch|p2a: Typhlosion|Typhlosion, L84, F|267/267\n|turn|27\n|\n|t:|1782735138\n|move|p2a: Typhlosion|Fire Blast|p1a: Zangoose\n|-damage|p1a: Zangoose|3/263 tox\n|move|p1a: Zangoose|Swords Dance|p1a: Zangoose\n|-boost|p1a: Zangoose|atk|2\n|\n|-damage|p1a: Zangoose|0 fnt|[from] psn\n|faint|p1a: Zangoose\n|\n|win|Okidoyuuki\n", "inputlog": ">version 3f8ef8cf60cebd2b18892af2794d10415e14a302\n>start {\"formatid\":\"gen9randombattle\",\"seed\":\"sodium,dcaa9b2c1e7b7ee7d9626908bd10f6ed\",\"rated\":\"Rated battle\"}\n>player p1 {\"name\":\"Foster The Sheeple\",\"avatar\":\"dancer\",\"rating\":1974,\"seed\":\"sodium,d6534865ecaf31b184f383332efd98b5\"}\n>player p2 {\"name\":\"Okidoyuuki\",\"avatar\":\"102\",\"rating\":1950,\"seed\":\"sodium,6aab32690a7f5ad1a167a11507b45c55\"}\n>p1 switch 2\n>p2 move highhorsepower\n>p1 move knockoff\n>p2 move voltswitch\n>p2 switch 6\n>p1 switch 3\n>p2 move sacredsword\n>p1 move spacialrend\n>p2 switch 3\n>p1 switch 2\n>p2 move energyball\n>p1 switch 3\n>p2 move earthpower\n>p1 switch 3\n>p2 switch 3\n>p1 switch 3\n>p2 move sacredsword\n>p1 switch 2\n>p1 move thunderwave\n>p2 switch 3\n>p1 move fireblast\n>p2 move earthpower\n>p1 move fireblast\n>p2 move energyball\n>p1 switch 3\n>p1 move ironhead\n>p2 move earthpower\n>p1 move ironhead\n>p2 move earthpower\n>p1 move ironhead\n>p2 switch 6\n>p1 move suckerpunch\n>p2 move voltswitch\n>p2 switch 6\n>p1 switch 5\n>p1 move meteorbeam\n>p2 move strengthsap terastallize\n>p1 move dynamaxcannon terastallize\n>p2 move earthpower\n>p2 switch 5\n>p1 move fireblast\n>p2 move thunderwave\n>p1 move dynamaxcannon\n>p2 move irondefense\n>p1 move dynamaxcannon\n>p2 move bodypress\n>p2 switch 3\n>p1 move dynamaxcannon\n>p2 move sacredsword\n>p1 switch 4\n>p1 move thunderbolt\n>p2 move sacredsword\n>p1 move thunderbolt\n>p2 move psychocut\n>p2 switch 2\n>p1 move thunderbolt\n>p2 move iceshard\n>p1 switch 6\n>p1 move swordsdance\n>p2 switch 6\n>p1 move quickattack\n>p2 move supercellslam\n>p2 switch 4\n>p1 move swordsdance\n>p2 move fireblast", "uploadtime": 1782734714, "views": 4, "formatid": "gen9randombattle", "rating": null, "private": 0, "password": null, "player_dets": [{"name": "Foster The Sheeple", "avatar": "dancer", "rating": 1974, "seed": "sodium,d6534865ecaf31b184f383332efd98b5"}, {"name": "Okidoyuuki", "avatar": "102", "rating": 1950, "seed": "sodium,6aab32690a7f5ad1a167a11507b45c55"}], "teams_full": [{"Bisharp": {"name": "Bisharp", "species": "Bisharp", "speciesId": "bisharp", "gender": "M", "shiny": false, "level": 79, "moves": ["ironhead", "throatchop", "suckerpunch", "swordsdance"], "ability": "Defiant", "evs": {"hp": 85, "atk": 85, "def": 85, "spa": 85, "spd": 85, "spe": 85}, "ivs": {"hp": 31, "atk": 31, "def": 31, "spa": 31, "spd": 31, "spe": 31}, "item": "Eviolite", "teraType": "Flying", "role": "Bulky Attacker", "bvs": {"hp": 65, "atk": 125, "def": 100, "spa": 60, "spd": 70, "spe": 70}, "stats": {"hp": 232, "atk": 243, "def": 204, "spa": 140, "spd": 156, "spe": 156}, "types": ["Dark", "Steel"]}, "Scrafty": {"name": "Scrafty", "species": "Scrafty", "speciesId": "scrafty", "gender": "M", "shiny": false, "level": 83, "moves": ["knockoff", "drainpunch", "poisonjab", "dragondance"], "ability": "Intimidate", "evs": {"hp": 85, "atk": 85, "def": 85, "spa": 85, "spd": 85, "spe": 85}, "ivs": {"hp": 31, "atk": 31, "def": 31, "spa": 31, "spd": 31, "spe": 31}, "item": "Leftovers", "teraType": "Poison", "role": "Bulky Attacker", "bvs": {"hp": 65, "atk": 90, "def": 115, "spa": 45, "spd": 115, "spe": 58}, "stats": {"hp": 244, "atk": 197, "def": 239, "spa": 122, "spd": 239, "spe": 144}, "types": ["Dark", "Fighting"]}, "Palkia": {"name": "Palkia", "species": "Palkia", "speciesId": "palkia", "gender": "N", "shiny": false, "level": 75, "moves": ["thunderwave", "fireblast", "hydropump", "spacialrend"], "ability": "Pressure", "evs": {"hp": 85, "atk": 0, "def": 85, "spa": 85, "spd": 85, "spe": 85}, "ivs": {"hp": 31, "atk": 0, "def": 31, "spa": 31, "spd": 31, "spe": 31}, "item": "Lustrous Orb", "teraType": "Fire", "role": "Bulky Attacker", "bvs": {"hp": 90, "atk": 120, "def": 100, "spa": 150, "spd": 120, "spe": 100}, "stats": {"hp": 259, "atk": 185, "def": 194, "spa": 269, "spd": 224, "spe": 194}, "types": ["Water", "Dragon"]}, "Regieleki": {"name": "Regieleki", "species": "Regieleki", "speciesId": "regieleki", "gender": "N", "shiny": false, "level": 79, "moves": ["terablast", "voltswitch", "thunderbolt", "rapidspin"], "ability": "Transistor", "evs": {"hp": 85, "atk": 85, "def": 85, "spa": 85, "spd": 85, "spe": 85}, "ivs": {"hp": 31, "atk": 31, "def": 31, "spa": 31, "spd": 31, "spe": 31}, "item": "Magnet", "teraType": "Ice", "role": "Tera Blast user", "bvs": {"hp": 80, "atk": 100, "def": 50, "spa": 100, "spd": 50, "spe": 200}, "stats": {"hp": 256, "atk": 204, "def": 125, "spa": 204, "spd": 125, "spe": 362}, "types": ["Electric"]}, "Eternatus": {"name": "Eternatus", "species": "Eternatus", "speciesId": "eternatus", "gender": "N", "shiny": false, "level": 69, "moves": ["sludgebomb", "fireblast", "dynamaxcannon", "meteorbeam"], "ability": "Pressure", "evs": {"hp": 85, "atk": 0, "def": 85, "spa": 85, "spd": 85, "spe": 85}, "ivs": {"hp": 31, "atk": 0, "def": 31, "spa": 31, "spd": 31, "spe": 31}, "item": "Power Herb", "teraType": "Dragon", "role": "Setup Sweeper", "bvs": {"hp": 140, "atk": 85, "def": 95, "spa": 145, "spd": 95, "spe": 130}, "stats": {"hp": 308, "atk": 122, "def": 171, "spa": 240, "spd": 171, "spe": 220}, "types": ["Poison", "Dragon"]}, "Zangoose": {"name": "Zangoose", "species": "Zangoose", "speciesId": "zangoose", "gender": "M", "shiny": false, "level": 85, "moves": ["facade", "knockoff", "swordsdance", "quickattack"], "ability": "Toxic Boost", "evs": {"hp": 85, "atk": 85, "def": 85, "spa": 85, "spd": 85, "spe": 85}, "ivs": {"hp": 31, "atk": 31, "def": 31, "spa": 31, "spd": 31, "spe": 31}, "item": "Toxic Orb", "teraType": "Normal", "role": "Fast Attacker", "bvs": {"hp": 73, "atk": 115, "def": 60, "spa": 60, "spd": 60, "spe": 90}, "stats": {"hp": 263, "atk": 244, "def": 151, "spa": 151, "spd": 151, "spe": 202}, "types": ["Normal"]}}, {"Zebstrika": {"name": "Zebstrika", "species": "Zebstrika", "speciesId": "zebstrika", "gender": "F", "shiny": false, "level": 87, "moves": ["overheat", "highhorsepower", "supercellslam", "voltswitch"], "ability": "Sap Sipper", "evs": {"hp": 85, "atk": 85, "def": 85, "spa": 85, "spd": 85, "spe": 85}, "ivs": {"hp": 31, "atk": 31, "def": 31, "spa": 31, "spd": 31, "spe": 31}, "item": "Life Orb", "teraType": "Ground", "role": "Fast Attacker", "bvs": {"hp": 75, "atk": 100, "def": 63, "spa": 80, "spd": 63, "spe": 116}, "stats": {"hp": 272, "atk": 224, "def": 159, "spa": 189, "spd": 159, "spe": 252}, "types": ["Electric"]}, "Chien-Pao": {"name": "Chien-Pao", "species": "Chien-Pao", "speciesId": "chienpao", "gender": "N", "shiny": false, "level": 72, "moves": ["throatchop", "sacredsword", "iciclecrash", "iceshard"], "ability": "Sword of Ruin", "evs": {"hp": 85, "atk": 85, "def": 85, "spa": 85, "spd": 85, "spe": 85}, "ivs": {"hp": 31, "atk": 31, "def": 31, "spa": 31, "spd": 31, "spe": 31}, "item": "Choice Band", "teraType": "Ice", "role": "Wallbreaker", "bvs": {"hp": 80, "atk": 120, "def": 80, "spa": 90, "spd": 65, "spe": 135}, "stats": {"hp": 234, "atk": 215, "def": 157, "spa": 172, "spd": 136, "spe": 236}, "types": ["Dark", "Ice"]}, "Arboliva": {"name": "Arboliva", "species": "Arboliva", "speciesId": "arboliva", "gender": "M", "shiny": false, "level": 91, "moves": ["earthpower", "energyball", "hypervoice", "strengthsap"], "ability": "Seed Sower", "evs": {"hp": 85, "atk": 0, "def": 85, "spa": 85, "spd": 85, "spe": 85}, "ivs": {"hp": 31, "atk": 0, "def": 31, "spa": 31, "spd": 31, "spe": 31}, "item": "Leftovers", "teraType": "Ground", "role": "Bulky Attacker", "bvs": {"hp": 78, "atk": 69, "def": 90, "spa": 125, "spd": 109, "spe": 39}, "stats": {"hp": 290, "atk": 130, "def": 216, "spa": 279, "spd": 250, "spe": 123}, "types": ["Grass", "Normal"]}, "Typhlosion": {"name": "Typhlosion", "species": "Typhlosion", "speciesId": "typhlosion", "gender": "F", "shiny": false, "level": 84, "moves": ["fireblast", "scorchingsands", "focusblast", "eruption"], "ability": "Flash Fire", "evs": {"hp": 81, "atk": 0, "def": 85, "spa": 85, "spd": 85, "spe": 85}, "ivs": {"hp": 31, "atk": 0, "def": 31, "spa": 31, "spd": 31, "spe": 31}, "item": "Choice Specs", "teraType": "Fire", "role": "Fast Attacker", "bvs": {"hp": 78, "atk": 84, "def": 78, "spa": 109, "spd": 85, "spe": 100}, "stats": {"hp": 267, "atk": 146, "def": 179, "spa": 231, "spd": 191, "spe": 216}, "types": ["Fire"]}, "Regirock": {"name": "Regirock", "species": "Regirock", "speciesId": "regirock", "gender": "N", "shiny": false, "level": 83, "moves": ["stoneedge", "bodypress", "thunderwave", "irondefense"], "ability": "Clear Body", "evs": {"hp": 85, "atk": 85, "def": 85, "spa": 85, "spd": 85, "spe": 85}, "ivs": {"hp": 31, "atk": 31, "def": 31, "spa": 31, "spd": 31, "spe": 31}, "item": "Leftovers", "teraType": "Fighting", "role": "Bulky Attacker", "bvs": {"hp": 80, "atk": 100, "def": 200, "spa": 50, "spd": 100, "spe": 50}, "stats": {"hp": 268, "atk": 214, "def": 380, "spa": 131, "spd": 214, "spe": 131}, "types": ["Rock"]}, "Gallade": {"name": "Gallade", "species": "Gallade", "speciesId": "gallade", "gender": "M", "shiny": false, "level": 80, "moves": ["leafblade", "psychocut", "sacredsword", "nightslash"], "ability": "Sharpness", "evs": {"hp": 85, "atk": 85, "def": 85, "spa": 85, "spd": 85, "spe": 85}, "ivs": {"hp": 31, "atk": 31, "def": 31, "spa": 31, "spd": 31, "spe": 31}, "item": "Choice Band", "teraType": "Dark", "role": "Fast Attacker", "bvs": {"hp": 68, "atk": 125, "def": 65, "spa": 65, "spd": 115, "spe": 80}, "stats": {"hp": 240, "atk": 246, "def": 150, "spa": 150, "spd": 230, "spe": 174}, "types": ["Psychic", "Fighting"]}}]}