{"id": "gen9randombattle-2641459148", "format": "[Gen 9] Random Battle", "players": ["Killthebuckingbird", "testbotcif"], "log": "|j|\u2606Killthebuckingbird\n|j|\u2606testbotcif\n|t:|1782788004\n|gametype|singles\n|player|p1|Killthebuckingbird|cynthia|1260\n|player|p2|testbotcif|266|1271\n|gen|9\n|tier|[Gen 9] Random Battle\n|rated|\n|rule|Species Clause: Limit one of each Pok\u00e9mon\n|rule|HP Percentage Mod: HP is shown in percentages\n|rule|Sleep Clause Mod: Limit one foe put to sleep\n|rule|Illusion Level Mod: Illusion disguises the Pok\u00e9mon's true level\n|\n|t:|1782788004\n|teamsize|p1|6\n|teamsize|p2|6\n|start\n|switch|p1a: Ribombee|Ribombee, L83, F|235/235\n|switch|p2a: Sandy Shocks|Sandy Shocks, L80|267/267\n|turn|1\n|c|\u2606testbotcif|rlhf\n|inactive|Battle timer is ON: inactive players will automatically lose when time's up. (requested by testbotcif)\n|\n|t:|1782788009\n|move|p1a: Ribombee|Sticky Web|p2a: Sandy Shocks\n|-sidestart|p2: testbotcif|move: Sticky Web\n|move|p2a: Sandy Shocks|Thunderbolt|p1a: Ribombee\n|-damage|p1a: Ribombee|111/235\n|\n|upkeep\n|turn|2\n|\n|t:|1782788018\n|move|p1a: Ribombee|U-turn|p2a: Sandy Shocks\n|-damage|p2a: Sandy Shocks|219/267\n|\n|t:|1782788020\n|switch|p1a: Flapple|Flapple, L88, M|266/266|[from] U-turn\n|move|p2a: Sandy Shocks|Thunderbolt|p1a: Flapple\n|-resisted|p1a: Flapple\n|-damage|p1a: Flapple|234/266\n|\n|upkeep\n|turn|3\n|c|\u2606Killthebuckingbird|glhf\n|\n|t:|1782788026\n|-end|p2a: Sandy Shocks|Protosynthesis|[silent]\n|switch|p2a: Cloyster|Cloyster, L80, F|211/211\n|-activate|p2a: Cloyster|move: Sticky Web\n|-unboost|p2a: Cloyster|spe|1\n|-enditem|p2a: Cloyster|White Herb\n|-clearnegativeboost|p2a: Cloyster|[silent]\n|move|p1a: Flapple|Dragon Dance|p1a: Flapple\n|-boost|p1a: Flapple|atk|1\n|-boost|p1a: Flapple|spe|1\n|\n|upkeep\n|turn|4\n|\n|t:|1782788031\n|-terastallize|p2a: Cloyster|Ground\n|move|p1a: Flapple|Grav Apple|p2a: Cloyster\n|-supereffective|p2a: Cloyster\n|-damage|p2a: Cloyster|0 fnt\n|faint|p2a: Cloyster\n|\n|upkeep\n|\n|t:|1782788032\n|switch|p2a: Kleavor|Kleavor, L78, F|237/237\n|turn|5\n|\n|t:|1782788043\n|-terastallize|p1a: Flapple|Dragon\n|move|p1a: Flapple|Dragon Dance|p1a: Flapple\n|-boost|p1a: Flapple|atk|1\n|-boost|p1a: Flapple|spe|1\n|move|p2a: Kleavor|X-Scissor|p1a: Flapple\n|-damage|p1a: Flapple|92/266\n|\n|upkeep\n|turn|6\n|\n|t:|1782788045\n|move|p1a: Flapple|Outrage|p2a: Kleavor\n|-damage|p2a: Kleavor|0 fnt\n|faint|p2a: Kleavor\n|\n|upkeep\n|\n|t:|1782788045\n|switch|p2a: Alcremie|Alcremie-Lemon-Cream, L90, F|263/263\n|-activate|p2a: Alcremie|move: Sticky Web\n|-unboost|p2a: Alcremie|spe|1\n|turn|7\n|\n|t:|1782788050\n|move|p1a: Flapple|Outrage|p2a: Alcremie|[from] lockedmove\n|-immune|p2a: Alcremie\n|move|p2a: Alcremie|Alluring Voice|p1a: Flapple\n|-supereffective|p1a: Flapple\n|-crit|p1a: Flapple\n|-damage|p1a: Flapple|0 fnt\n|faint|p1a: Flapple\n|\n|upkeep\n|\n|t:|1782788055\n|switch|p1a: Sandslash|Sandslash-Alola, L88, F|275/275\n|turn|8\n|\n|t:|1782788060\n|switch|p2a: Ludicolo|Ludicolo, L90, M|290/290\n|-activate|p2a: Ludicolo|move: Sticky Web\n|-unboost|p2a: Ludicolo|spe|1\n|move|p1a: Sandslash|Swords Dance|p1a: Sandslash\n|-boost|p1a: Sandslash|atk|2\n|\n|upkeep\n|turn|9\n|\n|t:|1782788064\n|move|p1a: Sandslash|Triple Axel|p2a: Ludicolo\n|-damage|p2a: Ludicolo|241/290\n|-damage|p2a: Ludicolo|136/290\n|-damage|p2a: Ludicolo|0 fnt\n|faint|p2a: Ludicolo\n|-hitcount|p2: Ludicolo|3\n|\n|upkeep\n|\n|t:|1782788065\n|switch|p2a: Sandy Shocks|Sandy Shocks, L80|219/267\n|turn|10\n|\n|t:|1782788072\n|move|p2a: Sandy Shocks|Earth Power|p1a: Sandslash\n|-supereffective|p1a: Sandslash\n|-damage|p1a: Sandslash|29/275\n|move|p1a: Sandslash|Rapid Spin|p2a: Sandy Shocks\n|-crit|p2a: Sandy Shocks\n|-damage|p2a: Sandy Shocks|103/267\n|-boost|p1a: Sandslash|spe|1\n|\n|-heal|p1a: Sandslash|46/275|[from] item: Leftovers\n|upkeep\n|turn|11\n|\n|t:|1782788075\n|move|p1a: Sandslash|Earthquake|p2a: Sandy Shocks\n|-supereffective|p2a: Sandy Shocks\n|-damage|p2a: Sandy Shocks|0 fnt\n|faint|p2a: Sandy Shocks\n|-end|p2a: Sandy Shocks|Protosynthesis|[silent]\n|\n|-heal|p1a: Sandslash|63/275|[from] item: Leftovers\n|upkeep\n|\n|t:|1782788076\n|switch|p2a: Garchomp|Garchomp, L74, M|282/282\n|-activate|p2a: Garchomp|move: Sticky Web\n|-unboost|p2a: Garchomp|spe|1\n|turn|12\n|\n|t:|1782788078\n|move|p1a: Sandslash|Triple Axel|p2a: Garchomp\n|-supereffective|p2a: Garchomp\n|-damage|p2a: Garchomp|74/282\n|-damage|p1a: Sandslash|29/275|[from] ability: Rough Skin|[of] p2a: Garchomp\n|-supereffective|p2a: Garchomp\n|-damage|p2a: Garchomp|0 fnt\n|-damage|p1a: Sandslash|0 fnt|[from] ability: Rough Skin|[of] p2a: Garchomp\n|faint|p2a: Garchomp\n|faint|p1a: Sandslash\n|-hitcount|p2: Garchomp|2\n|\n|upkeep\n|\n|t:|1782788083\n|switch|p2a: Alcremie|Alcremie-Lemon-Cream, L90, F|263/263\n|switch|p1a: Luxray|Luxray, L88, F|283/283\n|-activate|p2a: Alcremie|move: Sticky Web\n|-unboost|p2a: Alcremie|spe|1\n|turn|13\n|\n|t:|1782788086\n|move|p1a: Luxray|Supercell Slam|p2a: Alcremie\n|-damage|p2a: Alcremie|112/263\n|move|p2a: Alcremie|Calm Mind|p2a: Alcremie\n|-boost|p2a: Alcremie|spa|1\n|-boost|p2a: Alcremie|spd|1\n|\n|-heal|p2a: Alcremie|128/263|[from] item: Leftovers\n|-status|p1a: Luxray|brn|[from] item: Flame Orb\n|upkeep\n|turn|14\n|\n|t:|1782788088\n|move|p1a: Luxray|Supercell Slam|p2a: Alcremie\n|-damage|p2a: Alcremie|0 fnt\n|faint|p2a: Alcremie\n|\n|win|Killthebuckingbird\n|raw|Killthebuckingbird's rating: 1260 &rarr; <strong>1286</strong><br />(+26 for winning)\n|raw|testbotcif's rating: 1271 &rarr; <strong>1245</strong><br />(-26 for losing)\n", "inputlog": ">version f8ac14003a5f27e1bdc8d8c59608a773c1cb96e5\n>start {\"formatid\":\"gen9randombattle\",\"seed\":\"sodium,0f2aa222f690714d6809226b41e8e65f\",\"rated\":\"Rated battle\"}\n>player p1 {\"name\":\"Killthebuckingbird\",\"avatar\":\"cynthia\",\"rating\":1260,\"seed\":\"sodium,16615dcb9c6f726d923f89d8502f3c3c\"}\n>player p2 {\"name\":\"testbotcif\",\"avatar\":\"266\",\"rating\":1271,\"seed\":\"sodium,424e7406cb9aca5d54bd7d817c52c622\"}\n>chat \u2606testbotcif|rlhf\n>p1 move stickyweb\n>p2 move thunderbolt\n>p1 move uturn\n>p2 move thunderbolt\n>p1 switch 4\n>chat \u2606Killthebuckingbird|glhf\n>p1 move dragondance\n>p2 switch 5\n>p1 move gravapple\n>p2 move shellsmash terastallize\n>p2 switch 2\n>p1 move dragondance terastallize\n>p2 move xscissor\n>p1 move outrage\n>p2 move xscissor\n>p2 switch 6\n>p1 move outrage\n>p2 move alluringvoice\n>p1 switch 3\n>p1 move swordsdance\n>p2 switch 4\n>p1 move tripleaxel\n>p2 move hydropump\n>p2 switch 5\n>p1 move rapidspin\n>p2 move earthpower\n>p1 move earthquake\n>p2 move earthpower\n>p2 switch 3\n>p1 move tripleaxel\n>p2 move earthquake\n>p1 switch 5\n>p2 switch 4\n>p1 move supercellslam\n>p2 move calmmind\n>p1 move supercellslam\n>p2 move recover", "uploadtime": 1782788088, "views": 6, "formatid": "gen9randombattle", "rating": 1245, "private": 0, "password": null, "player_dets": [{"name": "Killthebuckingbird", "avatar": "cynthia", "rating": 1260, "seed": "sodium,16615dcb9c6f726d923f89d8502f3c3c"}, {"name": "testbotcif", "avatar": "266", "rating": 1271, "seed": "sodium,424e7406cb9aca5d54bd7d817c52c622"}], "teams_full": [{"Ribombee": {"name": "Ribombee", "species": "Ribombee", "speciesId": "ribombee", "gender": "F", "shiny": false, "level": 83, "moves": ["stunspore", "stickyweb", "moonblast", "uturn"], "ability": "Shield Dust", "evs": {"hp": 85, "atk": 85, "def": 85, "spa": 85, "spd": 85, "spe": 85}, "ivs": {"hp": 31, "atk": 31, "def": 31, "spa": 31, "spd": 31, "spe": 31}, "item": "Focus Sash", "teraType": "Ghost", "role": "Fast Support", "bvs": {"hp": 60, "atk": 55, "def": 60, "spa": 95, "spd": 70, "spe": 124}, "stats": {"hp": 235, "atk": 139, "def": 147, "spa": 205, "spd": 164, "spe": 254}, "types": ["Bug", "Fairy"]}, "Noctowl": {"name": "Noctowl", "species": "Noctowl", "speciesId": "noctowl", "gender": "M", "shiny": false, "level": 95, "moves": ["hypervoice", "roost", "nastyplot", "hurricane"], "ability": "Tinted Lens", "evs": {"hp": 85, "atk": 0, "def": 85, "spa": 85, "spd": 85, "spe": 85}, "ivs": {"hp": 31, "atk": 0, "def": 31, "spa": 31, "spd": 31, "spe": 31}, "item": "Heavy-Duty Boots", "teraType": "Normal", "role": "Bulky Attacker", "bvs": {"hp": 100, "atk": 50, "def": 50, "spa": 86, "spd": 96, "spe": 70}, "stats": {"hp": 344, "atk": 100, "def": 149, "spa": 217, "spd": 236, "spe": 187}, "types": ["Normal", "Flying"]}, "Sandslash": {"name": "Sandslash", "species": "Sandslash-Alola", "speciesId": "sandslashalola", "gender": "F", "shiny": false, "level": 88, "moves": ["earthquake", "tripleaxel", "rapidspin", "swordsdance"], "ability": "Slush Rush", "evs": {"hp": 85, "atk": 85, "def": 85, "spa": 85, "spd": 85, "spe": 85}, "ivs": {"hp": 31, "atk": 31, "def": 31, "spa": 31, "spd": 31, "spe": 31}, "item": "Leftovers", "teraType": "Ground", "role": "Setup Sweeper", "bvs": {"hp": 75, "atk": 100, "def": 120, "spa": 25, "spd": 65, "spe": 65}, "stats": {"hp": 275, "atk": 226, "def": 261, "spa": 94, "spd": 165, "spe": 165}, "types": ["Ice", "Steel"]}, "Flapple": {"name": "Flapple", "species": "Flapple", "speciesId": "flapple", "gender": "M", "shiny": false, "level": 88, "moves": ["dragondance", "gravapple", "outrage", "suckerpunch"], "ability": "Hustle", "evs": {"hp": 85, "atk": 85, "def": 85, "spa": 85, "spd": 85, "spe": 85}, "ivs": {"hp": 31, "atk": 31, "def": 31, "spa": 31, "spd": 31, "spe": 31}, "item": "Wide Lens", "teraType": "Dragon", "role": "Fast Attacker", "bvs": {"hp": 70, "atk": 110, "def": 80, "spa": 95, "spd": 60, "spe": 70}, "stats": {"hp": 266, "atk": 244, "def": 191, "spa": 217, "spd": 156, "spe": 173}, "types": ["Grass", "Dragon"]}, "Luxray": {"name": "Luxray", "species": "Luxray", "speciesId": "luxray", "gender": "F", "shiny": false, "level": 88, "moves": ["facade", "playrough", "supercellslam", "trailblaze"], "ability": "Guts", "evs": {"hp": 81, "atk": 85, "def": 85, "spa": 85, "spd": 85, "spe": 85}, "ivs": {"hp": 31, "atk": 31, "def": 31, "spa": 31, "spd": 31, "spe": 31}, "item": "Flame Orb", "teraType": "Normal", "role": "Setup Sweeper", "bvs": {"hp": 80, "atk": 120, "def": 79, "spa": 95, "spd": 79, "spe": 70}, "stats": {"hp": 283, "atk": 261, "def": 189, "spa": 217, "spd": 189, "spe": 173}, "types": ["Electric"]}, "Rillaboom": {"name": "Rillaboom", "species": "Rillaboom", "speciesId": "rillaboom", "gender": "F", "shiny": false, "level": 79, "moves": ["grassyglide", "swordsdance", "woodhammer", "highhorsepower"], "ability": "Grassy Surge", "evs": {"hp": 85, "atk": 85, "def": 85, "spa": 85, "spd": 85, "spe": 85}, "ivs": {"hp": 31, "atk": 31, "def": 31, "spa": 31, "spd": 31, "spe": 31}, "item": "Life Orb", "teraType": "Grass", "role": "Fast Attacker", "bvs": {"hp": 100, "atk": 125, "def": 90, "spa": 60, "spd": 70, "spe": 85}, "stats": {"hp": 288, "atk": 243, "def": 188, "spa": 140, "spd": 156, "spe": 180}, "types": ["Grass"]}}, {"Sandy Shocks": {"name": "Sandy Shocks", "species": "Sandy Shocks", "speciesId": "sandyshocks", "gender": "N", "shiny": false, "level": 80, "moves": ["thunderbolt", "voltswitch", "earthpower", "stealthrock"], "ability": "Protosynthesis", "evs": {"hp": 85, "atk": 0, "def": 85, "spa": 85, "spd": 85, "spe": 85}, "ivs": {"hp": 31, "atk": 0, "def": 31, "spa": 31, "spd": 31, "spe": 31}, "item": "Heavy-Duty Boots", "teraType": "Ground", "role": "Fast Support", "bvs": {"hp": 85, "atk": 81, "def": 97, "spa": 121, "spd": 85, "spe": 101}, "stats": {"hp": 267, "atk": 134, "def": 201, "spa": 240, "spd": 182, "spe": 208}, "types": ["Electric", "Ground"]}, "Kleavor": {"name": "Kleavor", "species": "Kleavor", "speciesId": "kleavor", "gender": "F", "shiny": false, "level": 78, "moves": ["stoneaxe", "swordsdance", "closecombat", "xscissor"], "ability": "Sharpness", "evs": {"hp": 85, "atk": 85, "def": 85, "spa": 85, "spd": 85, "spe": 85}, "ivs": {"hp": 31, "atk": 31, "def": 31, "spa": 31, "spd": 31, "spe": 31}, "item": "Heavy-Duty Boots", "teraType": "Rock", "role": "Bulky Attacker", "bvs": {"hp": 70, "atk": 135, "def": 95, "spa": 45, "spd": 70, "spe": 85}, "stats": {"hp": 237, "atk": 256, "def": 193, "spa": 115, "spd": 154, "spe": 178}, "types": ["Bug", "Rock"]}, "Garchomp": {"name": "Garchomp", "species": "Garchomp", "speciesId": "garchomp", "gender": "M", "shiny": false, "level": 74, "moves": ["stoneedge", "scaleshot", "earthquake", "swordsdance"], "ability": "Rough Skin", "evs": {"hp": 85, "atk": 85, "def": 85, "spa": 85, "spd": 85, "spe": 85}, "ivs": {"hp": 31, "atk": 31, "def": 31, "spa": 31, "spd": 31, "spe": 31}, "item": "Loaded Dice", "teraType": "Ground", "role": "Setup Sweeper", "bvs": {"hp": 108, "atk": 130, "def": 95, "spa": 80, "spd": 85, "spe": 102}, "stats": {"hp": 282, "atk": 235, "def": 184, "spa": 161, "spd": 169, "spe": 194}, "types": ["Dragon", "Ground"]}, "Ludicolo": {"name": "Ludicolo", "species": "Ludicolo", "speciesId": "ludicolo", "gender": "M", "shiny": false, "level": 90, "moves": ["leafstorm", "hydropump", "icebeam", "gigadrain"], "ability": "Swift Swim", "evs": {"hp": 85, "atk": 0, "def": 85, "spa": 85, "spd": 85, "spe": 85}, "ivs": {"hp": 31, "atk": 0, "def": 31, "spa": 31, "spd": 31, "spe": 31}, "item": "Choice Specs", "teraType": "Grass", "role": "Fast Attacker", "bvs": {"hp": 80, "atk": 70, "def": 70, "spa": 90, "spd": 100, "spe": 70}, "stats": {"hp": 290, "atk": 131, "def": 177, "spa": 213, "spd": 231, "spe": 177}, "types": ["Water", "Grass"]}, "Cloyster": {"name": "Cloyster", "species": "Cloyster", "speciesId": "cloyster", "gender": "F", "shiny": false, "level": 80, "moves": ["drillrun", "shellsmash", "rockblast", "iciclespear"], "ability": "Skill Link", "evs": {"hp": 85, "atk": 85, "def": 85, "spa": 85, "spd": 85, "spe": 85}, "ivs": {"hp": 31, "atk": 31, "def": 31, "spa": 31, "spd": 31, "spe": 31}, "item": "White Herb", "teraType": "Ground", "role": "Fast Attacker", "bvs": {"hp": 50, "atk": 95, "def": 180, "spa": 85, "spd": 45, "spe": 70}, "stats": {"hp": 211, "atk": 198, "def": 334, "spa": 182, "spd": 118, "spe": 158}, "types": ["Water", "Ice"]}, "Alcremie": {"name": "Alcremie", "species": "Alcremie-Lemon-Cream", "speciesId": "alcremie", "gender": "F", "shiny": false, "level": 90, "moves": ["calmmind", "alluringvoice", "recover", "terablast"], "ability": "Aroma Veil", "evs": {"hp": 85, "atk": 0, "def": 85, "spa": 85, "spd": 85, "spe": 85}, "ivs": {"hp": 31, "atk": 0, "def": 31, "spa": 31, "spd": 31, "spe": 31}, "item": "Leftovers", "teraType": "Ground", "role": "Tera Blast user", "bvs": {"hp": 65, "atk": 60, "def": 75, "spa": 110, "spd": 121, "spe": 64}, "stats": {"hp": 263, "atk": 113, "def": 186, "spa": 249, "spd": 269, "spe": 167}, "types": ["Fairy"]}}]}