{"id": "gen9randombattle-2641462857", "format": "[Gen 9] Random Battle", "players": ["eldin", "RedDudeN64"], "log": "|j|\u2606eldin\n|j|\u2606RedDudeN64\n|t:|1782788599\n|gametype|singles\n|player|p1|eldin|102|2022\n|player|p2|RedDudeN64|red|2085\n|gen|9\n|tier|[Gen 9] Random Battle\n|rated|\n|rule|Species Clause: Limit one of each Pok\u00e9mon\n|rule|HP Percentage Mod: HP is shown in percentages\n|rule|Sleep Clause Mod: Limit one foe put to sleep\n|rule|Illusion Level Mod: Illusion disguises the Pok\u00e9mon's true level\n|\n|t:|1782788599\n|teamsize|p1|6\n|teamsize|p2|6\n|start\n|switch|p1a: Jumpluff|Jumpluff, L87, M|271/271\n|switch|p2a: Basculin|Basculin-Blue-Striped, L86, M|261/261\n|turn|1\n|inactive|Battle timer is ON: inactive players will automatically lose when time's up. (requested by RedDudeN64)\n|\n|t:|1782788608\n|move|p1a: Jumpluff|Substitute|p1a: Jumpluff\n|-start|p1a: Jumpluff|Substitute\n|-damage|p1a: Jumpluff|204/271\n|move|p2a: Basculin|Flip Turn|p1a: Jumpluff\n|-resisted|p1a: Jumpluff\n|-end|p1a: Jumpluff|Substitute\n|\n|t:|1782788619\n|switch|p2a: Hydrapple|Hydrapple, L83, F|312/312|[from] Flip Turn\n|\n|upkeep\n|turn|2\n|\n|t:|1782788630\n|switch|p1a: Meganium|Meganium, L90, M|290/290\n|move|p2a: Hydrapple|Fickle Beam|p1a: Meganium|[anim] Fickle Beam All Out\n|-activate|p2a: Hydrapple|move: Fickle Beam\n|-damage|p1a: Meganium|31/290\n|\n|-heal|p1a: Meganium|49/290|[from] item: Leftovers\n|upkeep\n|turn|3\n|\n|t:|1782788636\n|switch|p2a: Arceus|Arceus-Ice, L72|291/291\n|move|p1a: Meganium|Synthesis|p1a: Meganium\n|-heal|p1a: Meganium|194/290\n|\n|-heal|p1a: Meganium|212/290|[from] item: Leftovers\n|upkeep\n|turn|4\n|\n|t:|1782788641\n|switch|p1a: Garganacl|Garganacl, L80, F|291/291\n|move|p2a: Arceus|Calm Mind|p2a: Arceus\n|-boost|p2a: Arceus|spa|1\n|-boost|p2a: Arceus|spd|1\n|\n|upkeep\n|turn|5\n|\n|t:|1782788645\n|move|p2a: Arceus|Judgment|p1a: Garganacl\n|-damage|p1a: Garganacl|111/291\n|move|p1a: Garganacl|Salt Cure|p2a: Arceus\n|-supereffective|p2a: Arceus\n|-damage|p2a: Arceus|213/291\n|-start|p2a: Arceus|Salt Cure\n|\n|-heal|p1a: Garganacl|129/291|[from] item: Leftovers\n|-damage|p2a: Arceus|177/291|[from] Salt Cure\n|upkeep\n|turn|6\n|\n|t:|1782788649\n|switch|p1a: Cetitan|Cetitan, L82, M|412/412\n|move|p2a: Arceus|Judgment|p1a: Cetitan\n|-resisted|p1a: Cetitan\n|-damage|p1a: Cetitan|355/412\n|\n|-damage|p2a: Arceus|141/291|[from] Salt Cure\n|upkeep\n|turn|7\n|\n|t:|1782788658\n|move|p2a: Arceus|Recover|p2a: Arceus\n|-heal|p2a: Arceus|287/291\n|move|p1a: Cetitan|Earthquake|p2a: Arceus\n|-damage|p2a: Arceus|222/291\n|\n|-damage|p2a: Arceus|186/291|[from] Salt Cure\n|upkeep\n|turn|8\n|\n|t:|1782788674\n|switch|p2a: Ting-Lu|Ting-Lu, L78|370/370\n|-ability|p2a: Ting-Lu|Vessel of Ruin\n|move|p1a: Cetitan|Belly Drum|p1a: Cetitan\n|-damage|p1a: Cetitan|149/412\n|-setboost|p1a: Cetitan|atk|6|[from] move: Belly Drum\n|-enditem|p1a: Cetitan|Sitrus Berry|[eat]\n|-heal|p1a: Cetitan|252/412|[from] item: Sitrus Berry\n|\n|upkeep\n|turn|9\n|\n|t:|1782788685\n|switch|p2a: Bastiodon|Bastiodon, L89, M|252/252\n|move|p1a: Cetitan|Ice Spinner|p2a: Bastiodon\n|-resisted|p2a: Bastiodon\n|-damage|p2a: Bastiodon|143/252\n|\n|upkeep\n|turn|10\n|\n|t:|1782788688\n|move|p1a: Cetitan|Earthquake|p2a: Bastiodon\n|-supereffective|p2a: Bastiodon\n|-damage|p2a: Bastiodon|0 fnt\n|faint|p2a: Bastiodon\n|\n|upkeep\n|\n|t:|1782788691\n|switch|p2a: Basculin|Basculin-Blue-Striped, L86, M|261/261\n|turn|11\n|\n|t:|1782788694\n|move|p1a: Cetitan|Ice Shard|p2a: Basculin\n|-resisted|p2a: Basculin\n|-damage|p2a: Basculin|155/261\n|move|p2a: Basculin|Wave Crash|p1a: Cetitan\n|-damage|p1a: Cetitan|0 fnt\n|faint|p1a: Cetitan\n|-damage|p2a: Basculin|72/261|[from] Recoil\n|\n|upkeep\n|\n|t:|1782788717\n|switch|p1a: Jumpluff|Jumpluff, L87, M|204/271\n|turn|12\n|\n|t:|1782788726\n|move|p1a: Jumpluff|Acrobatics|p2a: Basculin\n|-damage|p2a: Basculin|0 fnt\n|faint|p2a: Basculin\n|\n|upkeep\n|\n|t:|1782788729\n|switch|p2a: Hydrapple|Hydrapple, L83, F|312/312\n|turn|13\n|\n|t:|1782788739\n|switch|p1a: Meganium|Meganium, L90, M|212/290\n|move|p2a: Hydrapple|Fickle Beam|p1a: Meganium\n|-damage|p1a: Meganium|77/290\n|\n|-heal|p1a: Meganium|95/290|[from] item: Leftovers\n|upkeep\n|turn|14\n|\n|t:|1782788747\n|move|p1a: Meganium|Synthesis|p1a: Meganium\n|-heal|p1a: Meganium|240/290\n|move|p2a: Hydrapple|Fickle Beam|p1a: Meganium|[anim] Fickle Beam All Out\n|-activate|p2a: Hydrapple|move: Fickle Beam\n|-damage|p1a: Meganium|0 fnt\n|faint|p1a: Meganium\n|\n|upkeep\n|\n|t:|1782788754\n|switch|p1a: Braviary|Braviary, L85, M|309/309\n|turn|15\n|\n|t:|1782788759\n|switch|p2a: Ting-Lu|Ting-Lu, L78|370/370\n|-ability|p2a: Ting-Lu|Vessel of Ruin\n|move|p1a: Braviary|Bulk Up|p1a: Braviary\n|-boost|p1a: Braviary|atk|1\n|-boost|p1a: Braviary|def|1\n|\n|upkeep\n|turn|16\n|\n|t:|1782788762\n|move|p1a: Braviary|Bulk Up|p1a: Braviary\n|-boost|p1a: Braviary|atk|1\n|-boost|p1a: Braviary|def|1\n|move|p2a: Ting-Lu|Stealth Rock|p1a: Braviary\n|-sidestart|p1: eldin|move: Stealth Rock\n|\n|upkeep\n|turn|17\n|\n|t:|1782788766\n|move|p1a: Braviary|Close Combat|p2a: Ting-Lu\n|-supereffective|p2a: Ting-Lu\n|-damage|p2a: Ting-Lu|42/370\n|-unboost|p1a: Braviary|def|1\n|-unboost|p1a: Braviary|spd|1\n|move|p2a: Ting-Lu|Ruination|p1a: Braviary\n|-damage|p1a: Braviary|155/309\n|\n|-heal|p2a: Ting-Lu|65/370|[from] item: Leftovers\n|upkeep\n|turn|18\n|\n|t:|1782788773\n|move|p1a: Braviary|Bulk Up|p1a: Braviary\n|-boost|p1a: Braviary|atk|1\n|-boost|p1a: Braviary|def|1\n|move|p2a: Ting-Lu|Earthquake|p1a: Braviary\n|-immune|p1a: Braviary\n|\n|-heal|p2a: Ting-Lu|88/370|[from] item: Leftovers\n|upkeep\n|turn|19\n|\n|t:|1782788775\n|move|p1a: Braviary|Roost|p1a: Braviary\n|-heal|p1a: Braviary|309/309\n|-singleturn|p1a: Braviary|move: Roost\n|move|p2a: Ting-Lu|Ruination|p1a: Braviary\n|-damage|p1a: Braviary|155/309\n|\n|-heal|p2a: Ting-Lu|111/370|[from] item: Leftovers\n|upkeep\n|turn|20\n|\n|t:|1782788781\n|move|p1a: Braviary|Roost|p1a: Braviary\n|-heal|p1a: Braviary|309/309\n|-singleturn|p1a: Braviary|move: Roost\n|move|p2a: Ting-Lu|Ruination|p1a: Braviary\n|-damage|p1a: Braviary|155/309\n|\n|-heal|p2a: Ting-Lu|134/370|[from] item: Leftovers\n|upkeep\n|turn|21\n|\n|t:|1782788788\n|move|p1a: Braviary|Roost|p1a: Braviary\n|-heal|p1a: Braviary|309/309\n|-singleturn|p1a: Braviary|move: Roost\n|move|p2a: Ting-Lu|Ruination|p1a: Braviary\n|-damage|p1a: Braviary|155/309\n|\n|-heal|p2a: Ting-Lu|157/370|[from] item: Leftovers\n|upkeep\n|turn|22\n|\n|t:|1782788792\n|move|p1a: Braviary|Close Combat|p2a: Ting-Lu\n|-supereffective|p2a: Ting-Lu\n|-damage|p2a: Ting-Lu|0 fnt\n|-unboost|p1a: Braviary|def|1\n|-unboost|p1a: Braviary|spd|1\n|faint|p2a: Ting-Lu\n|\n|upkeep\n|\n|t:|1782788797\n|switch|p2a: Arceus|Arceus-Ice, L72|186/291\n|turn|23\n|\n|t:|1782788801\n|switch|p1a: Garganacl|Garganacl, L80, F|129/291\n|-damage|p1a: Garganacl|93/291|[from] Stealth Rock\n|move|p2a: Arceus|Judgment|p1a: Garganacl\n|-damage|p1a: Garganacl|0 fnt\n|faint|p1a: Garganacl\n|\n|upkeep\n|\n|t:|1782788807\n|switch|p1a: Jumpluff|Jumpluff, L87, M|204/271\n|-damage|p1a: Jumpluff|137/271|[from] Stealth Rock\n|turn|24\n|\n|t:|1782788811\n|move|p1a: Jumpluff|Leech Seed|p2a: Arceus|[miss]\n|-miss|p1a: Jumpluff|p2a: Arceus\n|move|p2a: Arceus|Judgment|p1a: Jumpluff\n|-supereffective|p1a: Jumpluff\n|-damage|p1a: Jumpluff|0 fnt\n|faint|p1a: Jumpluff\n|\n|upkeep\n|\n|t:|1782788814\n|switch|p1a: Braviary|Braviary, L85, M|155/309\n|turn|25\n|\n|t:|1782788821\n|-terastallize|p1a: Braviary|Steel\n|move|p2a: Arceus|Recover|p2a: Arceus\n|-heal|p2a: Arceus|291/291\n|move|p1a: Braviary|Roost|p1a: Braviary\n|-heal|p1a: Braviary|309/309\n|\n|upkeep\n|turn|26\n|\n|t:|1782788828\n|move|p2a: Arceus|Calm Mind|p2a: Arceus\n|-boost|p2a: Arceus|spa|1\n|-boost|p2a: Arceus|spd|1\n|move|p1a: Braviary|Bulk Up|p1a: Braviary\n|-boost|p1a: Braviary|atk|1\n|-boost|p1a: Braviary|def|1\n|\n|upkeep\n|turn|27\n|\n|t:|1782788832\n|-terastallize|p2a: Arceus|Electric\n|move|p2a: Arceus|Thunderbolt|p1a: Braviary\n|-damage|p1a: Braviary|173/309\n|move|p1a: Braviary|Brave Bird|p2a: Arceus\n|-resisted|p2a: Arceus\n|-damage|p2a: Arceus|192/291\n|-damage|p1a: Braviary|140/309|[from] Recoil\n|\n|upkeep\n|turn|28\n|\n|t:|1782788849\n|move|p2a: Arceus|Thunderbolt|p1a: Braviary\n|-damage|p1a: Braviary|5/309\n|-status|p1a: Braviary|par\n|move|p1a: Braviary|Close Combat|p2a: Arceus\n|-damage|p2a: Arceus|37/291\n|-unboost|p1a: Braviary|def|1\n|-unboost|p1a: Braviary|spd|1\n|\n|upkeep\n|turn|29\n|\n|t:|1782788855\n|move|p2a: Arceus|Recover|p2a: Arceus\n|-heal|p2a: Arceus|183/291\n|move|p1a: Braviary|Close Combat|p2a: Arceus\n|-damage|p2a: Arceus|30/291\n|-unboost|p1a: Braviary|def|1\n|-unboost|p1a: Braviary|spd|1\n|\n|upkeep\n|turn|30\n|\n|t:|1782788858\n|move|p2a: Arceus|Recover|p2a: Arceus\n|-heal|p2a: Arceus|176/291\n|move|p1a: Braviary|Close Combat|p2a: Arceus\n|-damage|p2a: Arceus|38/291\n|-unboost|p1a: Braviary|def|1\n|-unboost|p1a: Braviary|spd|1\n|\n|upkeep\n|turn|31\n|\n|t:|1782788861\n|move|p2a: Arceus|Recover|p2a: Arceus\n|-heal|p2a: Arceus|184/291\n|cant|p1a: Braviary|par\n|\n|upkeep\n|turn|32\n|\n|t:|1782788866\n|switch|p1a: Plusle|Plusle, L95, F|268/268\n|-damage|p1a: Plusle|235/268|[from] Stealth Rock\n|move|p2a: Arceus|Judgment|p1a: Plusle\n|-damage|p1a: Plusle|79/268\n|\n|upkeep\n|turn|33\n|-message|eldin forfeited.\n|\n|win|RedDudeN64\n", "inputlog": ">version f8ac14003a5f27e1bdc8d8c59608a773c1cb96e5\n>start {\"formatid\":\"gen9randombattle\",\"seed\":\"sodium,9bd6bee1813f9b9fc1d33674b854ee2d\",\"rated\":\"Rated battle\"}\n>player p1 {\"name\":\"eldin\",\"avatar\":\"102\",\"rating\":2022,\"seed\":\"sodium,9ec949f0e9dce6e63a0a1253fe453018\"}\n>player p2 {\"name\":\"RedDudeN64\",\"avatar\":\"red\",\"rating\":2085,\"seed\":\"sodium,781588e4392bde18e63a5ad3b6acf89f\"}\n>p1 move substitute\n>p2 move flipturn\n>p2 switch 3\n>p1 switch 2\n>p2 move ficklebeam\n>p1 move synthesis\n>p2 switch 5\n>p1 switch 3\n>p2 move calmmind\n>p1 move saltcure\n>p2 move judgment\n>p1 switch 4\n>p2 move judgment\n>p1 move earthquake\n>p2 move recover\n>p1 move bellydrum\n>p2 switch 2\n>p1 move icespinner\n>p2 switch 6\n>p1 move earthquake\n>p2 move foulplay\n>p2 switch 3\n>p1 move iceshard\n>p2 move wavecrash\n>p1 switch 2\n>p1 move acrobatics\n>p2 move wavecrash\n>p2 switch 5\n>p1 switch 3\n>p2 move ficklebeam\n>p1 move synthesis\n>p2 move ficklebeam\n>p1 switch 5\n>p1 move bulkup\n>p2 switch 6\n>p1 move bulkup\n>p2 move stealthrock\n>p1 move closecombat\n>p2 move ruination\n>p1 move bulkup\n>p2 move earthquake\n>p1 move roost\n>p2 move ruination\n>p1 move roost\n>p2 move ruination\n>p1 move roost\n>p2 move ruination\n>p1 move closecombat\n>p2 move ruination\n>p2 switch 2\n>p1 switch 4\n>p2 move judgment\n>p1 switch 3\n>p1 move leechseed\n>p2 move judgment\n>p1 switch 4\n>p1 move roost terastallize\n>p2 move recover\n>p1 move bulkup\n>p2 move calmmind\n>p1 move bravebird\n>p2 move thunderbolt terastallize\n>p1 move closecombat\n>p2 move thunderbolt\n>p1 move closecombat\n>p2 move recover\n>p1 move closecombat\n>p2 move recover\n>p1 move closecombat\n>p2 move recover\n>p1 switch 6\n>p2 move judgment\n>forcelose p1", "uploadtime": 1782788600, "views": 3, "formatid": "gen9randombattle", "rating": null, "private": 0, "password": null, "player_dets": [{"name": "eldin", "avatar": "102", "rating": 2022, "seed": "sodium,9ec949f0e9dce6e63a0a1253fe453018"}, {"name": "RedDudeN64", "avatar": "red", "rating": 2085, "seed": "sodium,781588e4392bde18e63a5ad3b6acf89f"}], "teams_full": [{"Jumpluff": {"name": "Jumpluff", "species": "Jumpluff", "speciesId": "jumpluff", "gender": "M", "shiny": false, "level": 87, "moves": ["substitute", "strengthsap", "acrobatics", "leechseed"], "ability": "Infiltrator", "evs": {"hp": 81, "atk": 85, "def": 85, "spa": 85, "spd": 85, "spe": 85}, "ivs": {"hp": 31, "atk": 31, "def": 31, "spa": 31, "spd": 31, "spe": 31}, "item": "", "teraType": "Steel", "role": "Bulky Support", "bvs": {"hp": 75, "atk": 55, "def": 70, "spa": 55, "spd": 95, "spe": 110}, "stats": {"hp": 271, "atk": 145, "def": 172, "spa": 145, "spd": 215, "spe": 241}, "types": ["Grass", "Flying"]}, "Meganium": {"name": "Meganium", "species": "Meganium", "speciesId": "meganium", "gender": "M", "shiny": false, "level": 90, "moves": ["energyball", "knockoff", "synthesis", "encore"], "ability": "Overgrow", "evs": {"hp": 85, "atk": 85, "def": 85, "spa": 85, "spd": 85, "spe": 85}, "ivs": {"hp": 31, "atk": 31, "def": 31, "spa": 31, "spd": 31, "spe": 31}, "item": "Leftovers", "teraType": "Steel", "role": "Bulky Attacker", "bvs": {"hp": 80, "atk": 82, "def": 100, "spa": 83, "spd": 100, "spe": 80}, "stats": {"hp": 290, "atk": 199, "def": 231, "spa": 201, "spd": 231, "spe": 195}, "types": ["Grass"]}, "Garganacl": {"name": "Garganacl", "species": "Garganacl", "speciesId": "garganacl", "gender": "F", "shiny": false, "level": 80, "moves": ["bodypress", "irondefense", "recover", "saltcure"], "ability": "Purifying Salt", "evs": {"hp": 85, "atk": 85, "def": 85, "spa": 85, "spd": 85, "spe": 85}, "ivs": {"hp": 31, "atk": 31, "def": 31, "spa": 31, "spd": 31, "spe": 31}, "item": "Leftovers", "teraType": "Dragon", "role": "Bulky Setup", "bvs": {"hp": 100, "atk": 100, "def": 130, "spa": 45, "spd": 90, "spe": 35}, "stats": {"hp": 291, "atk": 206, "def": 254, "spa": 118, "spd": 190, "spe": 102}, "types": ["Rock"]}, "Cetitan": {"name": "Cetitan", "species": "Cetitan", "speciesId": "cetitan", "gender": "M", "shiny": false, "level": 82, "moves": ["icespinner", "iceshard", "earthquake", "bellydrum"], "ability": "Thick Fat", "evs": {"hp": 81, "atk": 85, "def": 85, "spa": 85, "spd": 85, "spe": 85}, "ivs": {"hp": 31, "atk": 31, "def": 31, "spa": 31, "spd": 31, "spe": 31}, "item": "Sitrus Berry", "teraType": "Ice", "role": "Bulky Setup", "bvs": {"hp": 170, "atk": 113, "def": 65, "spa": 45, "spd": 55, "spe": 73}, "stats": {"hp": 412, "atk": 232, "def": 154, "spa": 121, "spd": 137, "spe": 167}, "types": ["Ice"]}, "Braviary": {"name": "Braviary", "species": "Braviary", "speciesId": "braviary", "gender": "M", "shiny": false, "level": 85, "moves": ["roost", "closecombat", "bravebird", "bulkup"], "ability": "Defiant", "evs": {"hp": 85, "atk": 85, "def": 85, "spa": 85, "spd": 85, "spe": 85}, "ivs": {"hp": 31, "atk": 31, "def": 31, "spa": 31, "spd": 31, "spe": 31}, "item": "Heavy-Duty Boots", "teraType": "Steel", "role": "Fast Bulky Setup", "bvs": {"hp": 100, "atk": 123, "def": 75, "spa": 57, "spd": 75, "spe": 80}, "stats": {"hp": 309, "atk": 258, "def": 176, "spa": 146, "spd": 176, "spe": 185}, "types": ["Normal", "Flying"]}, "Plusle": {"name": "Plusle", "species": "Plusle", "speciesId": "plusle", "gender": "F", "shiny": false, "level": 95, "moves": ["thunderbolt", "alluringvoice", "nastyplot", "grassknot"], "ability": "Lightning Rod", "evs": {"hp": 85, "atk": 0, "def": 85, "spa": 85, "spd": 85, "spe": 85}, "ivs": {"hp": 31, "atk": 0, "def": 31, "spa": 31, "spd": 31, "spe": 31}, "item": "Life Orb", "teraType": "Grass", "role": "Setup Sweeper", "bvs": {"hp": 60, "atk": 50, "def": 40, "spa": 85, "spd": 75, "spe": 95}, "stats": {"hp": 268, "atk": 100, "def": 130, "spa": 215, "spd": 196, "spe": 234}, "types": ["Electric"]}}, {"Basculin": {"name": "Basculin", "species": "Basculin-Blue-Striped", "speciesId": "basculin", "gender": "M", "shiny": false, "level": 86, "moves": ["wavecrash", "doubleedge", "flipturn", "aquajet"], "ability": "Adaptability", "evs": {"hp": 85, "atk": 85, "def": 85, "spa": 85, "spd": 85, "spe": 85}, "ivs": {"hp": 31, "atk": 31, "def": 31, "spa": 31, "spd": 31, "spe": 31}, "item": "Choice Band", "teraType": "Water", "role": "Wallbreaker", "bvs": {"hp": 70, "atk": 92, "def": 65, "spa": 80, "spd": 55, "spe": 98}, "stats": {"hp": 261, "atk": 207, "def": 161, "spa": 187, "spd": 144, "spe": 218}, "types": ["Water"]}, "Ting-Lu": {"name": "Ting-Lu", "species": "Ting-Lu", "speciesId": "tinglu", "gender": "N", "shiny": false, "level": 78, "moves": ["earthquake", "ruination", "payback", "stealthrock"], "ability": "Vessel of Ruin", "evs": {"hp": 85, "atk": 85, "def": 85, "spa": 85, "spd": 85, "spe": 85}, "ivs": {"hp": 31, "atk": 31, "def": 31, "spa": 31, "spd": 31, "spe": 31}, "item": "Leftovers", "teraType": "Ghost", "role": "Bulky Attacker", "bvs": {"hp": 155, "atk": 110, "def": 125, "spa": 55, "spd": 80, "spe": 45}, "stats": {"hp": 370, "atk": 217, "def": 240, "spa": 131, "spd": 170, "spe": 115}, "types": ["Dark", "Ground"]}, "Hydrapple": {"name": "Hydrapple", "species": "Hydrapple", "speciesId": "hydrapple", "gender": "F", "shiny": false, "level": 83, "moves": ["ficklebeam", "earthpower", "leafstorm", "dracometeor"], "ability": "Regenerator", "evs": {"hp": 85, "atk": 0, "def": 85, "spa": 85, "spd": 85, "spe": 85}, "ivs": {"hp": 31, "atk": 0, "def": 31, "spa": 31, "spd": 31, "spe": 31}, "item": "Choice Specs", "teraType": "Steel", "role": "Wallbreaker", "bvs": {"hp": 106, "atk": 80, "def": 110, "spa": 120, "spd": 80, "spe": 44}, "stats": {"hp": 312, "atk": 137, "def": 230, "spa": 247, "spd": 180, "spe": 121}, "types": ["Grass", "Dragon"]}, "Malamar": {"name": "Malamar", "species": "Malamar", "speciesId": "malamar", "gender": "M", "shiny": false, "level": 82, "moves": ["knockoff", "sleeptalk", "superpower", "rest"], "ability": "Contrary", "evs": {"hp": 85, "atk": 85, "def": 85, "spa": 85, "spd": 85, "spe": 85}, "ivs": {"hp": 31, "atk": 31, "def": 31, "spa": 31, "spd": 31, "spe": 31}, "item": "Leftovers", "teraType": "Steel", "role": "Bulky Setup", "bvs": {"hp": 86, "atk": 92, "def": 88, "spa": 68, "spd": 75, "spe": 73}, "stats": {"hp": 275, "atk": 198, "def": 191, "spa": 159, "spd": 170, "spe": 167}, "types": ["Dark", "Psychic"]}, "Arceus": {"name": "Arceus", "species": "Arceus-Ice", "speciesId": "arceusice", "gender": "N", "shiny": false, "level": 72, "moves": ["recover", "judgment", "thunderbolt", "calmmind"], "ability": "Multitype", "evs": {"hp": 81, "atk": 0, "def": 85, "spa": 85, "spd": 85, "spe": 85}, "ivs": {"hp": 31, "atk": 0, "def": 31, "spa": 31, "spd": 31, "spe": 31}, "item": "Icicle Plate", "teraType": "Electric", "role": "Bulky Setup", "bvs": {"hp": 120, "atk": 120, "def": 120, "spa": 120, "spd": 120, "spe": 120}, "stats": {"hp": 291, "atk": 177, "def": 215, "spa": 215, "spd": 215, "spe": 215}, "types": ["Ice"]}, "Bastiodon": {"name": "Bastiodon", "species": "Bastiodon", "speciesId": "bastiodon", "gender": "M", "shiny": false, "level": 89, "moves": ["bodypress", "rest", "foulplay", "irondefense"], "ability": "Soundproof", "evs": {"hp": 85, "atk": 0, "def": 85, "spa": 85, "spd": 85, "spe": 85}, "ivs": {"hp": 31, "atk": 0, "def": 31, "spa": 31, "spd": 31, "spe": 31}, "item": "Chesto Berry", "teraType": "Fighting", "role": "Bulky Setup", "bvs": {"hp": 60, "atk": 52, "def": 168, "spa": 47, "spd": 138, "spe": 30}, "stats": {"hp": 252, "atk": 97, "def": 350, "spa": 134, "spd": 296, "spe": 104}, "types": ["Rock", "Steel"]}}]}