{"id": "gen9randombattle-2641325742", "format": "[Gen 9] Random Battle", "players": ["NotACleverMan_", "EVOL7N"], "log": "|j|\u2606NotACleverMan_\n|j|\u2606EVOL7N\n|t:|1782768201\n|gametype|singles\n|player|p1|NotACleverMan_|caitlin-masters|1534\n|player|p2|EVOL7N|bruno-gen2|1522\n|gen|9\n|tier|[Gen 9] Random Battle\n|rated|\n|rule|Species Clause: Limit one of each Pok\u00e9mon\n|rule|HP Percentage Mod: HP is shown in percentages\n|rule|Sleep Clause Mod: Limit one foe put to sleep\n|rule|Illusion Level Mod: Illusion disguises the Pok\u00e9mon's true level\n|\n|t:|1782768201\n|teamsize|p1|6\n|teamsize|p2|6\n|start\n|switch|p1a: Glimmora|Glimmora, L75, F|248/248\n|switch|p2a: Magmortar|Magmortar, L88, F|275/275\n|turn|1\n|inactive|Battle timer is ON: inactive players will automatically lose when time's up. (requested by EVOL7N)\n|\n|t:|1782768219\n|move|p2a: Magmortar|Scorching Sands|p1a: Glimmora\n|-supereffective|p1a: Glimmora\n|-damage|p1a: Glimmora|0 fnt\n|faint|p1a: Glimmora\n|\n|upkeep\n|\n|t:|1782768225\n|switch|p1a: Walking Wake|Walking Wake, L79|286/286\n|turn|2\n|\n|t:|1782768234\n|switch|p2a: Oricorio|Oricorio, L84, F|263/263\n|move|p1a: Walking Wake|Sunny Day|p1a: Walking Wake\n|-weather|SunnyDay\n|-activate|p1a: Walking Wake|ability: Protosynthesis\n|-start|p1a: Walking Wake|protosynthesisspa\n|\n|-weather|SunnyDay|[upkeep]\n|upkeep\n|turn|3\n|\n|t:|1782768251\n|move|p1a: Walking Wake|Hydro Steam|p2a: Oricorio\n|-supereffective|p2a: Oricorio\n|-damage|p2a: Oricorio|0 fnt\n|faint|p2a: Oricorio\n|-damage|p1a: Walking Wake|258/286|[from] item: Life Orb\n|\n|-weather|SunnyDay|[upkeep]\n|upkeep\n|\n|t:|1782768268\n|switch|p2a: Magmortar|Magmortar, L88, F|275/275\n|turn|4\n|\n|t:|1782768272\n|-terastallize|p2a: Magmortar|Water\n|move|p1a: Walking Wake|Hydro Steam|p2a: Magmortar\n|-resisted|p2a: Magmortar\n|-damage|p2a: Magmortar|166/275\n|-damage|p1a: Walking Wake|230/286|[from] item: Life Orb\n|move|p2a: Magmortar|Thunderbolt|p1a: Walking Wake\n|-damage|p1a: Walking Wake|100/286\n|\n|-weather|SunnyDay|[upkeep]\n|upkeep\n|turn|5\n|\n|t:|1782768283\n|move|p1a: Walking Wake|Draco Meteor|p2a: Magmortar\n|-damage|p2a: Magmortar|0 fnt\n|-unboost|p1a: Walking Wake|spa|2\n|faint|p2a: Magmortar\n|-damage|p1a: Walking Wake|72/286|[from] item: Life Orb\n|\n|-weather|SunnyDay|[upkeep]\n|upkeep\n|\n|t:|1782768292\n|switch|p2a: Roaring Moon|Roaring Moon, L72|270/270\n|-activate|p2a: Roaring Moon|ability: Protosynthesis\n|-start|p2a: Roaring Moon|protosynthesisatk\n|turn|6\n|\n|t:|1782768298\n|move|p1a: Walking Wake|Draco Meteor|p2a: Roaring Moon\n|-supereffective|p2a: Roaring Moon\n|-damage|p2a: Roaring Moon|13/270\n|-unboost|p1a: Walking Wake|spa|2\n|-damage|p1a: Walking Wake|44/286|[from] item: Life Orb\n|move|p2a: Roaring Moon|Dragon Dance|p2a: Roaring Moon\n|-boost|p2a: Roaring Moon|atk|1\n|-boost|p2a: Roaring Moon|spe|1\n|\n|-weather|none\n|-end|p2a: Roaring Moon|Protosynthesis\n|-end|p1a: Walking Wake|Protosynthesis\n|upkeep\n|turn|7\n|\n|t:|1782768309\n|-end|p1a: Walking Wake|Protosynthesis|[silent]\n|switch|p1a: Ninetales|Ninetales-Alola, L78, F|242/242\n|-weather|Snowscape|[from] ability: Snow Warning|[of] p1a: Ninetales\n|move|p2a: Roaring Moon|Knock Off|p1a: Ninetales\n|-resisted|p1a: Ninetales\n|-damage|p1a: Ninetales|176/242\n|-enditem|p1a: Ninetales|Light Clay|[from] move: Knock Off|[of] p2a: Roaring Moon\n|\n|-weather|Snowscape|[upkeep]\n|upkeep\n|turn|8\n|\n|t:|1782768325\n|-terastallize|p1a: Ninetales|Steel\n|move|p2a: Roaring Moon|Earthquake|p1a: Ninetales\n|-supereffective|p1a: Ninetales\n|-damage|p1a: Ninetales|0 fnt\n|faint|p1a: Ninetales\n|\n|-weather|Snowscape|[upkeep]\n|upkeep\n|\n|t:|1782768332\n|switch|p1a: Arceus|Arceus-Bug, L73|295/295\n|turn|9\n|\n|t:|1782768336\n|move|p2a: Roaring Moon|Outrage|p1a: Arceus\n|-damage|p1a: Arceus|114/295\n|move|p1a: Arceus|Judgment|p2a: Roaring Moon\n|-supereffective|p2a: Roaring Moon\n|-damage|p2a: Roaring Moon|0 fnt\n|faint|p2a: Roaring Moon\n|-end|p2a: Roaring Moon|Protosynthesis|[silent]\n|\n|-weather|Snowscape|[upkeep]\n|upkeep\n|\n|t:|1782768347\n|switch|p2a: Flygon|Flygon, L82, M|265/265\n|turn|10\n|\n|t:|1782768353\n|switch|p1a: Mandibuzz|Mandibuzz, L85, F|326/326\n|move|p2a: Flygon|Stone Edge|p1a: Mandibuzz\n|-supereffective|p1a: Mandibuzz\n|-damage|p1a: Mandibuzz|212/326\n|\n|-weather|Snowscape|[upkeep]\n|upkeep\n|turn|11\n|\n|t:|1782768361\n|move|p2a: Flygon|Dragon Dance|p2a: Flygon\n|-boost|p2a: Flygon|atk|1\n|-boost|p2a: Flygon|spe|1\n|move|p1a: Mandibuzz|Toxic|p2a: Flygon\n|-status|p2a: Flygon|tox\n|-enditem|p2a: Flygon|Lum Berry|[eat]\n|-curestatus|p2a: Flygon|tox|[msg]\n|\n|-weather|none\n|upkeep\n|turn|12\n|\n|t:|1782768371\n|move|p2a: Flygon|Stone Edge|p1a: Mandibuzz\n|-supereffective|p1a: Mandibuzz\n|-damage|p1a: Mandibuzz|34/326\n|move|p1a: Mandibuzz|Toxic|p2a: Flygon\n|-status|p2a: Flygon|tox\n|\n|-damage|p2a: Flygon|249/265 tox|[from] psn\n|upkeep\n|turn|13\n|\n|t:|1782768379\n|switch|p1a: Iron Boulder|Iron Boulder, L77|265/265\n|-enditem|p1a: Iron Boulder|Booster Energy\n|-activate|p1a: Iron Boulder|ability: Quark Drive|[fromitem]\n|-start|p1a: Iron Boulder|quarkdrivespe\n|move|p2a: Flygon|Stone Edge|p1a: Iron Boulder\n|-damage|p1a: Iron Boulder|151/265\n|\n|-damage|p2a: Flygon|217/265 tox|[from] psn\n|upkeep\n|turn|14\n|\n|t:|1782768390\n|move|p1a: Iron Boulder|Zen Headbutt|p2a: Flygon|[miss]\n|-miss|p1a: Iron Boulder|p2a: Flygon\n|move|p2a: Flygon|Earthquake|p1a: Iron Boulder\n|-supereffective|p1a: Iron Boulder\n|-damage|p1a: Iron Boulder|0 fnt\n|faint|p1a: Iron Boulder\n|-end|p1a: Iron Boulder|Quark Drive|[silent]\n|\n|-damage|p2a: Flygon|169/265 tox|[from] psn\n|upkeep\n|\n|t:|1782768396\n|switch|p1a: Walking Wake|Walking Wake, L79|44/286\n|turn|15\n|\n|t:|1782768401\n|move|p2a: Flygon|Earthquake|p1a: Walking Wake\n|-damage|p1a: Walking Wake|0 fnt\n|faint|p1a: Walking Wake\n|-end|p1a: Walking Wake|Protosynthesis|[silent]\n|\n|-damage|p2a: Flygon|105/265 tox|[from] psn\n|upkeep\n|\n|t:|1782768405\n|switch|p1a: Arceus|Arceus-Bug, L73|114/295\n|turn|16\n|\n|t:|1782768412\n|move|p2a: Flygon|Outrage|p1a: Arceus\n|-damage|p1a: Arceus|0 fnt\n|faint|p1a: Arceus\n|\n|-damage|p2a: Flygon|25/265 tox|[from] psn\n|upkeep\n|\n|t:|1782768415\n|switch|p1a: Mandibuzz|Mandibuzz, L85, F|34/326\n|turn|17\n|\n|t:|1782768421\n|move|p2a: Flygon|Outrage|p1a: Mandibuzz|[from] lockedmove\n|-damage|p1a: Mandibuzz|0 fnt\n|faint|p1a: Mandibuzz\n|\n|win|EVOL7N\n|raw|NotACleverMan_'s rating: 1534 &rarr; <strong>1513</strong><br />(-21 for losing)\n|raw|EVOL7N's rating: 1522 &rarr; <strong>1543</strong><br />(+21 for winning)\n|l|\u2606NotACleverMan_\n|player|p1|\n", "inputlog": ">version f8ac14003a5f27e1bdc8d8c59608a773c1cb96e5\n>start {\"formatid\":\"gen9randombattle\",\"seed\":\"sodium,ff5310968348e547c4676d2c15f3d2c8\",\"rated\":\"Rated battle\"}\n>player p1 {\"name\":\"NotACleverMan_\",\"avatar\":\"caitlin-masters\",\"rating\":1534,\"seed\":\"sodium,a37440c8d3ff1105fa53bdfc937095fb\"}\n>player p2 {\"name\":\"EVOL7N\",\"avatar\":\"bruno-gen2\",\"rating\":1522,\"seed\":\"sodium,2d3142f5a44548014ef7d86c213c2f3b\"}\n>p1 move meteorbeam\n>p2 move scorchingsands\n>p1 switch 5\n>p1 move sunnyday\n>p2 switch 2\n>p1 move hydrosteam\n>p2 move hurricane\n>p2 switch 2\n>p1 move hydrosteam\n>p2 move thunderbolt terastallize\n>p1 move dracometeor\n>p2 move thunderbolt\n>p2 switch 3\n>p1 move dracometeor\n>p2 move dragondance\n>p1 switch 3\n>p2 move knockoff\n>p1 move nastyplot terastallize\n>p2 move earthquake\n>p1 switch 2\n>p1 move judgment\n>p2 move outrage\n>p2 switch 5\n>p1 switch 6\n>p2 move stoneedge\n>p1 move toxic\n>p2 move dragondance\n>p1 move toxic\n>p2 move stoneedge\n>p1 switch 4\n>p2 move stoneedge\n>p1 move zenheadbutt\n>p2 move earthquake\n>p1 switch 3\n>p1 move dracometeor\n>p2 move earthquake\n>p1 switch 6\n>p1 move recover\n>p2 move outrage\n>p1 switch 4\n>p1 move roost\n>p2 move outrage", "uploadtime": 1782768427, "views": 4, "formatid": "gen9randombattle", "rating": 1513, "private": 0, "password": null, "player_dets": [{"name": "NotACleverMan_", "avatar": "caitlin-masters", "rating": 1534, "seed": "sodium,a37440c8d3ff1105fa53bdfc937095fb"}, {"name": "EVOL7N", "avatar": "bruno-gen2", "rating": 1522, "seed": "sodium,2d3142f5a44548014ef7d86c213c2f3b"}], "teams_full": [{"Glimmora": {"name": "Glimmora", "species": "Glimmora", "speciesId": "glimmora", "gender": "F", "shiny": false, "level": 75, "moves": ["sludgewave", "earthpower", "energyball", "meteorbeam"], "ability": "Toxic Debris", "evs": {"hp": 85, "atk": 0, "def": 85, "spa": 85, "spd": 85, "spe": 85}, "ivs": {"hp": 31, "atk": 0, "def": 31, "spa": 31, "spd": 31, "spe": 31}, "item": "Power Herb", "teraType": "Grass", "role": "Setup Sweeper", "bvs": {"hp": 83, "atk": 55, "def": 90, "spa": 130, "spd": 81, "spe": 86}, "stats": {"hp": 248, "atk": 87, "def": 179, "spa": 239, "spd": 165, "spe": 173}, "types": ["Rock", "Poison"]}, "Arceus": {"name": "Arceus", "species": "Arceus-Bug", "speciesId": "arceusbug", "gender": "N", "shiny": false, "level": 73, "moves": ["judgment", "calmmind", "earthpower", "recover"], "ability": "Multitype", "evs": {"hp": 81, "atk": 0, "def": 85, "spa": 85, "spd": 85, "spe": 85}, "ivs": {"hp": 31, "atk": 0, "def": 31, "spa": 31, "spd": 31, "spe": 31}, "item": "Insect Plate", "teraType": "Ground", "role": "Bulky Setup", "bvs": {"hp": 120, "atk": 120, "def": 120, "spa": 120, "spd": 120, "spe": 120}, "stats": {"hp": 295, "atk": 180, "def": 218, "spa": 218, "spd": 218, "spe": 218}, "types": ["Bug"]}, "Ninetales": {"name": "Ninetales", "species": "Ninetales-Alola", "speciesId": "ninetalesalola", "gender": "F", "shiny": false, "level": 78, "moves": ["blizzard", "nastyplot", "auroraveil", "moonblast"], "ability": "Snow Warning", "evs": {"hp": 85, "atk": 0, "def": 85, "spa": 85, "spd": 85, "spe": 85}, "ivs": {"hp": 31, "atk": 0, "def": 31, "spa": 31, "spd": 31, "spe": 31}, "item": "Light Clay", "teraType": "Steel", "role": "Fast Support", "bvs": {"hp": 73, "atk": 67, "def": 75, "spa": 81, "spd": 100, "spe": 109}, "stats": {"hp": 242, "atk": 109, "def": 162, "spa": 171, "spd": 201, "spe": 215}, "types": ["Ice", "Fairy"]}, "Iron Boulder": {"name": "Iron Boulder", "species": "Iron Boulder", "speciesId": "ironboulder", "gender": "N", "shiny": false, "level": 77, "moves": ["closecombat", "swordsdance", "mightycleave", "zenheadbutt"], "ability": "Quark Drive", "evs": {"hp": 85, "atk": 85, "def": 85, "spa": 85, "spd": 85, "spe": 85}, "ivs": {"hp": 31, "atk": 31, "def": 31, "spa": 31, "spd": 31, "spe": 31}, "item": "Booster Energy", "teraType": "Fighting", "role": "Fast Bulky Setup", "bvs": {"hp": 90, "atk": 120, "def": 80, "spa": 68, "spd": 108, "spe": 124}, "stats": {"hp": 265, "atk": 229, "def": 168, "spa": 149, "spd": 211, "spe": 236}, "types": ["Rock", "Psychic"]}, "Walking Wake": {"name": "Walking Wake", "species": "Walking Wake", "speciesId": "walkingwake", "gender": "N", "shiny": false, "level": 79, "moves": ["hydrosteam", "sunnyday", "dracometeor", "flamethrower"], "ability": "Protosynthesis", "evs": {"hp": 85, "atk": 0, "def": 85, "spa": 85, "spd": 85, "spe": 85}, "ivs": {"hp": 31, "atk": 0, "def": 31, "spa": 31, "spd": 31, "spe": 31}, "item": "Life Orb", "teraType": "Fire", "role": "Fast Attacker", "bvs": {"hp": 99, "atk": 83, "def": 91, "spa": 125, "spd": 83, "spe": 109}, "stats": {"hp": 286, "atk": 136, "def": 189, "spa": 243, "spd": 177, "spe": 218}, "types": ["Water", "Dragon"]}, "Mandibuzz": {"name": "Mandibuzz", "species": "Mandibuzz", "speciesId": "mandibuzz", "gender": "F", "shiny": false, "level": 85, "moves": ["toxic", "knockoff", "roost", "bravebird"], "ability": "Overcoat", "evs": {"hp": 85, "atk": 85, "def": 85, "spa": 85, "spd": 85, "spe": 85}, "ivs": {"hp": 31, "atk": 31, "def": 31, "spa": 31, "spd": 31, "spe": 31}, "item": "Heavy-Duty Boots", "teraType": "Steel", "role": "Bulky Attacker", "bvs": {"hp": 110, "atk": 65, "def": 105, "spa": 55, "spd": 95, "spe": 80}, "stats": {"hp": 326, "atk": 159, "def": 227, "spa": 142, "spd": 210, "spe": 185}, "types": ["Dark", "Flying"]}}, {"Magmortar": {"name": "Magmortar", "species": "Magmortar", "speciesId": "magmortar", "gender": "F", "shiny": false, "level": 88, "moves": ["focusblast", "scorchingsands", "thunderbolt", "fireblast"], "ability": "Flame Body", "evs": {"hp": 85, "atk": 0, "def": 85, "spa": 85, "spd": 85, "spe": 85}, "ivs": {"hp": 31, "atk": 0, "def": 31, "spa": 31, "spd": 31, "spe": 31}, "item": "Choice Specs", "teraType": "Water", "role": "Wallbreaker", "bvs": {"hp": 75, "atk": 95, "def": 67, "spa": 125, "spd": 95, "spe": 83}, "stats": {"hp": 275, "atk": 172, "def": 168, "spa": 270, "spd": 217, "spe": 196}, "types": ["Fire"]}, "Oricorio": {"name": "Oricorio", "species": "Oricorio", "speciesId": "oricorio", "gender": "F", "shiny": false, "level": 84, "moves": ["quiverdance", "revelationdance", "hurricane", "roost"], "ability": "Dancer", "evs": {"hp": 85, "atk": 0, "def": 85, "spa": 85, "spd": 85, "spe": 85}, "ivs": {"hp": 31, "atk": 0, "def": 31, "spa": 31, "spd": 31, "spe": 31}, "item": "Heavy-Duty Boots", "teraType": "Ground", "role": "Setup Sweeper", "bvs": {"hp": 75, "atk": 70, "def": 70, "spa": 98, "spd": 70, "spe": 93}, "stats": {"hp": 263, "atk": 122, "def": 166, "spa": 213, "spd": 166, "spe": 204}, "types": ["Fire", "Flying"]}, "Roaring Moon": {"name": "Roaring Moon", "species": "Roaring Moon", "speciesId": "roaringmoon", "gender": "N", "shiny": false, "level": 72, "moves": ["dragondance", "outrage", "earthquake", "knockoff"], "ability": "Protosynthesis", "evs": {"hp": 85, "atk": 85, "def": 85, "spa": 85, "spd": 85, "spe": 85}, "ivs": {"hp": 31, "atk": 31, "def": 31, "spa": 31, "spd": 31, "spe": 31}, "item": "Lum Berry", "teraType": "Ground", "role": "Setup Sweeper", "bvs": {"hp": 105, "atk": 139, "def": 71, "spa": 55, "spd": 101, "spe": 119}, "stats": {"hp": 270, "atk": 242, "def": 144, "spa": 121, "spd": 187, "spe": 213}, "types": ["Dragon", "Dark"]}, "Minun": {"name": "Minun", "species": "Minun", "speciesId": "minun", "gender": "M", "shiny": false, "level": 95, "moves": ["encore", "nastyplot", "thunderbolt", "grassknot"], "ability": "Volt Absorb", "evs": {"hp": 85, "atk": 0, "def": 85, "spa": 85, "spd": 85, "spe": 85}, "ivs": {"hp": 31, "atk": 0, "def": 31, "spa": 31, "spd": 31, "spe": 31}, "item": "Life Orb", "teraType": "Electric", "role": "Setup Sweeper", "bvs": {"hp": 60, "atk": 40, "def": 50, "spa": 75, "spd": 85, "spe": 95}, "stats": {"hp": 268, "atk": 81, "def": 149, "spa": 196, "spd": 215, "spe": 234}, "types": ["Electric"]}, "Flygon": {"name": "Flygon", "species": "Flygon", "speciesId": "flygon", "gender": "M", "shiny": false, "level": 82, "moves": ["outrage", "dragondance", "stoneedge", "earthquake"], "ability": "Levitate", "evs": {"hp": 85, "atk": 85, "def": 85, "spa": 85, "spd": 85, "spe": 85}, "ivs": {"hp": 31, "atk": 31, "def": 31, "spa": 31, "spd": 31, "spe": 31}, "item": "Lum Berry", "teraType": "Rock", "role": "Fast Attacker", "bvs": {"hp": 80, "atk": 100, "def": 80, "spa": 80, "spd": 80, "spe": 100}, "stats": {"hp": 265, "atk": 211, "def": 178, "spa": 178, "spd": 178, "spe": 211}, "types": ["Ground", "Dragon"]}, "Chesnaught": {"name": "Chesnaught", "species": "Chesnaught", "speciesId": "chesnaught", "gender": "F", "shiny": false, "level": 84, "moves": ["bodypress", "irondefense", "trailblaze", "synthesis"], "ability": "Bulletproof", "evs": {"hp": 85, "atk": 85, "def": 85, "spa": 85, "spd": 85, "spe": 85}, "ivs": {"hp": 31, "atk": 31, "def": 31, "spa": 31, "spd": 31, "spe": 31}, "item": "Leftovers", "teraType": "Steel", "role": "Fast Bulky Setup", "bvs": {"hp": 88, "atk": 107, "def": 122, "spa": 74, "spd": 75, "spe": 64}, "stats": {"hp": 285, "atk": 228, "def": 253, "spa": 173, "spd": 174, "spe": 156}, "types": ["Grass", "Fighting"]}}]}