{"id": "gen9randombattle-2641413203", "format": "[Gen 9] Random Battle", "players": ["ArbysDealer23", "kpop smokee"], "log": "|j|\u2606ArbysDealer23\n|j|\u2606kpop smokee\n|t:|1782781024\n|gametype|singles\n|player|p1|ArbysDealer23|miku-fire|1922\n|player|p2|kpop smokee|266|1912\n|gen|9\n|tier|[Gen 9] Random Battle\n|rated|\n|rule|Species Clause: Limit one of each Pok\u00e9mon\n|rule|HP Percentage Mod: HP is shown in percentages\n|rule|Sleep Clause Mod: Limit one foe put to sleep\n|rule|Illusion Level Mod: Illusion disguises the Pok\u00e9mon's true level\n|\n|t:|1782781024\n|teamsize|p1|6\n|teamsize|p2|6\n|start\n|switch|p1a: Muk|Muk-Alola, L82, F|306/306\n|switch|p2a: Munkidori|Munkidori, L79, M|269/269\n|turn|1\n|inactive|Battle timer is ON: inactive players will automatically lose when time's up. (requested by ArbysDealer23)\n|\n|t:|1782781044\n|switch|p2a: Diancie|Diancie, L82|216/216\n|move|p1a: Muk|Knock Off|p2a: Diancie\n|-resisted|p2a: Diancie\n|-damage|p2a: Diancie|183/216\n|-status|p2a: Diancie|psn|[from] ability: Poison Touch|[of] p1a: Muk\n|-enditem|p2a: Diancie|Assault Vest|[from] move: Knock Off|[of] p1a: Muk\n|\n|-damage|p2a: Diancie|156/216 psn|[from] psn\n|upkeep\n|turn|2\n|inactive|ArbysDealer23 has 120 seconds left.\n|\n|t:|1782781079\n|switch|p1a: Scizor|Scizor, L79, M|240/240\n|move|p2a: Diancie|Diamond Storm|p1a: Scizor\n|-damage|p1a: Scizor|146/240\n|-boost|p2a: Diancie|def|2\n|\n|-damage|p2a: Diancie|129/216 psn|[from] psn\n|upkeep\n|turn|3\n|\n|t:|1782781088\n|move|p1a: Scizor|Bullet Punch|p2a: Diancie\n|-supereffective|p2a: Diancie\n|-damage|p2a: Diancie|0 fnt\n|faint|p2a: Diancie\n|\n|upkeep\n|\n|t:|1782781094\n|switch|p2a: Gouging Fire|Gouging Fire, L74|277/277\n|turn|4\n|\n|t:|1782781101\n|switch|p1a: Hypno|Hypno, L95, F|315/315\n|move|p2a: Gouging Fire|Dragon Dance|p2a: Gouging Fire\n|-boost|p2a: Gouging Fire|atk|1\n|-boost|p2a: Gouging Fire|spe|1\n|\n|upkeep\n|turn|5\n|\n|t:|1782781111\n|-end|p2a: Gouging Fire|Protosynthesis|[silent]\n|switch|p2a: Espeon|Espeon, L84, F|246/246\n|move|p1a: Hypno|Encore|p2a: Espeon\n|move|p2a: Espeon|Encore||[from] ability: Magic Bounce|[still]\n|-fail|p2a: Espeon\n|\n|upkeep\n|turn|6\n|\n|t:|1782781121\n|move|p2a: Espeon|Trick|p1a: Hypno\n|-activate|p2a: Espeon|move: Trick|[of] p1a: Hypno\n|-item|p1a: Hypno|Choice Specs|[from] move: Trick\n|-item|p2a: Espeon|Leftovers|[from] move: Trick\n|move|p1a: Hypno|Knock Off|p2a: Espeon\n|-supereffective|p2a: Espeon\n|-damage|p2a: Espeon|50/246\n|-enditem|p2a: Espeon|Leftovers|[from] move: Knock Off|[of] p1a: Hypno\n|\n|upkeep\n|turn|7\n|\n|t:|1782781131\n|move|p2a: Espeon|Shadow Ball|p1a: Hypno\n|-supereffective|p1a: Hypno\n|-damage|p1a: Hypno|217/315\n|move|p1a: Hypno|Knock Off|p2a: Espeon\n|-supereffective|p2a: Espeon\n|-damage|p2a: Espeon|0 fnt\n|faint|p2a: Espeon\n|\n|upkeep\n|\n|t:|1782781141\n|switch|p2a: Zarude|Zarude-Dada, L77|288/288\n|turn|8\n|\n|t:|1782781144\n|move|p2a: Zarude|Swords Dance|p2a: Zarude\n|-boost|p2a: Zarude|atk|2\n|move|p1a: Hypno|Knock Off|p2a: Zarude\n|-resisted|p2a: Zarude\n|-damage|p2a: Zarude|254/288\n|-enditem|p2a: Zarude|Life Orb|[from] move: Knock Off|[of] p1a: Hypno\n|\n|upkeep\n|turn|9\n|\n|t:|1782781151\n|move|p2a: Zarude|Swords Dance|p2a: Zarude\n|-boost|p2a: Zarude|atk|2\n|move|p1a: Hypno|Knock Off|p2a: Zarude\n|-resisted|p2a: Zarude\n|-damage|p2a: Zarude|230/288\n|\n|upkeep\n|turn|10\n|\n|t:|1782781154\n|move|p2a: Zarude|Swords Dance|p2a: Zarude\n|-boost|p2a: Zarude|atk|2\n|move|p1a: Hypno|Knock Off|p2a: Zarude\n|-resisted|p2a: Zarude\n|-damage|p2a: Zarude|208/288\n|\n|upkeep\n|turn|11\n|\n|t:|1782781158\n|move|p2a: Zarude|Knock Off|p1a: Hypno\n|-supereffective|p1a: Hypno\n|-crit|p1a: Hypno\n|-damage|p1a: Hypno|0 fnt\n|-enditem|p1a: Hypno|Choice Specs|[from] move: Knock Off|[of] p2a: Zarude\n|faint|p1a: Hypno\n|\n|upkeep\n|\n|t:|1782781163\n|switch|p1a: Kilowattrel|Kilowattrel, L83, F|252/252\n|turn|12\n|\n|t:|1782781174\n|-terastallize|p2a: Zarude|Dark\n|move|p1a: Kilowattrel|Hurricane|p2a: Zarude\n|-damage|p2a: Zarude|91/288\n|-start|p2a: Zarude|confusion\n|-activate|p2a: Zarude|confusion\n|move|p2a: Zarude|Knock Off|p1a: Kilowattrel\n|-damage|p1a: Kilowattrel|0 fnt\n|-enditem|p1a: Kilowattrel|Heavy-Duty Boots|[from] move: Knock Off|[of] p2a: Zarude\n|faint|p1a: Kilowattrel\n|\n|upkeep\n|\n|t:|1782781182\n|switch|p1a: Scizor|Scizor, L79, M|146/240\n|turn|13\n|\n|t:|1782781185\n|switch|p2a: Gouging Fire|Gouging Fire, L74|277/277\n|move|p1a: Scizor|U-turn|p2a: Gouging Fire\n|-resisted|p2a: Gouging Fire\n|-damage|p2a: Gouging Fire|226/277\n|\n|t:|1782781194\n|switch|p1a: Deoxys|Deoxys-Defense, L84|221/221|[from] U-turn\n|-ability|p1a: Deoxys|Pressure\n|\n|upkeep\n|turn|14\n|\n|t:|1782781200\n|-end|p2a: Gouging Fire|Protosynthesis|[silent]\n|switch|p2a: Zarude|Zarude-Dada, L77, tera:Dark|91/288\n|move|p1a: Deoxys|Cosmic Power|p1a: Deoxys\n|-boost|p1a: Deoxys|def|1\n|-boost|p1a: Deoxys|spd|1\n|\n|upkeep\n|turn|15\n|\n|t:|1782781214\n|-terastallize|p1a: Deoxys|Steel\n|move|p2a: Zarude|Knock Off|p1a: Deoxys\n|-damage|p1a: Deoxys|163/221\n|-enditem|p1a: Deoxys|Leftovers|[from] move: Knock Off|[of] p2a: Zarude\n|move|p1a: Deoxys|Cosmic Power|p1a: Deoxys\n|-boost|p1a: Deoxys|def|1\n|-boost|p1a: Deoxys|spd|1\n|\n|upkeep\n|turn|16\n|\n|t:|1782781220\n|move|p2a: Zarude|Close Combat|p1a: Deoxys\n|-supereffective|p1a: Deoxys\n|-damage|p1a: Deoxys|113/221\n|-unboost|p2a: Zarude|def|1\n|-unboost|p2a: Zarude|spd|1\n|move|p1a: Deoxys|Recover|p1a: Deoxys\n|-heal|p1a: Deoxys|221/221\n|\n|upkeep\n|turn|17\n|\n|t:|1782781225\n|move|p2a: Zarude|Close Combat|p1a: Deoxys\n|-supereffective|p1a: Deoxys\n|-damage|p1a: Deoxys|173/221\n|-unboost|p2a: Zarude|def|1\n|-unboost|p2a: Zarude|spd|1\n|move|p1a: Deoxys|Night Shade|p2a: Zarude\n|-damage|p2a: Zarude|7/288\n|\n|upkeep\n|turn|18\n|\n|t:|1782781230\n|move|p2a: Zarude|Close Combat|p1a: Deoxys\n|-supereffective|p1a: Deoxys\n|-damage|p1a: Deoxys|125/221\n|-unboost|p2a: Zarude|def|1\n|-unboost|p2a: Zarude|spd|1\n|move|p1a: Deoxys|Cosmic Power|p1a: Deoxys\n|-boost|p1a: Deoxys|def|1\n|-boost|p1a: Deoxys|spd|1\n|\n|upkeep\n|turn|19\n|\n|t:|1782781235\n|move|p2a: Zarude|Swords Dance|p2a: Zarude\n|-boost|p2a: Zarude|atk|2\n|move|p1a: Deoxys|Recover|p1a: Deoxys\n|-heal|p1a: Deoxys|221/221\n|\n|upkeep\n|turn|20\n|\n|t:|1782781237\n|move|p2a: Zarude|Close Combat|p1a: Deoxys\n|-supereffective|p1a: Deoxys\n|-damage|p1a: Deoxys|141/221\n|-unboost|p2a: Zarude|def|1\n|-unboost|p2a: Zarude|spd|1\n|move|p1a: Deoxys|Night Shade|p2a: Zarude\n|-damage|p2a: Zarude|0 fnt\n|faint|p2a: Zarude\n|\n|upkeep\n|\n|t:|1782781242\n|switch|p2a: Gouging Fire|Gouging Fire, L74|226/277\n|turn|21\n|\n|t:|1782781246\n|move|p1a: Deoxys|Stored Power|p2a: Gouging Fire\n|-damage|p2a: Gouging Fire|100/277\n|move|p2a: Gouging Fire|Dragon Dance|p2a: Gouging Fire\n|-boost|p2a: Gouging Fire|atk|1\n|-boost|p2a: Gouging Fire|spe|1\n|\n|upkeep\n|turn|22\n|\n|t:|1782781250\n|move|p2a: Gouging Fire|Morning Sun|p2a: Gouging Fire\n|-heal|p2a: Gouging Fire|238/277\n|move|p1a: Deoxys|Stored Power|p2a: Gouging Fire\n|-damage|p2a: Gouging Fire|115/277\n|\n|upkeep\n|turn|23\n|\n|t:|1782781260\n|move|p2a: Gouging Fire|Heat Crash|p1a: Deoxys\n|-supereffective|p1a: Deoxys\n|-damage|p1a: Deoxys|55/221\n|move|p1a: Deoxys|Cosmic Power|p1a: Deoxys\n|-boost|p1a: Deoxys|def|1\n|-boost|p1a: Deoxys|spd|1\n|\n|upkeep\n|turn|24\n|\n|t:|1782781263\n|move|p2a: Gouging Fire|Heat Crash|p1a: Deoxys\n|-supereffective|p1a: Deoxys\n|-damage|p1a: Deoxys|0 fnt\n|faint|p1a: Deoxys\n|\n|upkeep\n|\n|t:|1782781268\n|switch|p1a: Muk|Muk-Alola, L82, F|306/306\n|turn|25\n|\n|t:|1782781272\n|move|p2a: Gouging Fire|Heat Crash|p1a: Muk\n|-damage|p1a: Muk|110/306\n|move|p1a: Muk|Poison Jab|p2a: Gouging Fire\n|-damage|p2a: Gouging Fire|36/277\n|\n|upkeep\n|turn|26\n|\n|t:|1782781275\n|move|p1a: Muk|Shadow Sneak|p2a: Gouging Fire\n|-damage|p2a: Gouging Fire|12/277\n|move|p2a: Gouging Fire|Heat Crash|p1a: Muk\n|-damage|p1a: Muk|0 fnt\n|faint|p1a: Muk\n|\n|upkeep\n|\n|t:|1782781284\n|switch|p1a: Jolteon|Jolteon, L84, F|246/246\n|turn|27\n|\n|t:|1782781287\n|move|p2a: Gouging Fire|Heat Crash|p1a: Jolteon\n|-damage|p1a: Jolteon|18/246\n|move|p1a: Jolteon|Thunderbolt|p2a: Gouging Fire\n|-resisted|p2a: Gouging Fire\n|-damage|p2a: Gouging Fire|0 fnt\n|faint|p2a: Gouging Fire\n|-end|p2a: Gouging Fire|Protosynthesis|[silent]\n|\n|-heal|p1a: Jolteon|33/246|[from] item: Leftovers\n|upkeep\n|\n|t:|1782781292\n|switch|p2a: Wugtrio|Wugtrio, L91, M|212/212\n|turn|28\n|\n|t:|1782781297\n|move|p2a: Wugtrio|Liquidation|p1a: Jolteon\n|-damage|p1a: Jolteon|0 fnt\n|faint|p1a: Jolteon\n|\n|upkeep\n|\n|t:|1782781298\n|switch|p1a: Scizor|Scizor, L79, M|146/240\n|turn|29\n|\n|t:|1782781300\n|move|p2a: Wugtrio|Liquidation|p1a: Scizor\n|-damage|p1a: Scizor|0 fnt\n|faint|p1a: Scizor\n|\n|win|kpop smokee\n", "inputlog": ">version f8ac14003a5f27e1bdc8d8c59608a773c1cb96e5\n>start {\"formatid\":\"gen9randombattle\",\"seed\":\"sodium,97c7088d53c8c5b76e982ab993e2b563\",\"rated\":\"Rated battle\"}\n>player p1 {\"name\":\"ArbysDealer23\",\"avatar\":\"miku-fire\",\"rating\":1922,\"seed\":\"sodium,5eccfe7de7ca47690af5fd521a8446f2\"}\n>player p2 {\"name\":\"kpop smokee\",\"avatar\":\"266\",\"rating\":1912,\"seed\":\"sodium,af8be9277b18ba03e59680543e8eaafc\"}\n>p1 move knockoff\n>p2 switch 3\n>p1 switch 5\n>p2 move diamondstorm\n>p1 move bulletpunch\n>p2 move bodypress\n>p2 switch 5\n>p1 switch 2\n>p2 move dragondance\n>p1 move encore\n>p2 switch 6\n>p1 move knockoff\n>p2 move trick\n>p1 move knockoff\n>p2 move shadowball\n>p2 switch 2\n>p1 move knockoff\n>p2 move swordsdance\n>p1 move knockoff\n>p2 move swordsdance\n>p1 move knockoff\n>p2 move swordsdance\n>p1 move knockoff\n>p2 move knockoff\n>p1 switch 6\n>p1 move hurricane\n>p2 move knockoff terastallize\n>p1 switch 2\n>p1 move uturn\n>p2 switch 6\n>p1 switch 3\n>p1 move cosmicpower\n>p2 switch 6\n>p1 move cosmicpower terastallize\n>p2 move knockoff\n>p1 move recover\n>p2 move closecombat\n>p1 move nightshade\n>p2 move closecombat\n>p1 move cosmicpower\n>p2 move closecombat\n>p1 move recover\n>p2 move swordsdance\n>p1 move nightshade\n>p2 move closecombat\n>p2 switch 6\n>p1 move storedpower\n>p2 move dragondance\n>p1 move storedpower\n>p2 move morningsun\n>p1 move cosmicpower\n>p2 move heatcrash\n>p1 move recover\n>p2 move heatcrash\n>p1 switch 5\n>p1 move poisonjab\n>p2 move heatcrash\n>p1 move shadowsneak\n>p2 move heatcrash\n>p1 switch 4\n>p1 move thunderbolt\n>p2 move heatcrash\n>p2 switch 4\n>p1 move thunderbolt\n>p2 move liquidation\n>p1 switch 3\n>p1 move knockoff\n>p2 move liquidation", "uploadtime": 1782781048, "views": 3, "formatid": "gen9randombattle", "rating": null, "private": 0, "password": null, "player_dets": [{"name": "ArbysDealer23", "avatar": "miku-fire", "rating": 1922, "seed": "sodium,5eccfe7de7ca47690af5fd521a8446f2"}, {"name": "kpop smokee", "avatar": "266", "rating": 1912, "seed": "sodium,af8be9277b18ba03e59680543e8eaafc"}], "teams_full": [{"Muk": {"name": "Muk", "species": "Muk-Alola", "speciesId": "mukalola", "gender": "F", "shiny": false, "level": 82, "moves": ["drainpunch", "shadowsneak", "poisonjab", "knockoff"], "ability": "Poison Touch", "evs": {"hp": 85, "atk": 85, "def": 85, "spa": 85, "spd": 85, "spe": 85}, "ivs": {"hp": 31, "atk": 31, "def": 31, "spa": 31, "spd": 31, "spe": 31}, "item": "Assault Vest", "teraType": "Fighting", "role": "AV Pivot", "bvs": {"hp": 105, "atk": 105, "def": 75, "spa": 65, "spd": 100, "spe": 50}, "stats": {"hp": 306, "atk": 219, "def": 170, "spa": 154, "spd": 211, "spe": 129}, "types": ["Poison", "Dark"]}, "Hypno": {"name": "Hypno", "species": "Hypno", "speciesId": "hypno", "gender": "F", "shiny": false, "level": 95, "moves": ["knockoff", "psychicnoise", "encore", "toxic"], "ability": "Insomnia", "evs": {"hp": 85, "atk": 85, "def": 85, "spa": 85, "spd": 85, "spe": 85}, "ivs": {"hp": 31, "atk": 31, "def": 31, "spa": 31, "spd": 31, "spe": 31}, "item": "Leftovers", "teraType": "Fairy", "role": "Bulky Support", "bvs": {"hp": 85, "atk": 73, "def": 70, "spa": 73, "spd": 115, "spe": 67}, "stats": {"hp": 315, "atk": 193, "def": 187, "spa": 193, "spd": 272, "spe": 181}, "types": ["Psychic"]}, "Deoxys": {"name": "Deoxys", "species": "Deoxys-Defense", "speciesId": "deoxysdefense", "gender": "N", "shiny": false, "level": 84, "moves": ["storedpower", "nightshade", "cosmicpower", "recover"], "ability": "Pressure", "evs": {"hp": 85, "atk": 0, "def": 85, "spa": 85, "spd": 85, "spe": 85}, "ivs": {"hp": 31, "atk": 0, "def": 31, "spa": 31, "spd": 31, "spe": 31}, "item": "Leftovers", "teraType": "Steel", "role": "Bulky Setup", "bvs": {"hp": 50, "atk": 70, "def": 160, "spa": 70, "spd": 160, "spe": 90}, "stats": {"hp": 221, "atk": 122, "def": 317, "spa": 166, "spd": 317, "spe": 199}, "types": ["Psychic"]}, "Jolteon": {"name": "Jolteon", "species": "Jolteon", "speciesId": "jolteon", "gender": "F", "shiny": false, "level": 84, "moves": ["thunderbolt", "terablast", "calmmind", "substitute"], "ability": "Volt Absorb", "evs": {"hp": 85, "atk": 0, "def": 85, "spa": 85, "spd": 85, "spe": 85}, "ivs": {"hp": 31, "atk": 0, "def": 31, "spa": 31, "spd": 31, "spe": 31}, "item": "Leftovers", "teraType": "Ice", "role": "Tera Blast user", "bvs": {"hp": 65, "atk": 65, "def": 60, "spa": 110, "spd": 95, "spe": 130}, "stats": {"hp": 246, "atk": 114, "def": 149, "spa": 233, "spd": 208, "spe": 267}, "types": ["Electric"]}, "Scizor": {"name": "Scizor", "species": "Scizor", "speciesId": "scizor", "gender": "M", "shiny": false, "level": 79, "moves": ["closecombat", "bulletpunch", "knockoff", "uturn"], "ability": "Technician", "evs": {"hp": 85, "atk": 85, "def": 85, "spa": 85, "spd": 85, "spe": 85}, "ivs": {"hp": 31, "atk": 31, "def": 31, "spa": 31, "spd": 31, "spe": 31}, "item": "Choice Band", "teraType": "Steel", "role": "Wallbreaker", "bvs": {"hp": 70, "atk": 130, "def": 100, "spa": 55, "spd": 80, "spe": 65}, "stats": {"hp": 240, "atk": 251, "def": 204, "spa": 132, "spd": 172, "spe": 148}, "types": ["Bug", "Steel"]}, "Kilowattrel": {"name": "Kilowattrel", "species": "Kilowattrel", "speciesId": "kilowattrel", "gender": "F", "shiny": false, "level": 83, "moves": ["thunderbolt", "roost", "uturn", "hurricane"], "ability": "Volt Absorb", "evs": {"hp": 85, "atk": 85, "def": 85, "spa": 85, "spd": 85, "spe": 85}, "ivs": {"hp": 31, "atk": 31, "def": 31, "spa": 31, "spd": 31, "spe": 31}, "item": "Heavy-Duty Boots", "teraType": "Water", "role": "Bulky Attacker", "bvs": {"hp": 70, "atk": 70, "def": 60, "spa": 105, "spd": 60, "spe": 125}, "stats": {"hp": 252, "atk": 164, "def": 147, "spa": 222, "spd": 147, "spe": 255}, "types": ["Electric", "Flying"]}}, {"Munkidori": {"name": "Munkidori", "species": "Munkidori", "speciesId": "munkidori", "gender": "M", "shiny": false, "level": 79, "moves": ["focusblast", "nastyplot", "sludgewave", "psyshock"], "ability": "Toxic Chain", "evs": {"hp": 85, "atk": 0, "def": 85, "spa": 85, "spd": 85, "spe": 85}, "ivs": {"hp": 31, "atk": 0, "def": 31, "spa": 31, "spd": 31, "spe": 31}, "item": "Life Orb", "teraType": "Fighting", "role": "Fast Attacker", "bvs": {"hp": 88, "atk": 75, "def": 66, "spa": 130, "spd": 90, "spe": 106}, "stats": {"hp": 269, "atk": 123, "def": 150, "spa": 251, "spd": 188, "spe": 213}, "types": ["Poison", "Psychic"]}, "Zarude": {"name": "Zarude", "species": "Zarude-Dada", "speciesId": "zarude", "gender": "N", "shiny": false, "level": 77, "moves": ["swordsdance", "knockoff", "powerwhip", "closecombat"], "ability": "Leaf Guard", "evs": {"hp": 85, "atk": 85, "def": 85, "spa": 85, "spd": 85, "spe": 85}, "ivs": {"hp": 31, "atk": 31, "def": 31, "spa": 31, "spd": 31, "spe": 31}, "item": "Life Orb", "teraType": "Dark", "role": "Fast Bulky Setup", "bvs": {"hp": 105, "atk": 120, "def": 105, "spa": 70, "spd": 95, "spe": 105}, "stats": {"hp": 288, "atk": 229, "def": 206, "spa": 152, "spd": 191, "spe": 206}, "types": ["Dark", "Grass"]}, "Diancie": {"name": "Diancie", "species": "Diancie", "speciesId": "diancie", "gender": "N", "shiny": false, "level": 82, "moves": ["diamondstorm", "moonblast", "earthpower", "bodypress"], "ability": "Clear Body", "evs": {"hp": 85, "atk": 85, "def": 85, "spa": 85, "spd": 85, "spe": 85}, "ivs": {"hp": 31, "atk": 31, "def": 31, "spa": 31, "spd": 31, "spe": 31}, "item": "Assault Vest", "teraType": "Fighting", "role": "Bulky Attacker", "bvs": {"hp": 50, "atk": 100, "def": 150, "spa": 100, "spd": 150, "spe": 50}, "stats": {"hp": 216, "atk": 211, "def": 293, "spa": 211, "spd": 293, "spe": 129}, "types": ["Rock", "Fairy"]}, "Wugtrio": {"name": "Wugtrio", "species": "Wugtrio", "speciesId": "wugtrio", "gender": "M", "shiny": false, "level": 91, "moves": ["stompingtantrum", "liquidation", "throatchop", "aquajet"], "ability": "Gooey", "evs": {"hp": 85, "atk": 85, "def": 85, "spa": 85, "spd": 85, "spe": 85}, "ivs": {"hp": 31, "atk": 31, "def": 31, "spa": 31, "spd": 31, "spe": 31}, "item": "Choice Band", "teraType": "Dark", "role": "Fast Attacker", "bvs": {"hp": 35, "atk": 100, "def": 50, "spa": 50, "spd": 70, "spe": 120}, "stats": {"hp": 212, "atk": 234, "def": 143, "spa": 143, "spd": 179, "spe": 270}, "types": ["Water"]}, "Gouging Fire": {"name": "Gouging Fire", "species": "Gouging Fire", "speciesId": "gougingfire", "gender": "N", "shiny": false, "level": 74, "moves": ["dragondance", "heatcrash", "morningsun", "outrage"], "ability": "Protosynthesis", "evs": {"hp": 85, "atk": 85, "def": 85, "spa": 85, "spd": 85, "spe": 85}, "ivs": {"hp": 31, "atk": 31, "def": 31, "spa": 31, "spd": 31, "spe": 31}, "item": "Heavy-Duty Boots", "teraType": "Fairy", "role": "Bulky Setup", "bvs": {"hp": 105, "atk": 115, "def": 121, "spa": 65, "spd": 93, "spe": 91}, "stats": {"hp": 277, "atk": 213, "def": 222, "spa": 139, "spd": 181, "spe": 178}, "types": ["Fire", "Dragon"]}, "Espeon": {"name": "Espeon", "species": "Espeon", "speciesId": "espeon", "gender": "F", "shiny": false, "level": 84, "moves": ["shadowball", "alluringvoice", "psyshock", "trick"], "ability": "Magic Bounce", "evs": {"hp": 85, "atk": 0, "def": 85, "spa": 85, "spd": 85, "spe": 85}, "ivs": {"hp": 31, "atk": 0, "def": 31, "spa": 31, "spd": 31, "spe": 31}, "item": "Choice Specs", "teraType": "Psychic", "role": "Fast Attacker", "bvs": {"hp": 65, "atk": 65, "def": 60, "spa": 130, "spd": 95, "spe": 110}, "stats": {"hp": 246, "atk": 114, "def": 149, "spa": 267, "spd": 208, "spe": 233}, "types": ["Psychic"]}}]}