{"id": "gen9randombattle-2641218439", "format": "[Gen 9] Random Battle", "players": ["testbotcif", "Arch Null"], "log": "|j|\u2606testbotcif\n|j|\u2606Arch Null\n|t:|1782755158\n|gametype|singles\n|player|p1|testbotcif|266|1093\n|player|p2|Arch Null|n|1102\n|gen|9\n|tier|[Gen 9] Random Battle\n|rated|\n|rule|Species Clause: Limit one of each Pok\u00e9mon\n|rule|HP Percentage Mod: HP is shown in percentages\n|rule|Sleep Clause Mod: Limit one foe put to sleep\n|rule|Illusion Level Mod: Illusion disguises the Pok\u00e9mon's true level\n|\n|t:|1782755158\n|teamsize|p1|6\n|teamsize|p2|6\n|start\n|switch|p1a: Sandslash|Sandslash, L89, M|278/278\n|switch|p2a: Chi-Yu|Chi-Yu, L77|211/211\n|-ability|p2a: Chi-Yu|Beads of Ruin\n|turn|1\n|inactive|Battle timer is ON: inactive players will automatically lose when time's up. (requested by testbotcif)\n|c|\u2606testbotcif|rlhf\n|c|\u2606Arch Null|Glhf\n|\n|t:|1782755168\n|switch|p2a: Rotom|Rotom-Frost, L87|229/229\n|move|p1a: Sandslash|Earthquake|p2a: Rotom\n|-immune|p2a: Rotom|[from] ability: Levitate\n|\n|upkeep\n|turn|2\n|\n|t:|1782755174\n|switch|p1a: Ninetales|Ninetales-Alola, L78, F|242/242\n|-weather|Snowscape|[from] ability: Snow Warning|[of] p1a: Ninetales\n|move|p2a: Rotom|Will-O-Wisp|p1a: Ninetales\n|-status|p1a: Ninetales|brn\n|\n|-weather|Snowscape|[upkeep]\n|-damage|p1a: Ninetales|227/242 brn|[from] brn\n|upkeep\n|turn|3\n|\n|t:|1782755186\n|move|p1a: Ninetales|Aurora Veil|p1a: Ninetales\n|-sidestart|p1: testbotcif|move: Aurora Veil\n|move|p2a: Rotom|Thunderbolt|p1a: Ninetales\n|-damage|p1a: Ninetales|173/242 brn\n|\n|-weather|Snowscape|[upkeep]\n|-damage|p1a: Ninetales|158/242 brn|[from] brn\n|upkeep\n|turn|4\n|\n|t:|1782755193\n|move|p1a: Ninetales|Moonblast|p2a: Rotom\n|-damage|p2a: Rotom|166/229\n|-unboost|p2a: Rotom|spa|1\n|move|p2a: Rotom|Nasty Plot|p2a: Rotom\n|-boost|p2a: Rotom|spa|2\n|\n|-weather|Snowscape|[upkeep]\n|-damage|p1a: Ninetales|143/242 brn|[from] brn\n|upkeep\n|turn|5\n|\n|t:|1782755204\n|move|p1a: Ninetales|Moonblast|p2a: Rotom\n|-damage|p2a: Rotom|97/229\n|move|p2a: Rotom|Thunderbolt|p1a: Ninetales\n|-damage|p1a: Ninetales|69/242 brn\n|\n|-weather|Snowscape|[upkeep]\n|-damage|p1a: Ninetales|54/242 brn|[from] brn\n|upkeep\n|turn|6\n|\n|t:|1782755211\n|move|p1a: Ninetales|Moonblast|p2a: Rotom\n|-damage|p2a: Rotom|33/229\n|move|p2a: Rotom|Thunderbolt|p1a: Ninetales\n|-damage|p1a: Ninetales|0 fnt\n|faint|p1a: Ninetales\n|\n|-weather|none\n|upkeep\n|\n|t:|1782755212\n|switch|p1a: Luxray|Luxray, L88, M|283/283\n|turn|7\n|\n|t:|1782755226\n|move|p2a: Rotom|Blizzard|p1a: Luxray\n|-damage|p1a: Luxray|184/283\n|move|p1a: Luxray|Facade|p2a: Rotom\n|-damage|p2a: Rotom|0 fnt\n|faint|p2a: Rotom\n|\n|-status|p1a: Luxray|brn|[from] item: Flame Orb\n|upkeep\n|\n|t:|1782755237\n|switch|p2a: Quaquaval|Quaquaval, L79, M|264/264\n|turn|8\n|\n|t:|1782755242\n|move|p2a: Quaquaval|Knock Off|p1a: Luxray\n|-damage|p1a: Luxray|132/283 brn\n|-enditem|p1a: Luxray|Flame Orb|[from] move: Knock Off|[of] p2a: Quaquaval\n|move|p1a: Luxray|Supercell Slam|p2a: Quaquaval\n|-supereffective|p2a: Quaquaval\n|-damage|p2a: Quaquaval|0 fnt\n|faint|p2a: Quaquaval\n|\n|-damage|p1a: Luxray|115/283 brn|[from] brn\n|upkeep\n|\n|t:|1782755252\n|switch|p2a: Chi-Yu|Chi-Yu, L77|211/211\n|-ability|p2a: Chi-Yu|Beads of Ruin\n|turn|9\n|\n|t:|1782755258\n|move|p2a: Chi-Yu|Overheat|p1a: Luxray\n|-damage|p1a: Luxray|0 fnt\n|-unboost|p2a: Chi-Yu|spa|2\n|faint|p1a: Luxray\n|\n|upkeep\n|\n|t:|1782755258\n|switch|p1a: Vaporeon|Vaporeon, L86, F|364/364\n|turn|10\n|\n|t:|1782755266\n|switch|p2a: Palafin|Palafin, L77, M|281/281\n|move|p1a: Vaporeon|Scald|p2a: Palafin\n|-resisted|p2a: Palafin\n|-crit|p2a: Palafin\n|-damage|p2a: Palafin|185/281\n|\n|-heal|p2a: Palafin|202/281|[from] item: Leftovers\n|-sideend|p1: testbotcif|move: Aurora Veil\n|upkeep\n|turn|11\n|\n|t:|1782755271\n|detailschange|p2a: Palafin|Palafin-Hero, L77, M\n|switch|p2a: Sunflora|Sunflora, F|312/312\n|move|p1a: Vaporeon|Scald|p2a: Sunflora\n|-resisted|p2a: Sunflora\n|-damage|p2a: Sunflora|273/312\n|\n|upkeep\n|turn|12\n|\n|t:|1782755278\n|switch|p1a: Weezing|Weezing-Galar, L86, F|252/252\n|move|p2a: Sunflora|Sunny Day|p2a: Sunflora\n|-weather|SunnyDay\n|\n|-weather|SunnyDay|[upkeep]\n|upkeep\n|turn|13\n|\n|t:|1782755292\n|-terastallize|p2a: Sunflora|Fire\n|move|p2a: Sunflora|Weather Ball|p1a: Weezing\n|-damage|p1a: Weezing|0 fnt\n|faint|p1a: Weezing\n|-damage|p2a: Sunflora|242/312|[from] item: Life Orb\n|\n|-weather|SunnyDay|[upkeep]\n|upkeep\n|\n|t:|1782755292\n|switch|p1a: Articuno|Articuno-Galar, L84|288/288\n|turn|14\n|\n|t:|1782755306\n|-terastallize|p1a: Articuno|Steel\n|move|p2a: Sunflora|Weather Ball|p1a: Articuno\n|-supereffective|p1a: Articuno\n|-damage|p1a: Articuno|0 fnt\n|faint|p1a: Articuno\n|-damage|p2a: Sunflora|211/312|[from] item: Life Orb\n|\n|-weather|SunnyDay|[upkeep]\n|upkeep\n|\n|t:|1782755306\n|switch|p1a: Vaporeon|Vaporeon, L86, F|364/364\n|turn|15\n|\n|t:|1782755318\n|move|p2a: Sunflora|Solar Beam||[still]\n|-prepare|p2a: Sunflora|Solar Beam\n|-anim|p2a: Sunflora|Solar Beam|p1a: Vaporeon\n|-supereffective|p1a: Vaporeon\n|-damage|p1a: Vaporeon|0 fnt\n|faint|p1a: Vaporeon\n|-damage|p2a: Sunflora|180/312|[from] item: Life Orb\n|\n|-weather|SunnyDay|[upkeep]\n|upkeep\n|\n|t:|1782755319\n|switch|p1a: Sandslash|Sandslash, L89, M|278/278\n|turn|16\n|c|\u2606Arch Null|My speed doubles in sun\n|\n|t:|1782755335\n|move|p2a: Sunflora|Solar Beam||[still]\n|-prepare|p2a: Sunflora|Solar Beam\n|-anim|p2a: Sunflora|Solar Beam|p1a: Sandslash\n|-supereffective|p1a: Sandslash\n|-damage|p1a: Sandslash|0 fnt\n|faint|p1a: Sandslash\n|-damage|p2a: Sunflora|149/312|[from] item: Life Orb\n|\n|win|Arch Null\n|raw|testbotcif's rating: 1093 &rarr; <strong>1070</strong><br />(-23 for losing)\n|raw|Arch Null's rating: 1102 &rarr; <strong>1126</strong><br />(+24 for winning)\n|l|\u2606testbotcif\n|player|p1|\n", "inputlog": ">version f8ac14003a5f27e1bdc8d8c59608a773c1cb96e5\n>start {\"formatid\":\"gen9randombattle\",\"seed\":\"sodium,09fdaf8cfccb1a12305e9539aaf5beb5\",\"rated\":\"Rated battle\"}\n>player p1 {\"name\":\"testbotcif\",\"avatar\":\"266\",\"rating\":1093,\"seed\":\"sodium,2ff1b3a9b9f1139774d24606ddd10ad2\"}\n>player p2 {\"name\":\"Arch Null\",\"avatar\":\"n\",\"rating\":1102,\"seed\":\"sodium,2d884b96d22151c0967e626f12f0f6c8\"}\n>chat \u2606testbotcif|rlhf\n>chat \u2606Arch Null|Glhf\n>p1 move earthquake\n>p2 switch 3\n>p1 switch 3\n>p2 move willowisp\n>p1 move auroraveil\n>p2 move thunderbolt\n>p1 move moonblast\n>p2 move nastyplot\n>p1 move moonblast\n>p2 move thunderbolt\n>p1 move moonblast\n>p2 move thunderbolt\n>p1 switch 4\n>p1 move facade\n>p2 move blizzard\n>p2 switch 5\n>p1 move supercellslam\n>p2 move knockoff\n>p2 switch 3\n>p1 move supercellslam\n>p2 move overheat\n>p1 switch 5\n>p1 move scald\n>p2 switch 2\n>p1 move scald\n>p2 switch 6\n>p1 switch 2\n>p2 move sunnyday\n>p1 move gunkshot\n>p2 move weatherball terastallize\n>p1 switch 6\n>p1 move calmmind terastallize\n>p2 move weatherball\n>p1 switch 2\n>p1 move icebeam\n>p2 move solarbeam\n>p1 switch 3\n>chat \u2606Arch Null|My speed doubles in sun\n>p1 move knockoff\n>p2 move solarbeam", "uploadtime": 1782755335, "views": 5, "formatid": "gen9randombattle", "rating": 1070, "private": 0, "password": null, "player_dets": [{"name": "testbotcif", "avatar": "266", "rating": 1093, "seed": "sodium,2ff1b3a9b9f1139774d24606ddd10ad2"}, {"name": "Arch Null", "avatar": "n", "rating": 1102, "seed": "sodium,2d884b96d22151c0967e626f12f0f6c8"}], "teams_full": [{"Sandslash": {"name": "Sandslash", "species": "Sandslash", "speciesId": "sandslash", "gender": "M", "shiny": false, "level": 89, "moves": ["stoneedge", "rapidspin", "earthquake", "knockoff"], "ability": "Sand Rush", "evs": {"hp": 85, "atk": 85, "def": 85, "spa": 85, "spd": 85, "spe": 85}, "ivs": {"hp": 31, "atk": 31, "def": 31, "spa": 31, "spd": 31, "spe": 31}, "item": "Assault Vest", "teraType": "Dragon", "role": "Bulky Support", "bvs": {"hp": 75, "atk": 100, "def": 110, "spa": 45, "spd": 55, "spe": 65}, "stats": {"hp": 278, "atk": 229, "def": 247, "spa": 131, "spd": 149, "spe": 166}, "types": ["Ground"]}, "Weezing": {"name": "Weezing", "species": "Weezing-Galar", "speciesId": "weezinggalar", "gender": "F", "shiny": false, "level": 86, "moves": ["gunkshot", "fireblast", "painsplit", "strangesteam"], "ability": "Levitate", "evs": {"hp": 85, "atk": 85, "def": 85, "spa": 85, "spd": 85, "spe": 85}, "ivs": {"hp": 31, "atk": 31, "def": 31, "spa": 31, "spd": 31, "spe": 31}, "item": "Leftovers", "teraType": "Steel", "role": "Bulky Support", "bvs": {"hp": 65, "atk": 90, "def": 120, "spa": 85, "spd": 70, "spe": 60}, "stats": {"hp": 252, "atk": 204, "def": 256, "spa": 195, "spd": 170, "spe": 152}, "types": ["Poison", "Fairy"]}, "Ninetales": {"name": "Ninetales", "species": "Ninetales-Alola", "speciesId": "ninetalesalola", "gender": "F", "shiny": false, "level": 78, "moves": ["freezedry", "blizzard", "auroraveil", "moonblast"], "ability": "Snow Warning", "evs": {"hp": 85, "atk": 0, "def": 85, "spa": 85, "spd": 85, "spe": 85}, "ivs": {"hp": 31, "atk": 0, "def": 31, "spa": 31, "spd": 31, "spe": 31}, "item": "Light Clay", "teraType": "Steel", "role": "Fast Attacker", "bvs": {"hp": 73, "atk": 67, "def": 75, "spa": 81, "spd": 100, "spe": 109}, "stats": {"hp": 242, "atk": 109, "def": 162, "spa": 171, "spd": 201, "spe": 215}, "types": ["Ice", "Fairy"]}, "Luxray": {"name": "Luxray", "species": "Luxray", "speciesId": "luxray", "gender": "M", "shiny": false, "level": 88, "moves": ["facade", "supercellslam", "trailblaze", "throatchop"], "ability": "Guts", "evs": {"hp": 81, "atk": 85, "def": 85, "spa": 85, "spd": 85, "spe": 85}, "ivs": {"hp": 31, "atk": 31, "def": 31, "spa": 31, "spd": 31, "spe": 31}, "item": "Flame Orb", "teraType": "Normal", "role": "Setup Sweeper", "bvs": {"hp": 80, "atk": 120, "def": 79, "spa": 95, "spd": 79, "spe": 70}, "stats": {"hp": 283, "atk": 261, "def": 189, "spa": 217, "spd": 189, "spe": 173}, "types": ["Electric"]}, "Vaporeon": {"name": "Vaporeon", "species": "Vaporeon", "speciesId": "vaporeon", "gender": "F", "shiny": false, "level": 86, "moves": ["scald", "protect", "icebeam", "wish"], "ability": "Water Absorb", "evs": {"hp": 85, "atk": 0, "def": 85, "spa": 85, "spd": 85, "spe": 85}, "ivs": {"hp": 31, "atk": 0, "def": 31, "spa": 31, "spd": 31, "spe": 31}, "item": "Leftovers", "teraType": "Poison", "role": "Bulky Support", "bvs": {"hp": 130, "atk": 65, "def": 60, "spa": 110, "spd": 95, "spe": 65}, "stats": {"hp": 364, "atk": 116, "def": 152, "spa": 238, "spd": 213, "spe": 161}, "types": ["Water"]}, "Articuno": {"name": "Articuno", "species": "Articuno-Galar", "speciesId": "articunogalar", "gender": "N", "shiny": false, "level": 84, "moves": ["hurricane", "calmmind", "recover", "freezingglare"], "ability": "Competitive", "evs": {"hp": 85, "atk": 0, "def": 85, "spa": 85, "spd": 85, "spe": 85}, "ivs": {"hp": 31, "atk": 0, "def": 31, "spa": 31, "spd": 31, "spe": 31}, "item": "Heavy-Duty Boots", "teraType": "Steel", "role": "Fast Bulky Setup", "bvs": {"hp": 90, "atk": 85, "def": 85, "spa": 125, "spd": 100, "spe": 95}, "stats": {"hp": 288, "atk": 147, "def": 191, "spa": 258, "spd": 216, "spe": 208}, "types": ["Psychic", "Flying"]}}, {"Chi-Yu": {"name": "Chi-Yu", "species": "Chi-Yu", "speciesId": "chiyu", "gender": "N", "shiny": false, "level": 77, "moves": ["darkpulse", "overheat", "flamethrower", "psychic"], "ability": "Beads of Ruin", "evs": {"hp": 85, "atk": 0, "def": 85, "spa": 85, "spd": 85, "spe": 85}, "ivs": {"hp": 31, "atk": 0, "def": 31, "spa": 31, "spd": 31, "spe": 31}, "item": "Choice Specs", "teraType": "Dark", "role": "Fast Attacker", "bvs": {"hp": 55, "atk": 80, "def": 80, "spa": 135, "spd": 120, "spe": 100}, "stats": {"hp": 211, "atk": 128, "def": 168, "spa": 252, "spd": 229, "spe": 199}, "types": ["Dark", "Fire"]}, "Palafin": {"name": "Palafin", "species": "Palafin", "speciesId": "palafin", "gender": "M", "shiny": false, "level": 77, "moves": ["bulkup", "drainpunch", "jetpunch", "wavecrash"], "ability": "Zero to Hero", "evs": {"hp": 85, "atk": 85, "def": 85, "spa": 85, "spd": 85, "spe": 85}, "ivs": {"hp": 31, "atk": 31, "def": 31, "spa": 31, "spd": 31, "spe": 31}, "item": "Leftovers", "teraType": "Dragon", "role": "Bulky Setup", "bvs": {"hp": 100, "atk": 70, "def": 72, "spa": 53, "spd": 62, "spe": 100}, "stats": {"hp": 281, "atk": 152, "def": 155, "spa": 126, "spd": 140, "spe": 199}, "types": ["Water"]}, "Rotom": {"name": "Rotom", "species": "Rotom-Frost", "speciesId": "rotomfrost", "gender": "N", "shiny": false, "level": 87, "moves": ["blizzard", "thunderbolt", "willowisp", "nastyplot"], "ability": "Levitate", "evs": {"hp": 85, "atk": 0, "def": 85, "spa": 85, "spd": 85, "spe": 85}, "ivs": {"hp": 31, "atk": 0, "def": 31, "spa": 31, "spd": 31, "spe": 31}, "item": "Heavy-Duty Boots", "teraType": "Electric", "role": "Fast Attacker", "bvs": {"hp": 50, "atk": 65, "def": 107, "spa": 105, "spd": 107, "spe": 86}, "stats": {"hp": 229, "atk": 118, "def": 236, "spa": 232, "spd": 236, "spe": 199}, "types": ["Electric", "Ice"]}, "Delphox": {"name": "Delphox", "species": "Delphox", "speciesId": "delphox", "gender": "M", "shiny": false, "level": 84, "moves": ["grassknot", "focusblast", "fireblast", "psyshock"], "ability": "Blaze", "evs": {"hp": 85, "atk": 0, "def": 85, "spa": 85, "spd": 85, "spe": 85}, "ivs": {"hp": 31, "atk": 0, "def": 31, "spa": 31, "spd": 31, "spe": 31}, "item": "Choice Scarf", "teraType": "Fighting", "role": "Fast Attacker", "bvs": {"hp": 75, "atk": 69, "def": 72, "spa": 114, "spd": 100, "spe": 104}, "stats": {"hp": 263, "atk": 120, "def": 169, "spa": 240, "spd": 216, "spe": 223}, "types": ["Fire", "Psychic"]}, "Quaquaval": {"name": "Quaquaval", "species": "Quaquaval", "speciesId": "quaquaval", "gender": "M", "shiny": false, "level": 79, "moves": ["closecombat", "tripleaxel", "aquastep", "knockoff"], "ability": "Moxie", "evs": {"hp": 85, "atk": 85, "def": 85, "spa": 85, "spd": 85, "spe": 85}, "ivs": {"hp": 31, "atk": 31, "def": 31, "spa": 31, "spd": 31, "spe": 31}, "item": "Choice Band", "teraType": "Water", "role": "Wallbreaker", "bvs": {"hp": 85, "atk": 120, "def": 80, "spa": 85, "spd": 75, "spe": 85}, "stats": {"hp": 264, "atk": 235, "def": 172, "spa": 180, "spd": 164, "spe": 180}, "types": ["Water", "Fighting"]}, "Sunflora": {"name": "Sunflora", "species": "Sunflora", "speciesId": "sunflora", "gender": "F", "shiny": false, "level": 100, "moves": ["earthpower", "sunnyday", "weatherball", "solarbeam"], "ability": "Chlorophyll", "evs": {"hp": 85, "atk": 0, "def": 85, "spa": 85, "spd": 85, "spe": 85}, "ivs": {"hp": 31, "atk": 0, "def": 31, "spa": 31, "spd": 31, "spe": 31}, "item": "Life Orb", "teraType": "Fire", "role": "Setup Sweeper", "bvs": {"hp": 75, "atk": 75, "def": 55, "spa": 105, "spd": 85, "spe": 30}, "stats": {"hp": 312, "atk": 155, "def": 167, "spa": 267, "spd": 227, "spe": 117}, "types": ["Grass"]}}]}