{"id": "gen9randombattle-2641700822", "format": "[Gen 9] Random Battle", "players": ["dubdubbydubdub", "moenke"], "log": "|badge|p2|silver|gen9randombattle|30-9\n|html|<div class=\"broadcast-red\"><strong>This battle is required to be public due to one or more player having a season medal.</strong><br />During the public phase, you can discuss the state of the ladder <a href=\"/seasondiscussion\">in a special chatroom.</a></div>\n|uhtml|medal-msg|<div class=\"broadcast-blue\">Curious what those medals under the avatar are? PS now has Ladder Seasons! For more information, check out the <a href=\"https://www.smogon.com/forums/threads/3740067/\">thread on Smogon.</a></div>\n|raw|<div class=\"broadcast-blue\"><strong>This battle is required to be public due to a player having a name starting with 'medal'.</div>\n|j|\u2606dubdubbydubdub\n|j|\u2606moenke\n|t:|1782831507\n|gametype|singles\n|player|p1|dubdubbydubdub|170|2238\n|player|p2|moenke|102|2364\n|gen|9\n|tier|[Gen 9] Random Battle\n|rated|\n|rule|Species Clause: Limit one of each Pok\u00e9mon\n|rule|HP Percentage Mod: HP is shown in percentages\n|rule|Sleep Clause Mod: Limit one foe put to sleep\n|rule|Illusion Level Mod: Illusion disguises the Pok\u00e9mon's true level\n|\n|t:|1782831507\n|teamsize|p1|6\n|teamsize|p2|6\n|start\n|switch|p1a: Kingambit|Kingambit, L74, F|270/270\n|switch|p2a: Flamigo|Flamigo, L82, F|269/269\n|turn|1\n|inactive|Battle timer is ON: inactive players will automatically lose when time's up. (requested by moenke)\n|\n|t:|1782831527\n|-end|p1a: Kingambit|fallenundefined|[silent]\n|switch|p1a: Slowbro|Slowbro, L85, F|300/300\n|move|p2a: Flamigo|U-turn|p1a: Slowbro\n|-supereffective|p1a: Slowbro\n|-damage|p1a: Slowbro|176/300\n|-damage|p2a: Flamigo|225/269|[from] item: Rocky Helmet|[of] p1a: Slowbro\n|\n|t:|1782831536\n|switch|p2a: Perrserker|Perrserker, L89, M|269/269|[from] U-turn\n|\n|upkeep\n|turn|2\n|\n|t:|1782831546\n|switch|p1a: Zapdos|Zapdos, L78|268/268\n|move|p2a: Perrserker|Knock Off|p1a: Zapdos\n|-damage|p1a: Zapdos|104/268\n|-enditem|p1a: Zapdos|Heavy-Duty Boots|[from] move: Knock Off|[of] p2a: Perrserker\n|-damage|p2a: Perrserker|243/269|[from] item: Life Orb\n|\n|upkeep\n|turn|3\n|\n|t:|1782831554\n|move|p1a: Zapdos|Roost|p1a: Zapdos\n|-heal|p1a: Zapdos|238/268\n|-singleturn|p1a: Zapdos|move: Roost\n|move|p2a: Perrserker|Stealth Rock|p1a: Zapdos\n|-sidestart|p1: dubdubbydubdub|move: Stealth Rock\n|\n|upkeep\n|turn|4\n|\n|t:|1782831561\n|switch|p2a: Scream Tail|Scream Tail, L84|330/330\n|move|p1a: Zapdos|Thunderbolt|p2a: Scream Tail\n|-damage|p2a: Scream Tail|246/330\n|\n|-heal|p2a: Scream Tail|266/330|[from] item: Leftovers\n|upkeep\n|turn|5\n|\n|t:|1782831578\n|move|p2a: Scream Tail|Wish|p2a: Scream Tail\n|move|p1a: Zapdos|U-turn|p2a: Scream Tail\n|-damage|p2a: Scream Tail|228/330\n|\n|t:|1782831584\n|switch|p1a: Slowbro|Slowbro, L85, F|276/300|[from] U-turn\n|-damage|p1a: Slowbro|239/300|[from] Stealth Rock\n|\n|-heal|p2a: Scream Tail|248/330|[from] item: Leftovers\n|upkeep\n|turn|6\n|\n|t:|1782831610\n|-end|p2a: Scream Tail|Protosynthesis|[silent]\n|switch|p2a: Feraligatr|Feraligatr, L79, M|264/264\n|move|p1a: Slowbro|Scald|p2a: Feraligatr\n|-resisted|p2a: Feraligatr\n|-damage|p2a: Feraligatr|217/264\n|\n|-heal|p2a: Feraligatr|264/264|[from] move: Wish|[wisher] Scream Tail\n|upkeep\n|turn|7\n|\n|t:|1782831623\n|move|p2a: Feraligatr|Crunch|p1a: Slowbro\n|-supereffective|p1a: Slowbro\n|-damage|p1a: Slowbro|80/300\n|-damage|p2a: Feraligatr|220/264|[from] item: Rocky Helmet|[of] p1a: Slowbro\n|move|p1a: Slowbro|Scald|p2a: Feraligatr\n|-resisted|p2a: Feraligatr\n|-damage|p2a: Feraligatr|171/264\n|\n|upkeep\n|turn|8\n|\n|t:|1782831642\n|switch|p1a: Zapdos|Zapdos, L78|238/268\n|-damage|p1a: Zapdos|171/268|[from] Stealth Rock\n|move|p2a: Feraligatr|Dragon Dance|p2a: Feraligatr\n|-boost|p2a: Feraligatr|atk|1\n|-boost|p2a: Feraligatr|spe|1\n|\n|upkeep\n|turn|9\n|\n|t:|1782831650\n|move|p2a: Feraligatr|Liquidation|p1a: Zapdos\n|-damage|p1a: Zapdos|0 fnt\n|faint|p1a: Zapdos\n|\n|upkeep\n|\n|t:|1782831665\n|switch|p1a: Kingambit|Kingambit, L74, F|270/270\n|-damage|p1a: Kingambit|254/270|[from] Stealth Rock\n|-activate|p1a: Kingambit|ability: Supreme Overlord\n|-start|p1a: Kingambit|fallen1|[silent]\n|turn|10\n|\n|t:|1782831670\n|move|p2a: Feraligatr|Liquidation|p1a: Kingambit\n|-damage|p1a: Kingambit|63/270\n|move|p1a: Kingambit|Kowtow Cleave|p2a: Feraligatr\n|-damage|p2a: Feraligatr|77/264\n|\n|-heal|p1a: Kingambit|79/270|[from] item: Leftovers\n|upkeep\n|turn|11\n|\n|t:|1782831679\n|move|p1a: Kingambit|Sucker Punch|p2a: Feraligatr\n|-damage|p2a: Feraligatr|0 fnt\n|faint|p2a: Feraligatr\n|\n|-heal|p1a: Kingambit|95/270|[from] item: Leftovers\n|upkeep\n|\n|t:|1782831687\n|switch|p2a: Cinderace|Cinderace, L77, M|250/250\n|turn|12\n|\n|t:|1782831696\n|-end|p1a: Kingambit|fallen1|[silent]\n|switch|p1a: Slowbro|Slowbro, L85, F|180/300\n|-damage|p1a: Slowbro|143/300|[from] Stealth Rock\n|move|p2a: Cinderace|Pyro Ball|p1a: Slowbro|[miss]\n|-miss|p2a: Cinderace|p1a: Slowbro\n|\n|upkeep\n|turn|13\n|\n|t:|1782831703\n|move|p2a: Cinderace|U-turn|p1a: Slowbro\n|-start|p2a: Cinderace|typechange|Bug|[from] ability: Libero\n|-supereffective|p1a: Slowbro\n|-damage|p1a: Slowbro|21/300\n|-damage|p2a: Cinderace|209/250|[from] item: Rocky Helmet|[of] p1a: Slowbro\n|\n|t:|1782831712\n|switch|p2a: Perrserker|Perrserker, L89, M|243/269|[from] U-turn\n|move|p1a: Slowbro|Slack Off|p1a: Slowbro\n|-heal|p1a: Slowbro|171/300\n|\n|upkeep\n|turn|14\n|\n|t:|1782831722\n|switch|p1a: Kingambit|Kingambit, L74, F|95/270\n|-damage|p1a: Kingambit|79/270|[from] Stealth Rock\n|-activate|p1a: Kingambit|ability: Supreme Overlord\n|-start|p1a: Kingambit|fallen1|[silent]\n|move|p2a: Perrserker|Knock Off|p1a: Kingambit\n|-resisted|p1a: Kingambit\n|-damage|p1a: Kingambit|15/270\n|-enditem|p1a: Kingambit|Leftovers|[from] move: Knock Off|[of] p2a: Perrserker\n|-damage|p2a: Perrserker|217/269|[from] item: Life Orb\n|\n|upkeep\n|turn|15\n|\n|t:|1782831732\n|move|p1a: Kingambit|Sucker Punch|p2a: Perrserker\n|-damage|p2a: Perrserker|144/269\n|move|p2a: Perrserker|Knock Off|p1a: Kingambit\n|-resisted|p1a: Kingambit\n|-crit|p1a: Kingambit\n|-damage|p1a: Kingambit|0 fnt\n|faint|p1a: Kingambit\n|-end|p1a: Kingambit|fallen1|[silent]\n|-damage|p2a: Perrserker|118/269|[from] item: Life Orb\n|\n|upkeep\n|\n|t:|1782831743\n|switch|p1a: Annihilape|Annihilape, L76, M|292/292\n|-damage|p1a: Annihilape|274/292|[from] Stealth Rock\n|turn|16\n|\n|t:|1782831750\n|switch|p2a: Cinderace|Cinderace, L77, M|209/250\n|move|p1a: Annihilape|Drain Punch|p2a: Cinderace\n|-damage|p2a: Cinderace|116/250\n|-heal|p1a: Annihilape|292/292|[from] drain|[of] p2a: Cinderace\n|\n|upkeep\n|turn|17\n|\n|t:|1782831766\n|switch|p1a: Slowbro|Slowbro, L85, F|271/300\n|-damage|p1a: Slowbro|234/300|[from] Stealth Rock\n|move|p2a: Cinderace|Will-O-Wisp|p1a: Slowbro\n|-status|p1a: Slowbro|brn\n|\n|-damage|p1a: Slowbro|216/300 brn|[from] brn\n|upkeep\n|turn|18\n|\n|t:|1782831775\n|move|p2a: Cinderace|U-turn|p1a: Slowbro\n|-start|p2a: Cinderace|typechange|Bug|[from] ability: Libero\n|-supereffective|p1a: Slowbro\n|-damage|p1a: Slowbro|96/300 brn\n|-damage|p2a: Cinderace|75/250|[from] item: Rocky Helmet|[of] p1a: Slowbro\n|\n|t:|1782831781\n|switch|p2a: Perrserker|Perrserker, L89, M|118/269|[from] U-turn\n|move|p1a: Slowbro|Scald|p2a: Perrserker\n|-damage|p2a: Perrserker|13/269\n|\n|-damage|p1a: Slowbro|78/300 brn|[from] brn\n|upkeep\n|turn|19\n|\n|t:|1782831797\n|move|p2a: Perrserker|Knock Off|p1a: Slowbro\n|-supereffective|p1a: Slowbro\n|-damage|p1a: Slowbro|0 fnt\n|-damage|p2a: Perrserker|0 fnt|[from] item: Rocky Helmet|[of] p1a: Slowbro\n|faint|p1a: Slowbro\n|faint|p2a: Perrserker\n|\n|upkeep\n|\n|t:|1782831808\n|switch|p2a: Cinderace|Cinderace, L77, M|75/250\n|switch|p1a: Bombirdier|Bombirdier, L85, M|258/258\n|turn|20\n|\n|t:|1782831816\n|move|p2a: Cinderace|Will-O-Wisp|p1a: Bombirdier|[miss]\n|-miss|p2a: Cinderace|p1a: Bombirdier\n|move|p1a: Bombirdier|Brave Bird|p2a: Cinderace\n|-damage|p2a: Cinderace|0 fnt\n|faint|p2a: Cinderace\n|-damage|p1a: Bombirdier|233/258|[from] Recoil\n|\n|upkeep\n|\n|t:|1782831824\n|switch|p2a: Zacian|Zacian, L69|241/241\n|-ability|p2a: Zacian|Intrepid Sword|boost\n|-boost|p2a: Zacian|atk|1\n|turn|21\n|\n|t:|1782831832\n|move|p2a: Zacian|Play Rough|p1a: Bombirdier\n|-supereffective|p1a: Bombirdier\n|-damage|p1a: Bombirdier|0 fnt\n|faint|p1a: Bombirdier\n|-damage|p2a: Zacian|217/241|[from] item: Life Orb\n|\n|upkeep\n|\n|t:|1782831848\n|switch|p1a: Annihilape|Annihilape, L76, M|292/292\n|-damage|p1a: Annihilape|274/292|[from] Stealth Rock\n|turn|22\n|\n|t:|1782831855\n|-terastallize|p1a: Annihilape|Steel\n|move|p2a: Zacian|Swords Dance|p2a: Zacian\n|-boost|p2a: Zacian|atk|2\n|move|p1a: Annihilape|Bulk Up|p1a: Annihilape\n|-boost|p1a: Annihilape|atk|1\n|-boost|p1a: Annihilape|def|1\n|\n|-heal|p1a: Annihilape|292/292|[from] item: Leftovers\n|upkeep\n|turn|23\n|\n|t:|1782831867\n|-terastallize|p2a: Zacian|Fighting\n|move|p2a: Zacian|Close Combat|p1a: Annihilape\n|-supereffective|p1a: Annihilape\n|-damage|p1a: Annihilape|0 fnt\n|-unboost|p2a: Zacian|def|1\n|-unboost|p2a: Zacian|spd|1\n|faint|p1a: Annihilape\n|-damage|p2a: Zacian|193/241|[from] item: Life Orb\n|\n|upkeep\n|\n|t:|1782831875\n|switch|p1a: Mimikyu|Mimikyu, L79, M|216/216\n|-damage|p1a: Mimikyu|189/216|[from] Stealth Rock\n|turn|24\n|\n|t:|1782831891\n|move|p2a: Zacian|Play Rough|p1a: Mimikyu\n|-activate|p1a: Mimikyu|ability: Disguise\n|-damage|p1a: Mimikyu|189/216\n|detailschange|p1a: Mimikyu|Mimikyu-Busted, L79, M\n|-damage|p1a: Mimikyu|162/216|[from] pokemon: Mimikyu-Busted\n|-damage|p2a: Zacian|169/241|[from] item: Life Orb\n|move|p1a: Mimikyu|Play Rough|p2a: Zacian\n|-supereffective|p2a: Zacian\n|-damage|p2a: Zacian|0 fnt\n|faint|p2a: Zacian\n|-damage|p1a: Mimikyu|141/216|[from] item: Life Orb\n|\n|upkeep\n|\n|t:|1782831898\n|switch|p2a: Scream Tail|Scream Tail, L84|248/330\n|turn|25\n|\n|t:|1782831905\n|move|p2a: Scream Tail|Encore|p1a: Mimikyu\n|-start|p1a: Mimikyu|Encore\n|move|p1a: Mimikyu|Play Rough|p2a: Scream Tail\n|-damage|p2a: Scream Tail|151/330\n|-damage|p1a: Mimikyu|120/216|[from] item: Life Orb\n|\n|-heal|p2a: Scream Tail|171/330|[from] item: Leftovers\n|upkeep\n|turn|26\n|-message|dubdubbydubdub forfeited.\n|\n|win|moenke\n", "inputlog": ">version f8ac14003a5f27e1bdc8d8c59608a773c1cb96e5\n>start {\"formatid\":\"gen9randombattle\",\"seed\":\"sodium,2eb46b3f60448668f35e6768e8f97b5b\",\"rated\":\"Rated battle\"}\n>player p1 {\"name\":\"dubdubbydubdub\",\"avatar\":\"170\",\"rating\":2238,\"seed\":\"sodium,14f6676a00f0dcf08bd940c49d4cd30a\"}\n>player p2 {\"name\":\"moenke\",\"avatar\":\"102\",\"rating\":2364,\"seed\":\"sodium,2c3053e7283930876316687d6e4427d8\"}\n>p1 switch 2\n>p2 move uturn\n>p2 switch 2\n>p1 switch 3\n>p2 move knockoff\n>p1 move roost\n>p2 move stealthrock\n>p1 move thunderbolt\n>p2 switch 4\n>p1 move uturn\n>p2 move wish\n>p1 switch 3\n>p1 move scald\n>p2 switch 5\n>p1 move scald\n>p2 move crunch\n>p1 switch 3\n>p2 move dragondance\n>p1 move thunderbolt\n>p2 move liquidation\n>p1 switch 2\n>p1 move kowtowcleave\n>p2 move liquidation\n>p1 move suckerpunch\n>p2 move liquidation\n>p2 switch 6\n>p1 switch 3\n>p2 move pyroball\n>p1 move slackoff\n>p2 move uturn\n>p2 switch 4\n>p1 switch 3\n>p2 move knockoff\n>p1 move suckerpunch\n>p2 move knockoff\n>p1 switch 4\n>p1 move drainpunch\n>p2 switch 4\n>p1 switch 3\n>p2 move willowisp\n>p1 move scald\n>p2 move uturn\n>p2 switch 4\n>p1 move slackoff\n>p2 move knockoff\n>p1 switch 5\n>p2 switch 4\n>p1 move bravebird\n>p2 move willowisp\n>p2 switch 3\n>p1 move bravebird\n>p2 move playrough\n>p1 switch 3\n>p1 move bulkup terastallize\n>p2 move swordsdance\n>p1 move ragefist\n>p2 move closecombat terastallize\n>p1 switch 6\n>p1 move playrough\n>p2 move playrough\n>p2 switch 5\n>p1 move swordsdance\n>p2 move encore\n>forcelose p1", "uploadtime": 1782831512, "views": 3, "formatid": "gen9randombattle", "rating": null, "private": 0, "password": null, "player_dets": [{"name": "dubdubbydubdub", "avatar": "170", "rating": 2238, "seed": "sodium,14f6676a00f0dcf08bd940c49d4cd30a"}, {"name": "moenke", "avatar": "102", "rating": 2364, "seed": "sodium,2c3053e7283930876316687d6e4427d8"}], "teams_full": [{"Kingambit": {"name": "Kingambit", "species": "Kingambit", "speciesId": "kingambit", "gender": "F", "shiny": false, "level": 74, "moves": ["suckerpunch", "kowtowcleave", "ironhead", "swordsdance"], "ability": "Supreme Overlord", "evs": {"hp": 85, "atk": 85, "def": 85, "spa": 85, "spd": 85, "spe": 85}, "ivs": {"hp": 31, "atk": 31, "def": 31, "spa": 31, "spd": 31, "spe": 31}, "item": "Leftovers", "teraType": "Flying", "role": "Bulky Attacker", "bvs": {"hp": 100, "atk": 135, "def": 120, "spa": 60, "spd": 85, "spe": 50}, "stats": {"hp": 270, "atk": 243, "def": 221, "spa": 132, "spd": 169, "spe": 117}, "types": ["Dark", "Steel"]}, "Slowbro": {"name": "Slowbro", "species": "Slowbro", "speciesId": "slowbro", "gender": "F", "shiny": false, "level": 85, "moves": ["scald", "calmmind", "slackoff", "psychicnoise"], "ability": "Regenerator", "evs": {"hp": 85, "atk": 0, "def": 85, "spa": 85, "spd": 85, "spe": 85}, "ivs": {"hp": 31, "atk": 0, "def": 31, "spa": 31, "spd": 31, "spe": 31}, "item": "Rocky Helmet", "teraType": "Poison", "role": "Bulky Attacker", "bvs": {"hp": 95, "atk": 75, "def": 110, "spa": 100, "spd": 80, "spe": 30}, "stats": {"hp": 300, "atk": 132, "def": 236, "spa": 219, "spd": 185, "spe": 100}, "types": ["Water", "Psychic"]}, "Zapdos": {"name": "Zapdos", "species": "Zapdos", "speciesId": "zapdos", "gender": "N", "shiny": false, "level": 78, "moves": ["thunderbolt", "uturn", "hurricane", "roost"], "ability": "Static", "evs": {"hp": 85, "atk": 85, "def": 85, "spa": 85, "spd": 85, "spe": 85}, "ivs": {"hp": 31, "atk": 31, "def": 31, "spa": 31, "spd": 31, "spe": 31}, "item": "Heavy-Duty Boots", "teraType": "Steel", "role": "Bulky Attacker", "bvs": {"hp": 90, "atk": 90, "def": 85, "spa": 125, "spd": 90, "spe": 100}, "stats": {"hp": 268, "atk": 185, "def": 178, "spa": 240, "spd": 185, "spe": 201}, "types": ["Electric", "Flying"]}, "Annihilape": {"name": "Annihilape", "species": "Annihilape", "speciesId": "annihilape", "gender": "M", "shiny": false, "level": 76, "moves": ["ragefist", "bulkup", "taunt", "drainpunch"], "ability": "Defiant", "evs": {"hp": 85, "atk": 85, "def": 85, "spa": 85, "spd": 85, "spe": 85}, "ivs": {"hp": 31, "atk": 31, "def": 31, "spa": 31, "spd": 31, "spe": 31}, "item": "Leftovers", "teraType": "Steel", "role": "Bulky Setup", "bvs": {"hp": 110, "atk": 115, "def": 80, "spa": 50, "spd": 90, "spe": 90}, "stats": {"hp": 292, "atk": 219, "def": 166, "spa": 120, "spd": 181, "spe": 181}, "types": ["Fighting", "Ghost"]}, "Bombirdier": {"name": "Bombirdier", "species": "Bombirdier", "speciesId": "bombirdier", "gender": "M", "shiny": false, "level": 85, "moves": ["uturn", "roost", "bravebird", "knockoff"], "ability": "Big Pecks", "evs": {"hp": 85, "atk": 85, "def": 85, "spa": 85, "spd": 85, "spe": 85}, "ivs": {"hp": 31, "atk": 31, "def": 31, "spa": 31, "spd": 31, "spe": 31}, "item": "Heavy-Duty Boots", "teraType": "Dark", "role": "Bulky Support", "bvs": {"hp": 70, "atk": 103, "def": 85, "spa": 60, "spd": 85, "spe": 82}, "stats": {"hp": 258, "atk": 224, "def": 193, "spa": 151, "spd": 193, "spe": 188}, "types": ["Flying", "Dark"]}, "Mimikyu": {"name": "Mimikyu", "species": "Mimikyu", "speciesId": "mimikyu", "gender": "M", "shiny": false, "level": 79, "moves": ["shadowsneak", "playrough", "swordsdance", "drainpunch"], "ability": "Disguise", "evs": {"hp": 85, "atk": 85, "def": 85, "spa": 85, "spd": 85, "spe": 85}, "ivs": {"hp": 31, "atk": 31, "def": 31, "spa": 31, "spd": 31, "spe": 31}, "item": "Life Orb", "teraType": "Fighting", "role": "Setup Sweeper", "bvs": {"hp": 55, "atk": 90, "def": 80, "spa": 50, "spd": 105, "spe": 96}, "stats": {"hp": 216, "atk": 188, "def": 172, "spa": 125, "spd": 211, "spe": 197}, "types": ["Ghost", "Fairy"]}}, {"Flamigo": {"name": "Flamigo", "species": "Flamigo", "speciesId": "flamigo", "gender": "F", "shiny": false, "level": 82, "moves": ["uturn", "closecombat", "bravebird", "throatchop"], "ability": "Scrappy", "evs": {"hp": 85, "atk": 85, "def": 85, "spa": 85, "spd": 85, "spe": 85}, "ivs": {"hp": 31, "atk": 31, "def": 31, "spa": 31, "spd": 31, "spe": 31}, "item": "Choice Band", "teraType": "Fighting", "role": "Fast Attacker", "bvs": {"hp": 82, "atk": 115, "def": 74, "spa": 75, "spd": 64, "spe": 90}, "stats": {"hp": 269, "atk": 236, "def": 169, "spa": 170, "spd": 152, "spe": 195}, "types": ["Flying", "Fighting"]}, "Perrserker": {"name": "Perrserker", "species": "Perrserker", "speciesId": "perrserker", "gender": "M", "shiny": false, "level": 89, "moves": ["ironhead", "knockoff", "closecombat", "stealthrock"], "ability": "Tough Claws", "evs": {"hp": 85, "atk": 85, "def": 85, "spa": 85, "spd": 85, "spe": 85}, "ivs": {"hp": 31, "atk": 31, "def": 31, "spa": 31, "spd": 31, "spe": 31}, "item": "Life Orb", "teraType": "Fighting", "role": "Fast Attacker", "bvs": {"hp": 70, "atk": 110, "def": 100, "spa": 50, "spd": 60, "spe": 50}, "stats": {"hp": 269, "atk": 247, "def": 229, "spa": 140, "spd": 158, "spe": 140}, "types": ["Steel"]}, "Zacian": {"name": "Zacian", "species": "Zacian", "speciesId": "zacian", "gender": "N", "shiny": false, "level": 69, "moves": ["psychicfangs", "playrough", "swordsdance", "closecombat"], "ability": "Intrepid Sword", "evs": {"hp": 85, "atk": 85, "def": 85, "spa": 85, "spd": 85, "spe": 85}, "ivs": {"hp": 31, "atk": 31, "def": 31, "spa": 31, "spd": 31, "spe": 31}, "item": "Life Orb", "teraType": "Fighting", "role": "Fast Attacker", "bvs": {"hp": 92, "atk": 120, "def": 115, "spa": 80, "spd": 115, "spe": 138}, "stats": {"hp": 241, "atk": 206, "def": 199, "spa": 151, "spd": 199, "spe": 231}, "types": ["Fairy"]}, "Scream Tail": {"name": "Scream Tail", "species": "Scream Tail", "speciesId": "screamtail", "gender": "N", "shiny": false, "level": 84, "moves": ["protect", "encore", "wish", "playrough"], "ability": "Protosynthesis", "evs": {"hp": 85, "atk": 85, "def": 85, "spa": 85, "spd": 85, "spe": 85}, "ivs": {"hp": 31, "atk": 31, "def": 31, "spa": 31, "spd": 31, "spe": 31}, "item": "Leftovers", "teraType": "Steel", "role": "Bulky Support", "bvs": {"hp": 115, "atk": 65, "def": 99, "spa": 65, "spd": 115, "spe": 111}, "stats": {"hp": 330, "atk": 157, "def": 215, "spa": 157, "spd": 241, "spe": 235}, "types": ["Fairy", "Psychic"]}, "Feraligatr": {"name": "Feraligatr", "species": "Feraligatr", "speciesId": "feraligatr", "gender": "M", "shiny": false, "level": 79, "moves": ["icepunch", "crunch", "liquidation", "dragondance"], "ability": "Sheer Force", "evs": {"hp": 85, "atk": 85, "def": 85, "spa": 85, "spd": 85, "spe": 85}, "ivs": {"hp": 31, "atk": 31, "def": 31, "spa": 31, "spd": 31, "spe": 31}, "item": "Life Orb", "teraType": "Dark", "role": "Fast Bulky Setup", "bvs": {"hp": 85, "atk": 105, "def": 100, "spa": 79, "spd": 83, "spe": 78}, "stats": {"hp": 264, "atk": 211, "def": 204, "spa": 170, "spd": 177, "spe": 169}, "types": ["Water"]}, "Cinderace": {"name": "Cinderace", "species": "Cinderace", "speciesId": "cinderace", "gender": "M", "shiny": false, "level": 77, "moves": ["pyroball", "willowisp", "courtchange", "uturn"], "ability": "Libero", "evs": {"hp": 85, "atk": 85, "def": 85, "spa": 85, "spd": 85, "spe": 85}, "ivs": {"hp": 31, "atk": 31, "def": 31, "spa": 31, "spd": 31, "spe": 31}, "item": "Heavy-Duty Boots", "teraType": "Grass", "role": "Fast Support", "bvs": {"hp": 80, "atk": 116, "def": 75, "spa": 65, "spd": 75, "spe": 119}, "stats": {"hp": 250, "atk": 223, "def": 160, "spa": 145, "spd": 160, "spe": 228}, "types": ["Fire"]}}]}