{"id": "gen9randombattle-2641732855", "format": "[Gen 9] Random Battle", "players": ["Misticrosen", "LiggyLiggy"], "log": "|j|\u2606Misticrosen\n|j|\u203dLiggyLiggy\n|t:|1782835401\n|gametype|singles\n|player|p1|Misticrosen|102|1971\n|player|p2|LiggyLiggy|1|1968\n|gen|9\n|tier|[Gen 9] Random Battle\n|rated|\n|rule|Species Clause: Limit one of each Pok\u00e9mon\n|rule|HP Percentage Mod: HP is shown in percentages\n|rule|Sleep Clause Mod: Limit one foe put to sleep\n|rule|Illusion Level Mod: Illusion disguises the Pok\u00e9mon's true level\n|\n|t:|1782835401\n|teamsize|p1|6\n|teamsize|p2|6\n|start\n|switch|p1a: Lilligant|Lilligant, L86, F|261/261\n|switch|p2a: Hoopa|Hoopa, L85|275/275\n|turn|1\n|inactive|Battle timer is ON: inactive players will automatically lose when time's up. (requested by LiggyLiggy)\n|\n|t:|1782835422\n|switch|p1a: Weavile|Weavile, L79, F|240/240\n|move|p2a: Hoopa|Psyshock|p1a: Weavile\n|-immune|p1a: Weavile\n|\n|upkeep\n|turn|2\n|\n|t:|1782835427\n|switch|p2a: Klefki|Klefki, L84, M|233/233\n|move|p1a: Weavile|Knock Off|p2a: Klefki\n|-resisted|p2a: Klefki\n|-damage|p2a: Klefki|183/233\n|-enditem|p2a: Klefki|Leftovers|[from] move: Knock Off|[of] p1a: Weavile\n|\n|upkeep\n|turn|3\n|\n|t:|1782835431\n|switch|p1a: Magnezone|Magnezone, L85|258/258\n|move|p2a: Klefki|Spikes|p1a: Magnezone\n|-sidestart|p1: Misticrosen|Spikes\n|\n|upkeep\n|turn|4\n|\n|t:|1782835438\n|switch|p2a: Hoopa|Hoopa, L85|275/275\n|move|p1a: Magnezone|Iron Defense|p1a: Magnezone\n|-boost|p1a: Magnezone|def|2\n|\n|upkeep\n|turn|5\n|\n|t:|1782835442\n|move|p2a: Hoopa|Focus Blast|p1a: Magnezone\n|-supereffective|p1a: Magnezone\n|-damage|p1a: Magnezone|26/258\n|move|p1a: Magnezone|Discharge|p2a: Hoopa\n|-damage|p2a: Hoopa|170/275\n|\n|-heal|p1a: Magnezone|42/258|[from] item: Leftovers\n|upkeep\n|turn|6\n|\n|t:|1782835444\n|move|p2a: Hoopa|Focus Blast|p1a: Magnezone\n|-supereffective|p1a: Magnezone\n|-damage|p1a: Magnezone|0 fnt\n|faint|p1a: Magnezone\n|\n|upkeep\n|\n|t:|1782835450\n|switch|p1a: Mimikyu|Mimikyu, L79, M|216/216\n|-damage|p1a: Mimikyu|189/216|[from] Spikes\n|turn|7\n|\n|t:|1782835454\n|switch|p2a: Klefki|Klefki, L84, M|183/233\n|move|p1a: Mimikyu|Swords Dance|p1a: Mimikyu\n|-boost|p1a: Mimikyu|atk|2\n|\n|upkeep\n|turn|8\n|\n|t:|1782835456\n|move|p2a: Klefki|Thunder Wave|p1a: Mimikyu\n|-status|p1a: Mimikyu|par\n|move|p1a: Mimikyu|Shadow Claw|p2a: Klefki\n|-damage|p2a: Klefki|27/233\n|-damage|p1a: Mimikyu|168/216 par|[from] item: Life Orb\n|\n|upkeep\n|turn|9\n|\n|t:|1782835459\n|move|p2a: Klefki|Spikes|p1a: Mimikyu\n|-sidestart|p1: Misticrosen|Spikes\n|move|p1a: Mimikyu|Shadow Sneak|p2a: Klefki\n|-damage|p2a: Klefki|0 fnt\n|faint|p2a: Klefki\n|-damage|p1a: Mimikyu|147/216 par|[from] item: Life Orb\n|\n|upkeep\n|\n|t:|1782835467\n|switch|p2a: Vigoroth|Vigoroth, L85, F|275/275\n|turn|10\n|\n|t:|1782835470\n|move|p2a: Vigoroth|Bulk Up|p2a: Vigoroth\n|-boost|p2a: Vigoroth|atk|1\n|-boost|p2a: Vigoroth|def|1\n|move|p1a: Mimikyu|Play Rough|p2a: Vigoroth\n|-damage|p2a: Vigoroth|178/275\n|-damage|p1a: Mimikyu|126/216 par|[from] item: Life Orb\n|\n|upkeep\n|turn|11\n|\n|t:|1782835478\n|switch|p1a: Munkidori|Munkidori, L79, M|269/269\n|-damage|p1a: Munkidori|225/269|[from] Spikes\n|move|p2a: Vigoroth|Bulk Up|p2a: Vigoroth\n|-boost|p2a: Vigoroth|atk|1\n|-boost|p2a: Vigoroth|def|1\n|\n|upkeep\n|turn|12\n|\n|t:|1782835487\n|move|p1a: Munkidori|Focus Blast|p2a: Vigoroth|[miss]\n|-miss|p1a: Munkidori|p2a: Vigoroth\n|move|p2a: Vigoroth|Earthquake|p1a: Munkidori\n|-supereffective|p1a: Munkidori\n|-damage|p1a: Munkidori|0 fnt\n|faint|p1a: Munkidori\n|\n|upkeep\n|\n|t:|1782835491\n|switch|p1a: Lilligant|Lilligant, L86, F|261/261\n|-damage|p1a: Lilligant|218/261|[from] Spikes\n|turn|13\n|\n|t:|1782835500\n|move|p1a: Lilligant|Quiver Dance|p1a: Lilligant\n|-boost|p1a: Lilligant|spa|1\n|-boost|p1a: Lilligant|spd|1\n|-boost|p1a: Lilligant|spe|1\n|move|p2a: Vigoroth|Body Slam|p1a: Lilligant\n|-damage|p1a: Lilligant|49/261\n|\n|upkeep\n|turn|14\n|\n|t:|1782835503\n|move|p1a: Lilligant|Giga Drain|p2a: Vigoroth\n|-damage|p2a: Vigoroth|3/275\n|-heal|p1a: Lilligant|137/261|[from] drain|[of] p2a: Vigoroth\n|-damage|p1a: Lilligant|111/261|[from] item: Life Orb\n|move|p2a: Vigoroth|Body Slam|p1a: Lilligant\n|-damage|p1a: Lilligant|0 fnt\n|faint|p1a: Lilligant\n|\n|upkeep\n|\n|t:|1782835506\n|switch|p1a: Weavile|Weavile, L79, F|240/240\n|turn|15\n|\n|t:|1782835510\n|switch|p2a: Magmortar|Magmortar, L88, M|275/275\n|move|p1a: Weavile|Low Kick|p2a: Magmortar\n|-damage|p2a: Magmortar|200/275\n|\n|upkeep\n|turn|16\n|\n|t:|1782835514\n|switch|p1a: Mimikyu|Mimikyu, L79, M|126/216 par\n|-damage|p1a: Mimikyu|90/216 par|[from] Spikes\n|move|p2a: Magmortar|Fire Blast|p1a: Mimikyu\n|-activate|p1a: Mimikyu|ability: Disguise\n|-damage|p1a: Mimikyu|90/216 par\n|detailschange|p1a: Mimikyu|Mimikyu-Busted, L79, M\n|-damage|p1a: Mimikyu|63/216 par|[from] pokemon: Mimikyu-Busted\n|\n|upkeep\n|turn|17\n|\n|t:|1782835519\n|move|p2a: Magmortar|Fire Blast|p1a: Mimikyu\n|-damage|p1a: Mimikyu|0 fnt\n|faint|p1a: Mimikyu\n|\n|upkeep\n|\n|t:|1782835523\n|switch|p1a: Smeargle|Smeargle, L95, M|258/258\n|-damage|p1a: Smeargle|215/258|[from] Spikes\n|turn|18\n|\n|t:|1782835526\n|move|p1a: Smeargle|Spore|p2a: Magmortar\n|-status|p2a: Magmortar|slp|[from] move: Spore\n|cant|p2a: Magmortar|slp\n|\n|upkeep\n|turn|19\n|\n|t:|1782835529\n|switch|p1a: Weavile|Weavile, L79, F|240/240\n|-curestatus|p2a: Magmortar|slp|[msg]\n|move|p2a: Magmortar|Fire Blast|p1a: Weavile\n|-supereffective|p1a: Weavile\n|-damage|p1a: Weavile|0 fnt\n|faint|p1a: Weavile\n|\n|upkeep\n|\n|t:|1782835532\n|switch|p1a: Smeargle|Smeargle, L95, M|215/258\n|-damage|p1a: Smeargle|172/258|[from] Spikes\n|turn|20\n|\n|t:|1782835534\n|move|p2a: Magmortar|Fire Blast|p1a: Smeargle\n|-damage|p1a: Smeargle|0 fnt\n|faint|p1a: Smeargle\n|\n|win|LiggyLiggy\n", "inputlog": ">version f8ac14003a5f27e1bdc8d8c59608a773c1cb96e5\n>start {\"formatid\":\"gen9randombattle\",\"seed\":\"sodium,ac1aa07dedaff4205bd0cff684a94e31\",\"rated\":\"Rated battle\"}\n>player p1 {\"name\":\"Misticrosen\",\"avatar\":\"102\",\"rating\":1971,\"seed\":\"sodium,12f0f27ebb5571909e10ec0eebdd33c2\"}\n>player p2 {\"name\":\"LiggyLiggy\",\"avatar\":\"1\",\"rating\":1968,\"seed\":\"sodium,eb5761a29b0c735246daaec0da2006b9\"}\n>p1 switch 5\n>p2 move psyshock\n>p1 move knockoff\n>p2 switch 6\n>p1 switch 3\n>p2 move spikes\n>p1 move irondefense\n>p2 switch 6\n>p1 move discharge\n>p2 move focusblast\n>p1 move discharge\n>p2 move focusblast\n>p1 switch 4\n>p1 move swordsdance\n>p2 switch 6\n>p1 move shadowclaw\n>p2 move thunderwave\n>p1 move shadowsneak\n>p2 move spikes\n>p2 switch 4\n>p1 move playrough\n>p2 move bulkup\n>p1 switch 6\n>p2 move bulkup\n>p1 move focusblast\n>p2 move earthquake\n>p1 switch 5\n>p1 move quiverdance\n>p2 move bodyslam\n>p1 move gigadrain\n>p2 move bodyslam\n>p1 switch 3\n>p1 move lowkick\n>p2 switch 2\n>p1 switch 6\n>p2 move fireblast\n>p1 move shadowclaw\n>p2 move fireblast\n>p1 switch 2\n>p1 move spore\n>p2 move fireblast\n>p1 switch 6\n>p2 move fireblast\n>p1 switch 6\n>p1 move spore\n>p2 move fireblast", "uploadtime": 1782835402, "views": 7, "formatid": "gen9randombattle", "rating": null, "private": 0, "password": null, "player_dets": [{"name": "Misticrosen", "avatar": "102", "rating": 1971, "seed": "sodium,12f0f27ebb5571909e10ec0eebdd33c2"}, {"name": "LiggyLiggy", "avatar": "1", "rating": 1968, "seed": "sodium,eb5761a29b0c735246daaec0da2006b9"}], "teams_full": [{"Lilligant": {"name": "Lilligant", "species": "Lilligant", "speciesId": "lilligant", "gender": "F", "shiny": false, "level": 86, "moves": ["gigadrain", "quiverdance", "sleeppowder", "terablast"], "ability": "Chlorophyll", "evs": {"hp": 85, "atk": 0, "def": 85, "spa": 85, "spd": 85, "spe": 85}, "ivs": {"hp": 31, "atk": 0, "def": 31, "spa": 31, "spd": 31, "spe": 31}, "item": "Life Orb", "teraType": "Rock", "role": "Tera Blast user", "bvs": {"hp": 70, "atk": 60, "def": 75, "spa": 110, "spd": 75, "spe": 90}, "stats": {"hp": 261, "atk": 108, "def": 178, "spa": 238, "spd": 178, "spe": 204}, "types": ["Grass"]}, "Smeargle": {"name": "Smeargle", "species": "Smeargle", "speciesId": "smeargle", "gender": "M", "shiny": false, "level": 95, "moves": ["ceaselessedge", "stickyweb", "whirlwind", "spore"], "ability": "Own Tempo", "evs": {"hp": 85, "atk": 85, "def": 85, "spa": 85, "spd": 85, "spe": 85}, "ivs": {"hp": 31, "atk": 31, "def": 31, "spa": 31, "spd": 31, "spe": 31}, "item": "Focus Sash", "teraType": "Ghost", "role": "Fast Support", "bvs": {"hp": 55, "atk": 20, "def": 35, "spa": 20, "spd": 45, "spe": 75}, "stats": {"hp": 258, "atk": 92, "def": 120, "spa": 92, "spd": 139, "spe": 196}, "types": ["Normal"]}, "Magnezone": {"name": "Magnezone", "species": "Magnezone", "speciesId": "magnezone", "gender": "N", "shiny": false, "level": 85, "moves": ["discharge", "flashcannon", "bodypress", "irondefense"], "ability": "Analytic", "evs": {"hp": 85, "atk": 0, "def": 85, "spa": 85, "spd": 85, "spe": 85}, "ivs": {"hp": 31, "atk": 0, "def": 31, "spa": 31, "spd": 31, "spe": 31}, "item": "Leftovers", "teraType": "Fighting", "role": "Bulky Setup", "bvs": {"hp": 70, "atk": 70, "def": 115, "spa": 130, "spd": 90, "spe": 60}, "stats": {"hp": 258, "atk": 124, "def": 244, "spa": 270, "spd": 202, "spe": 151}, "types": ["Electric", "Steel"]}, "Mimikyu": {"name": "Mimikyu", "species": "Mimikyu", "speciesId": "mimikyu", "gender": "M", "shiny": false, "level": 79, "moves": ["playrough", "swordsdance", "shadowclaw", "shadowsneak"], "ability": "Disguise", "evs": {"hp": 85, "atk": 85, "def": 85, "spa": 85, "spd": 85, "spe": 85}, "ivs": {"hp": 31, "atk": 31, "def": 31, "spa": 31, "spd": 31, "spe": 31}, "item": "Life Orb", "teraType": "Ghost", "role": "Fast Bulky Setup", "bvs": {"hp": 55, "atk": 90, "def": 80, "spa": 50, "spd": 105, "spe": 96}, "stats": {"hp": 216, "atk": 188, "def": 172, "spa": 125, "spd": 211, "spe": 197}, "types": ["Ghost", "Fairy"]}, "Weavile": {"name": "Weavile", "species": "Weavile", "speciesId": "weavile", "gender": "F", "shiny": false, "level": 79, "moves": ["tripleaxel", "swordsdance", "knockoff", "lowkick"], "ability": "Pickpocket", "evs": {"hp": 85, "atk": 85, "def": 85, "spa": 85, "spd": 85, "spe": 85}, "ivs": {"hp": 31, "atk": 31, "def": 31, "spa": 31, "spd": 31, "spe": 31}, "item": "Heavy-Duty Boots", "teraType": "Fighting", "role": "Fast Attacker", "bvs": {"hp": 70, "atk": 120, "def": 65, "spa": 45, "spd": 85, "spe": 125}, "stats": {"hp": 240, "atk": 235, "def": 148, "spa": 117, "spd": 180, "spe": 243}, "types": ["Dark", "Ice"]}, "Munkidori": {"name": "Munkidori", "species": "Munkidori", "speciesId": "munkidori", "gender": "M", "shiny": false, "level": 79, "moves": ["psyshock", "nastyplot", "focusblast", "sludgewave"], "ability": "Toxic Chain", "evs": {"hp": 85, "atk": 0, "def": 85, "spa": 85, "spd": 85, "spe": 85}, "ivs": {"hp": 31, "atk": 0, "def": 31, "spa": 31, "spd": 31, "spe": 31}, "item": "Life Orb", "teraType": "Poison", "role": "Fast Attacker", "bvs": {"hp": 88, "atk": 75, "def": 66, "spa": 130, "spd": 90, "spe": 106}, "stats": {"hp": 269, "atk": 123, "def": 150, "spa": 251, "spd": 188, "spe": 213}, "types": ["Poison", "Psychic"]}}, {"Hoopa": {"name": "Hoopa", "species": "Hoopa", "speciesId": "hoopa", "gender": "N", "shiny": false, "level": 85, "moves": ["focusblast", "shadowball", "psyshock", "trick"], "ability": "Magician", "evs": {"hp": 85, "atk": 0, "def": 85, "spa": 85, "spd": 85, "spe": 85}, "ivs": {"hp": 31, "atk": 0, "def": 31, "spa": 31, "spd": 31, "spe": 31}, "item": "Choice Scarf", "teraType": "Ghost", "role": "Fast Attacker", "bvs": {"hp": 80, "atk": 110, "def": 60, "spa": 150, "spd": 130, "spe": 70}, "stats": {"hp": 275, "atk": 192, "def": 151, "spa": 304, "spd": 270, "spe": 168}, "types": ["Psychic", "Ghost"]}, "Magmortar": {"name": "Magmortar", "species": "Magmortar", "speciesId": "magmortar", "gender": "M", "shiny": false, "level": 88, "moves": ["thunderbolt", "fireblast", "focusblast", "scorchingsands"], "ability": "Flame Body", "evs": {"hp": 85, "atk": 0, "def": 85, "spa": 85, "spd": 85, "spe": 85}, "ivs": {"hp": 31, "atk": 0, "def": 31, "spa": 31, "spd": 31, "spe": 31}, "item": "Choice Specs", "teraType": "Electric", "role": "Wallbreaker", "bvs": {"hp": 75, "atk": 95, "def": 67, "spa": 125, "spd": 95, "spe": 83}, "stats": {"hp": 275, "atk": 172, "def": 168, "spa": 270, "spd": 217, "spe": 196}, "types": ["Fire"]}, "Ninetales": {"name": "Ninetales", "species": "Ninetales", "speciesId": "ninetales", "gender": "M", "shiny": false, "level": 85, "moves": ["scorchingsands", "nastyplot", "fireblast", "solarbeam"], "ability": "Drought", "evs": {"hp": 85, "atk": 0, "def": 85, "spa": 85, "spd": 85, "spe": 85}, "ivs": {"hp": 31, "atk": 0, "def": 31, "spa": 31, "spd": 31, "spe": 31}, "item": "Heavy-Duty Boots", "teraType": "Grass", "role": "Setup Sweeper", "bvs": {"hp": 73, "atk": 76, "def": 75, "spa": 81, "spd": 100, "spe": 100}, "stats": {"hp": 263, "atk": 134, "def": 176, "spa": 186, "spd": 219, "spe": 219}, "types": ["Fire"]}, "Vigoroth": {"name": "Vigoroth", "species": "Vigoroth", "speciesId": "vigoroth", "gender": "F", "shiny": false, "level": 85, "moves": ["earthquake", "bodyslam", "slackoff", "bulkup"], "ability": "Vital Spirit", "evs": {"hp": 85, "atk": 85, "def": 85, "spa": 85, "spd": 85, "spe": 85}, "ivs": {"hp": 31, "atk": 31, "def": 31, "spa": 31, "spd": 31, "spe": 31}, "item": "Eviolite", "teraType": "Ground", "role": "Bulky Attacker", "bvs": {"hp": 80, "atk": 80, "def": 80, "spa": 55, "spd": 55, "spe": 90}, "stats": {"hp": 275, "atk": 185, "def": 185, "spa": 142, "spd": 142, "spe": 202}, "types": ["Normal"]}, "Exeggutor": {"name": "Exeggutor", "species": "Exeggutor-Alola", "speciesId": "exeggutoralola", "gender": "F", "shiny": false, "level": 89, "moves": ["flamethrower", "leafstorm", "gigadrain", "dracometeor"], "ability": "Frisk", "evs": {"hp": 85, "atk": 0, "def": 85, "spa": 85, "spd": 85, "spe": 85}, "ivs": {"hp": 31, "atk": 0, "def": 31, "spa": 31, "spd": 31, "spe": 31}, "item": "Choice Specs", "teraType": "Fire", "role": "Wallbreaker", "bvs": {"hp": 95, "atk": 105, "def": 85, "spa": 125, "spd": 75, "spe": 45}, "stats": {"hp": 314, "atk": 191, "def": 202, "spa": 273, "spd": 184, "spe": 131}, "types": ["Grass", "Dragon"]}, "Klefki": {"name": "Klefki", "species": "Klefki", "speciesId": "klefki", "gender": "M", "shiny": false, "level": 84, "moves": ["playrough", "magnetrise", "spikes", "thunderwave"], "ability": "Prankster", "evs": {"hp": 85, "atk": 85, "def": 85, "spa": 85, "spd": 85, "spe": 85}, "ivs": {"hp": 31, "atk": 31, "def": 31, "spa": 31, "spd": 31, "spe": 31}, "item": "Leftovers", "teraType": "Water", "role": "Bulky Support", "bvs": {"hp": 57, "atk": 80, "def": 91, "spa": 80, "spd": 87, "spe": 75}, "stats": {"hp": 233, "atk": 183, "def": 201, "spa": 183, "spd": 194, "spe": 174}, "types": ["Steel", "Fairy"]}}]}