{"id": "gen9randombattle-2641251240", "format": "[Gen 9] Random Battle", "players": ["grabschaender", "notmetbh102"], "log": "|badge|p2|bronze|gen9randombattle|100-9\n|html|<div class=\"broadcast-red\"><strong>This battle is required to be public due to one or more player having a season medal.</strong><br />During the public phase, you can discuss the state of the ladder <a href=\"/seasondiscussion\">in a special chatroom.</a></div>\n|uhtml|medal-msg|<div class=\"broadcast-blue\">Curious what those medals under the avatar are? PS now has Ladder Seasons! For more information, check out the <a href=\"https://www.smogon.com/forums/threads/3740067/\">thread on Smogon.</a></div>\n|j|\u2606grabschaender\n|j|\u2606notmetbh102\n|t:|1782759184\n|gametype|singles\n|player|p1|grabschaender|candice|2264\n|player|p2|notmetbh102|2|2257\n|gen|9\n|tier|[Gen 9] Random Battle\n|rated|\n|rule|Species Clause: Limit one of each Pok\u00e9mon\n|rule|HP Percentage Mod: HP is shown in percentages\n|rule|Sleep Clause Mod: Limit one foe put to sleep\n|rule|Illusion Level Mod: Illusion disguises the Pok\u00e9mon's true level\n|\n|t:|1782759184\n|teamsize|p1|6\n|teamsize|p2|6\n|start\n|switch|p1a: Skuntank|Skuntank, L84, F|310/310\n|switch|p2a: Arceus|Arceus-Fairy, L69|280/280\n|turn|1\n|inactive|Battle timer is ON: inactive players will automatically lose when time's up. (requested by notmetbh102)\n|c|\u2606notmetbh102|hf\n|\n|t:|1782759194\n|switch|p2a: Conkeldurr|Conkeldurr, L80, F|299/299\n|move|p1a: Skuntank|Toxic Spikes|p2a: Conkeldurr\n|-sidestart|p2: notmetbh102|move: Toxic Spikes\n|\n|-status|p2a: Conkeldurr|brn|[from] item: Flame Orb\n|upkeep\n|turn|2\n|\n|t:|1782759201\n|move|p1a: Skuntank|Gunk Shot|p2a: Conkeldurr\n|-damage|p2a: Conkeldurr|173/299 brn\n|move|p2a: Conkeldurr|Close Combat|p1a: Skuntank\n|-damage|p1a: Skuntank|25/310\n|-unboost|p2a: Conkeldurr|def|1\n|-unboost|p2a: Conkeldurr|spd|1\n|\n|-damage|p2a: Conkeldurr|155/299 brn|[from] brn\n|upkeep\n|turn|3\n|\n|t:|1782759207\n|switch|p2a: Pecharunt|Pecharunt, L77|262/262\n|-sideend|p2: notmetbh102|move: Toxic Spikes|[of] p2a: Pecharunt\n|move|p1a: Skuntank|Gunk Shot|p2a: Pecharunt\n|-resisted|p2a: Pecharunt\n|-damage|p2a: Pecharunt|240/262\n|\n|-heal|p2a: Pecharunt|256/262|[from] item: Leftovers\n|upkeep\n|turn|4\n|\n|t:|1782759211\n|move|p1a: Skuntank|Knock Off|p2a: Pecharunt\n|-supereffective|p2a: Pecharunt\n|-damage|p2a: Pecharunt|130/262\n|-enditem|p2a: Pecharunt|Leftovers|[from] move: Knock Off|[of] p1a: Skuntank\n|move|p2a: Pecharunt|Nasty Plot|p2a: Pecharunt\n|-boost|p2a: Pecharunt|spa|2\n|\n|upkeep\n|turn|5\n|\n|t:|1782759213\n|move|p1a: Skuntank|Taunt|p2a: Pecharunt\n|-start|p2a: Pecharunt|move: Taunt\n|cant|p2a: Pecharunt|move: Taunt|Recover\n|\n|upkeep\n|turn|6\n|\n|t:|1782759215\n|move|p1a: Skuntank|Knock Off|p2a: Pecharunt\n|-supereffective|p2a: Pecharunt\n|-damage|p2a: Pecharunt|38/262\n|move|p2a: Pecharunt|Malignant Chain|p1a: Skuntank\n|-resisted|p1a: Skuntank\n|-damage|p1a: Skuntank|0 fnt\n|faint|p1a: Skuntank\n|\n|upkeep\n|\n|t:|1782759221\n|switch|p1a: Mew|Mew, L82|298/298\n|turn|7\n|\n|t:|1782759222\n|move|p1a: Mew|Psychic Fangs|p2a: Pecharunt\n|-supereffective|p2a: Pecharunt\n|-damage|p2a: Pecharunt|0 fnt\n|faint|p2a: Pecharunt\n|-damage|p1a: Mew|269/298|[from] item: Life Orb\n|\n|upkeep\n|\n|t:|1782759223\n|switch|p2a: Blastoise|Blastoise, L80, M|258/258\n|turn|8\n|\n|t:|1782759226\n|switch|p1a: Ludicolo|Ludicolo, L90, M|290/290\n|move|p2a: Blastoise|Shell Smash|p2a: Blastoise\n|-unboost|p2a: Blastoise|def|1\n|-unboost|p2a: Blastoise|spd|1\n|-boost|p2a: Blastoise|atk|2\n|-boost|p2a: Blastoise|spa|2\n|-boost|p2a: Blastoise|spe|2\n|-enditem|p2a: Blastoise|White Herb\n|-clearnegativeboost|p2a: Blastoise|[silent]\n|\n|upkeep\n|turn|9\n|\n|t:|1782759228\n|-terastallize|p2a: Blastoise|Steel\n|move|p2a: Blastoise|Ice Beam|p1a: Ludicolo\n|-damage|p1a: Ludicolo|205/290\n|move|p1a: Ludicolo|Giga Drain|p2a: Blastoise\n|-resisted|p2a: Blastoise\n|-damage|p2a: Blastoise|209/258\n|-heal|p1a: Ludicolo|230/290|[from] drain|[of] p2a: Blastoise\n|-damage|p1a: Ludicolo|201/290|[from] item: Life Orb\n|\n|upkeep\n|turn|10\n|\n|t:|1782759233\n|move|p2a: Blastoise|Shell Smash|p2a: Blastoise\n|-unboost|p2a: Blastoise|def|1\n|-unboost|p2a: Blastoise|spd|1\n|-boost|p2a: Blastoise|atk|2\n|-boost|p2a: Blastoise|spa|2\n|-boost|p2a: Blastoise|spe|2\n|move|p1a: Ludicolo|Rain Dance|p1a: Ludicolo\n|-weather|RainDance\n|\n|-weather|RainDance|[upkeep]\n|upkeep\n|turn|11\n|\n|t:|1782759235\n|move|p2a: Blastoise|Ice Beam|p1a: Ludicolo\n|-damage|p1a: Ludicolo|55/290\n|move|p1a: Ludicolo|Hydro Pump|p2a: Blastoise\n|-damage|p2a: Blastoise|0 fnt\n|faint|p2a: Blastoise\n|-damage|p1a: Ludicolo|26/290|[from] item: Life Orb\n|\n|-weather|RainDance|[upkeep]\n|upkeep\n|\n|t:|1782759236\n|switch|p2a: Shaymin|Shaymin, L82|298/298\n|turn|12\n|\n|t:|1782759242\n|switch|p1a: Dialga|Dialga, L73|266/266\n|-ability|p1a: Dialga|Pressure\n|move|p2a: Shaymin|Synthesis|p2a: Shaymin\n|-fail|p2a: Shaymin|heal\n|\n|-weather|RainDance|[upkeep]\n|upkeep\n|turn|13\n|\n|t:|1782759244\n|move|p2a: Shaymin|Earth Power|p1a: Dialga\n|-supereffective|p1a: Dialga\n|-damage|p1a: Dialga|142/266\n|move|p1a: Dialga|Stealth Rock|p2a: Shaymin\n|-sidestart|p2: notmetbh102|move: Stealth Rock\n|\n|-weather|RainDance|[upkeep]\n|-heal|p1a: Dialga|158/266|[from] item: Leftovers\n|upkeep\n|turn|14\n|\n|t:|1782759247\n|switch|p1a: Ludicolo|Ludicolo, L90, M|26/290\n|move|p2a: Shaymin|Seed Flare|p1a: Ludicolo\n|-damage|p1a: Ludicolo|0 fnt\n|faint|p1a: Ludicolo\n|\n|-weather|none\n|upkeep\n|\n|t:|1782759254\n|switch|p1a: Slaking|Slaking, L84, F|389/389\n|turn|15\n|\n|t:|1782759257\n|switch|p2a: Garganacl|Garganacl, L80, F|291/291\n|-damage|p2a: Garganacl|255/291|[from] Stealth Rock\n|move|p1a: Slaking|Double-Edge|p2a: Garganacl\n|-resisted|p2a: Garganacl\n|-damage|p2a: Garganacl|144/291\n|-damage|p1a: Slaking|352/389|[from] Recoil\n|\n|-heal|p2a: Garganacl|162/291|[from] item: Leftovers\n|upkeep\n|turn|16\n|\n|t:|1782759266\n|switch|p1a: Mew|Mew, L82|269/298\n|move|p2a: Garganacl|Salt Cure|p1a: Mew\n|-damage|p1a: Mew|230/298\n|-start|p1a: Mew|Salt Cure\n|\n|-heal|p2a: Garganacl|180/291|[from] item: Leftovers\n|-damage|p1a: Mew|193/298|[from] Salt Cure\n|upkeep\n|turn|17\n|\n|t:|1782759268\n|move|p1a: Mew|Close Combat|p2a: Garganacl\n|-supereffective|p2a: Garganacl\n|-damage|p2a: Garganacl|14/291\n|-unboost|p1a: Mew|def|1\n|-unboost|p1a: Mew|spd|1\n|-damage|p1a: Mew|164/298|[from] item: Life Orb\n|move|p2a: Garganacl|Recover|p2a: Garganacl\n|-heal|p2a: Garganacl|160/291\n|\n|-heal|p2a: Garganacl|178/291|[from] item: Leftovers\n|-damage|p1a: Mew|127/298|[from] Salt Cure\n|upkeep\n|turn|18\n|\n|t:|1782759271\n|move|p1a: Mew|Close Combat|p2a: Garganacl\n|-supereffective|p2a: Garganacl\n|-damage|p2a: Garganacl|22/291\n|-unboost|p1a: Mew|def|1\n|-unboost|p1a: Mew|spd|1\n|-damage|p1a: Mew|98/298|[from] item: Life Orb\n|move|p2a: Garganacl|Recover|p2a: Garganacl\n|-heal|p2a: Garganacl|168/291\n|\n|-heal|p2a: Garganacl|186/291|[from] item: Leftovers\n|-damage|p1a: Mew|61/298|[from] Salt Cure\n|upkeep\n|turn|19\n|\n|t:|1782759272\n|switch|p2a: Arceus|Arceus-Fairy, L69|280/280\n|-damage|p2a: Arceus|245/280|[from] Stealth Rock\n|move|p1a: Mew|Close Combat|p2a: Arceus\n|-resisted|p2a: Arceus\n|-damage|p2a: Arceus|190/280\n|-unboost|p1a: Mew|def|1\n|-unboost|p1a: Mew|spd|1\n|-damage|p1a: Mew|32/298|[from] item: Life Orb\n|\n|-damage|p1a: Mew|0 fnt|[from] Salt Cure\n|faint|p1a: Mew\n|upkeep\n|\n|t:|1782759275\n|switch|p1a: Feraligatr|Feraligatr, L79, F|264/264\n|turn|20\n|\n|t:|1782759278\n|switch|p2a: Shaymin|Shaymin, L82|298/298\n|-damage|p2a: Shaymin|261/298|[from] Stealth Rock\n|move|p1a: Feraligatr|Dragon Dance|p1a: Feraligatr\n|-boost|p1a: Feraligatr|atk|1\n|-boost|p1a: Feraligatr|spe|1\n|\n|-heal|p2a: Shaymin|279/298|[from] item: Leftovers\n|upkeep\n|turn|21\n|\n|t:|1782759280\n|move|p1a: Feraligatr|Ice Punch|p2a: Shaymin\n|-supereffective|p2a: Shaymin\n|-damage|p2a: Shaymin|53/298\n|move|p2a: Shaymin|Seed Flare|p1a: Feraligatr\n|-supereffective|p1a: Feraligatr\n|-damage|p1a: Feraligatr|0 fnt\n|faint|p1a: Feraligatr\n|\n|-heal|p2a: Shaymin|71/298|[from] item: Leftovers\n|upkeep\n|\n|t:|1782759283\n|switch|p1a: Slaking|Slaking, L84, F|352/389\n|turn|22\n|\n|t:|1782759286\n|move|p1a: Slaking|Knock Off|p2a: Shaymin\n|-damage|p2a: Shaymin|0 fnt\n|-enditem|p2a: Shaymin|Leftovers|[from] move: Knock Off|[of] p1a: Slaking\n|faint|p2a: Shaymin\n|\n|upkeep\n|\n|t:|1782759287\n|switch|p2a: Garganacl|Garganacl, L80, F|186/291\n|-damage|p2a: Garganacl|150/291|[from] Stealth Rock\n|turn|23\n|\n|t:|1782759289\n|cant|p1a: Slaking|ability: Truant\n|move|p2a: Garganacl|Recover|p2a: Garganacl\n|-heal|p2a: Garganacl|291/291\n|\n|upkeep\n|turn|24\n|\n|t:|1782759291\n|move|p1a: Slaking|Knock Off|p2a: Garganacl\n|-damage|p2a: Garganacl|169/291\n|-enditem|p2a: Garganacl|Leftovers|[from] move: Knock Off|[of] p1a: Slaking\n|move|p2a: Garganacl|Stealth Rock|p1a: Slaking\n|-sidestart|p1: grabschaender|move: Stealth Rock\n|\n|upkeep\n|turn|25\n|\n|t:|1782759294\n|switch|p1a: Dialga|Dialga, L73|158/266\n|-damage|p1a: Dialga|142/266|[from] Stealth Rock\n|-ability|p1a: Dialga|Pressure\n|move|p2a: Garganacl|Recover|p2a: Garganacl\n|-heal|p2a: Garganacl|291/291\n|\n|-heal|p1a: Dialga|158/266|[from] item: Leftovers\n|upkeep\n|turn|26\n|\n|t:|1782759298\n|move|p1a: Dialga|Draco Meteor|p2a: Garganacl\n|-damage|p2a: Garganacl|140/291\n|-unboost|p1a: Dialga|spa|2\n|move|p2a: Garganacl|Salt Cure|p1a: Dialga\n|-resisted|p1a: Dialga\n|-damage|p1a: Dialga|141/266\n|-start|p1a: Dialga|Salt Cure\n|\n|-heal|p1a: Dialga|157/266|[from] item: Leftovers\n|-damage|p1a: Dialga|91/266|[from] Salt Cure\n|upkeep\n|turn|27\n|-message|grabschaender forfeited.\n|\n|win|notmetbh102\n|raw|grabschaender's rating: 2264 &rarr; <strong>2244</strong><br />(-20 for losing)\n|raw|notmetbh102's rating: 2257 &rarr; <strong>2277</strong><br />(+20 for winning)\n|c|\u2606notmetbh102|gg\n|l|\u2606grabschaender\n|player|p1|\n", "inputlog": ">version f8ac14003a5f27e1bdc8d8c59608a773c1cb96e5\n>start {\"formatid\":\"gen9randombattle\",\"seed\":\"sodium,18ec43e41c59637b7b8c6184140c1dc5\",\"rated\":\"Rated battle\"}\n>player p1 {\"name\":\"grabschaender\",\"avatar\":\"candice\",\"rating\":2264,\"seed\":\"sodium,c1d35ebed6df1c7e7954368ae0caef3e\"}\n>player p2 {\"name\":\"notmetbh102\",\"avatar\":\"2\",\"rating\":2257,\"seed\":\"sodium,8c24495965e141e9d09332a3f391902d\"}\n>chat \u2606notmetbh102|hf\n>p1 move toxicspikes\n>p2 switch 3\n>p1 move gunkshot\n>p2 move closecombat\n>p1 move gunkshot\n>p2 switch 2\n>p1 move knockoff\n>p2 move nastyplot\n>p1 move taunt\n>p2 move recover\n>p1 move knockoff\n>p2 move malignantchain\n>p1 switch 2\n>p1 move psychicfangs\n>p2 move malignantchain\n>p2 switch 6\n>p1 switch 3\n>p2 move shellsmash\n>p1 move gigadrain\n>p2 move icebeam terastallize\n>p1 move raindance\n>p2 move shellsmash\n>p1 move hydropump\n>p2 move icebeam\n>p2 switch 5\n>p1 switch 4\n>p2 move synthesis\n>p1 move stealthrock\n>p2 move earthpower\n>p1 switch 4\n>p2 move seedflare\n>p1 switch 5\n>p1 move doubleedge\n>p2 switch 4\n>p1 switch 3\n>p2 move saltcure\n>p1 move closecombat\n>p2 move recover\n>p1 move closecombat\n>p2 move recover\n>p1 move closecombat\n>p2 switch 3\n>p1 switch 6\n>p1 move dragondance\n>p2 switch 4\n>p1 move icepunch\n>p2 move seedflare\n>p1 switch 3\n>p1 move knockoff\n>p2 move seedflare\n>p2 switch 3\n>p1 move knockoff\n>p2 move recover\n>p1 move knockoff\n>p2 move stealthrock\n>p1 switch 4\n>p2 move recover\n>p1 move dracometeor\n>p2 move saltcure\n>forcelose p1", "uploadtime": 1782759302, "views": 10, "formatid": "gen9randombattle", "rating": 2244, "private": 0, "password": null, "player_dets": [{"name": "grabschaender", "avatar": "candice", "rating": 2264, "seed": "sodium,c1d35ebed6df1c7e7954368ae0caef3e"}, {"name": "notmetbh102", "avatar": "2", "rating": 2257, "seed": "sodium,8c24495965e141e9d09332a3f391902d"}], "teams_full": [{"Skuntank": {"name": "Skuntank", "species": "Skuntank", "speciesId": "skuntank", "gender": "F", "shiny": false, "level": 84, "moves": ["toxicspikes", "gunkshot", "knockoff", "taunt"], "ability": "Aftermath", "evs": {"hp": 85, "atk": 85, "def": 85, "spa": 85, "spd": 85, "spe": 85}, "ivs": {"hp": 31, "atk": 31, "def": 31, "spa": 31, "spd": 31, "spe": 31}, "item": "Focus Sash", "teraType": "Dark", "role": "Fast Support", "bvs": {"hp": 103, "atk": 93, "def": 67, "spa": 71, "spd": 61, "spe": 84}, "stats": {"hp": 310, "atk": 204, "def": 161, "spa": 167, "spd": 151, "spe": 189}, "types": ["Poison", "Dark"]}, "Mew": {"name": "Mew", "species": "Mew", "speciesId": "mew", "gender": "N", "shiny": false, "level": 82, "moves": ["swordsdance", "psychicfangs", "closecombat", "knockoff"], "ability": "Synchronize", "evs": {"hp": 85, "atk": 85, "def": 85, "spa": 85, "spd": 85, "spe": 85}, "ivs": {"hp": 31, "atk": 31, "def": 31, "spa": 31, "spd": 31, "spe": 31}, "item": "Life Orb", "teraType": "Fighting", "role": "Setup Sweeper", "bvs": {"hp": 100, "atk": 100, "def": 100, "spa": 100, "spd": 100, "spe": 100}, "stats": {"hp": 298, "atk": 211, "def": 211, "spa": 211, "spd": 211, "spe": 211}, "types": ["Psychic"]}, "Ludicolo": {"name": "Ludicolo", "species": "Ludicolo", "speciesId": "ludicolo", "gender": "M", "shiny": false, "level": 90, "moves": ["gigadrain", "hydropump", "icebeam", "raindance"], "ability": "Swift Swim", "evs": {"hp": 85, "atk": 0, "def": 85, "spa": 85, "spd": 85, "spe": 85}, "ivs": {"hp": 31, "atk": 0, "def": 31, "spa": 31, "spd": 31, "spe": 31}, "item": "Life Orb", "teraType": "Steel", "role": "Setup Sweeper", "bvs": {"hp": 80, "atk": 70, "def": 70, "spa": 90, "spd": 100, "spe": 70}, "stats": {"hp": 290, "atk": 131, "def": 177, "spa": 213, "spd": 231, "spe": 177}, "types": ["Water", "Grass"]}, "Dialga": {"name": "Dialga", "species": "Dialga", "speciesId": "dialga", "gender": "N", "shiny": false, "level": 73, "moves": ["stealthrock", "heavyslam", "fireblast", "dracometeor"], "ability": "Pressure", "evs": {"hp": 85, "atk": 85, "def": 85, "spa": 85, "spd": 85, "spe": 85}, "ivs": {"hp": 31, "atk": 31, "def": 31, "spa": 31, "spd": 31, "spe": 31}, "item": "Leftovers", "teraType": "Flying", "role": "Bulky Attacker", "bvs": {"hp": 100, "atk": 120, "def": 120, "spa": 150, "spd": 100, "spe": 90}, "stats": {"hp": 266, "atk": 218, "def": 218, "spa": 261, "spd": 188, "spe": 174}, "types": ["Steel", "Dragon"]}, "Slaking": {"name": "Slaking", "species": "Slaking", "speciesId": "slaking", "gender": "F", "shiny": false, "level": 84, "moves": ["earthquake", "doubleedge", "gigaimpact", "knockoff"], "ability": "Truant", "evs": {"hp": 85, "atk": 85, "def": 85, "spa": 85, "spd": 85, "spe": 85}, "ivs": {"hp": 31, "atk": 31, "def": 31, "spa": 31, "spd": 31, "spe": 31}, "item": "Choice Band", "teraType": "Ground", "role": "Wallbreaker", "bvs": {"hp": 150, "atk": 160, "def": 100, "spa": 95, "spd": 65, "spe": 100}, "stats": {"hp": 389, "atk": 317, "def": 216, "spa": 208, "spd": 157, "spe": 216}, "types": ["Normal"]}, "Feraligatr": {"name": "Feraligatr", "species": "Feraligatr", "speciesId": "feraligatr", "gender": "F", "shiny": false, "level": 79, "moves": ["crunch", "icepunch", "dragondance", "liquidation"], "ability": "Sheer Force", "evs": {"hp": 85, "atk": 85, "def": 85, "spa": 85, "spd": 85, "spe": 85}, "ivs": {"hp": 31, "atk": 31, "def": 31, "spa": 31, "spd": 31, "spe": 31}, "item": "Life Orb", "teraType": "Water", "role": "Fast Bulky Setup", "bvs": {"hp": 85, "atk": 105, "def": 100, "spa": 79, "spd": 83, "spe": 78}, "stats": {"hp": 264, "atk": 211, "def": 204, "spa": 170, "spd": 177, "spe": 169}, "types": ["Water"]}}, {"Arceus": {"name": "Arceus", "species": "Arceus-Fairy", "speciesId": "arceusfairy", "gender": "N", "shiny": false, "level": 69, "moves": ["earthpower", "judgment", "calmmind", "recover"], "ability": "Multitype", "evs": {"hp": 85, "atk": 0, "def": 85, "spa": 85, "spd": 85, "spe": 85}, "ivs": {"hp": 31, "atk": 0, "def": 31, "spa": 31, "spd": 31, "spe": 31}, "item": "Pixie Plate", "teraType": "Ground", "role": "Bulky Setup", "bvs": {"hp": 120, "atk": 120, "def": 120, "spa": 120, "spd": 120, "spe": 120}, "stats": {"hp": 280, "atk": 170, "def": 206, "spa": 206, "spd": 206, "spe": 206}, "types": ["Fairy"]}, "Pecharunt": {"name": "Pecharunt", "species": "Pecharunt", "speciesId": "pecharunt", "gender": "N", "shiny": false, "level": 77, "moves": ["recover", "shadowball", "malignantchain", "nastyplot"], "ability": "Poison Puppeteer", "evs": {"hp": 85, "atk": 0, "def": 85, "spa": 85, "spd": 85, "spe": 85}, "ivs": {"hp": 31, "atk": 0, "def": 31, "spa": 31, "spd": 31, "spe": 31}, "item": "Leftovers", "teraType": "Dark", "role": "Bulky Attacker", "bvs": {"hp": 88, "atk": 88, "def": 160, "spa": 88, "spd": 88, "spe": 88}, "stats": {"hp": 262, "atk": 140, "def": 291, "spa": 180, "spd": 180, "spe": 180}, "types": ["Poison", "Ghost"]}, "Conkeldurr": {"name": "Conkeldurr", "species": "Conkeldurr", "speciesId": "conkeldurr", "gender": "F", "shiny": false, "level": 80, "moves": ["facade", "knockoff", "machpunch", "closecombat"], "ability": "Guts", "evs": {"hp": 85, "atk": 85, "def": 85, "spa": 85, "spd": 85, "spe": 85}, "ivs": {"hp": 31, "atk": 31, "def": 31, "spa": 31, "spd": 31, "spe": 31}, "item": "Flame Orb", "teraType": "Normal", "role": "Wallbreaker", "bvs": {"hp": 105, "atk": 140, "def": 95, "spa": 55, "spd": 65, "spe": 45}, "stats": {"hp": 299, "atk": 270, "def": 198, "spa": 134, "spd": 150, "spe": 118}, "types": ["Fighting"]}, "Garganacl": {"name": "Garganacl", "species": "Garganacl", "speciesId": "garganacl", "gender": "F", "shiny": false, "level": 80, "moves": ["stealthrock", "recover", "saltcure", "earthquake"], "ability": "Purifying Salt", "evs": {"hp": 85, "atk": 85, "def": 85, "spa": 85, "spd": 85, "spe": 85}, "ivs": {"hp": 31, "atk": 31, "def": 31, "spa": 31, "spd": 31, "spe": 31}, "item": "Leftovers", "teraType": "Ghost", "role": "Bulky Attacker", "bvs": {"hp": 100, "atk": 100, "def": 130, "spa": 45, "spd": 90, "spe": 35}, "stats": {"hp": 291, "atk": 206, "def": 254, "spa": 118, "spd": 190, "spe": 102}, "types": ["Rock"]}, "Shaymin": {"name": "Shaymin", "species": "Shaymin", "speciesId": "shaymin", "gender": "N", "shiny": false, "level": 82, "moves": ["synthesis", "seedflare", "airslash", "earthpower"], "ability": "Natural Cure", "evs": {"hp": 85, "atk": 0, "def": 85, "spa": 85, "spd": 85, "spe": 85}, "ivs": {"hp": 31, "atk": 0, "def": 31, "spa": 31, "spd": 31, "spe": 31}, "item": "Leftovers", "teraType": "Ground", "role": "Bulky Attacker", "bvs": {"hp": 100, "atk": 100, "def": 100, "spa": 100, "spd": 100, "spe": 100}, "stats": {"hp": 298, "atk": 169, "def": 211, "spa": 211, "spd": 211, "spe": 211}, "types": ["Grass"]}, "Blastoise": {"name": "Blastoise", "species": "Blastoise", "speciesId": "blastoise", "gender": "M", "shiny": false, "level": 80, "moves": ["hydropump", "shellsmash", "icebeam", "earthquake"], "ability": "Torrent", "evs": {"hp": 85, "atk": 85, "def": 85, "spa": 85, "spd": 85, "spe": 85}, "ivs": {"hp": 31, "atk": 31, "def": 31, "spa": 31, "spd": 31, "spe": 31}, "item": "White Herb", "teraType": "Steel", "role": "Setup Sweeper", "bvs": {"hp": 79, "atk": 83, "def": 100, "spa": 85, "spd": 105, "spe": 78}, "stats": {"hp": 258, "atk": 179, "def": 206, "spa": 182, "spd": 214, "spe": 171}, "types": ["Water"]}}]}