{"id": "gen9randombattle-2641094838", "format": "[Gen 9] Random Battle", "players": ["Marferno", "anateuh"], "log": "|j|\u2606Marferno\n|j|\u2606anateuh\n|t:|1782739660\n|gametype|singles\n|player|p1|Marferno|lucas-gen4pt|1900\n|player|p2|anateuh|169|1902\n|gen|9\n|tier|[Gen 9] Random Battle\n|rated|\n|rule|Species Clause: Limit one of each Pok\u00e9mon\n|rule|HP Percentage Mod: HP is shown in percentages\n|rule|Sleep Clause Mod: Limit one foe put to sleep\n|rule|Illusion Level Mod: Illusion disguises the Pok\u00e9mon's true level\n|\n|t:|1782739660\n|teamsize|p1|6\n|teamsize|p2|6\n|start\n|switch|p1a: Diancie|Diancie, L82|216/216\n|switch|p2a: Magnezone|Magnezone, L85|258/258\n|turn|1\n|inactive|Battle timer is ON: inactive players will automatically lose when time's up. (requested by Marferno)\n|\n|t:|1782739675\n|switch|p1a: Basculegion|Basculegion, L80, M|323/323\n|move|p2a: Magnezone|Volt Switch|p1a: Basculegion\n|-supereffective|p1a: Basculegion\n|-damage|p1a: Basculegion|179/323\n|\n|t:|1782739682\n|switch|p2a: Galvantula|Galvantula, L82, M|249/249|[from] Volt Switch\n|\n|upkeep\n|turn|2\n|\n|t:|1782739695\n|move|p2a: Galvantula|Thunder|p1a: Basculegion\n|-supereffective|p1a: Basculegion\n|-damage|p1a: Basculegion|3/323\n|move|p1a: Basculegion|Wave Crash|p2a: Galvantula\n|-crit|p2a: Galvantula\n|-damage|p2a: Galvantula|0 fnt\n|faint|p2a: Galvantula\n|-damage|p1a: Basculegion|0 fnt|[from] Recoil\n|faint|p1a: Basculegion\n|\n|upkeep\n|\n|t:|1782739709\n|switch|p2a: Magnezone|Magnezone, L85|258/258\n|switch|p1a: Grumpig|Grumpig, L92, F|297/297\n|turn|3\n|\n|t:|1782739720\n|switch|p2a: Munkidori|Munkidori, L79, M|269/269\n|move|p1a: Grumpig|Trick|p2a: Munkidori\n|-activate|p1a: Grumpig|move: Trick|[of] p2a: Munkidori\n|-item|p2a: Munkidori|Choice Scarf|[from] move: Trick\n|-item|p1a: Grumpig|Choice Specs|[from] move: Trick\n|\n|upkeep\n|turn|4\n|\n|t:|1782739735\n|move|p2a: Munkidori|U-turn|p1a: Grumpig\n|-supereffective|p1a: Grumpig\n|-damage|p1a: Grumpig|215/297\n|\n|t:|1782739739\n|switch|p2a: Regice|Regice, L88|284/284|[from] U-turn\n|move|p1a: Grumpig|Psychic|p2a: Regice\n|-damage|p2a: Regice|209/284\n|\n|upkeep\n|turn|5\n|\n|t:|1782739758\n|switch|p1a: Calyrex|Calyrex-Ice, L72|263/263\n|-ability|p1a: Calyrex|As One\n|-ability|p1a: Calyrex|Unnerve\n|move|p2a: Regice|Thunderbolt|p1a: Calyrex\n|-damage|p1a: Calyrex|202/263\n|\n|upkeep\n|turn|6\n|\n|t:|1782739767\n|move|p2a: Regice|Thunderbolt|p1a: Calyrex\n|-damage|p1a: Calyrex|146/263\n|-status|p1a: Calyrex|par\n|move|p1a: Calyrex|Close Combat|p2a: Regice\n|-supereffective|p2a: Regice\n|-damage|p2a: Regice|47/284\n|-unboost|p1a: Calyrex|def|1\n|-unboost|p1a: Calyrex|spd|1\n|\n|upkeep\n|turn|7\n|\n|t:|1782739774\n|move|p2a: Regice|Thunderbolt|p1a: Calyrex\n|-damage|p1a: Calyrex|48/263 par\n|move|p1a: Calyrex|Close Combat|p2a: Regice\n|-supereffective|p2a: Regice\n|-crit|p2a: Regice\n|-damage|p2a: Regice|0 fnt\n|-unboost|p1a: Calyrex|def|1\n|-unboost|p1a: Calyrex|spd|1\n|faint|p2a: Regice\n|-ability|p1a: Calyrex|Chilling Neigh|boost\n|-boost|p1a: Calyrex|atk|1\n|\n|upkeep\n|\n|t:|1782739779\n|switch|p2a: Magnezone|Magnezone, L85|258/258\n|turn|8\n|\n|t:|1782739783\n|move|p2a: Magnezone|Volt Switch|p1a: Calyrex\n|-damage|p1a: Calyrex|0 fnt\n|faint|p1a: Calyrex\n|\n|t:|1782739785\n|switch|p2a: Munkidori|Munkidori, L79, M|269/269|[from] Volt Switch\n|\n|upkeep\n|\n|t:|1782739791\n|switch|p1a: Mightyena|Mightyena, L96, M|290/290\n|-ability|p1a: Mightyena|Intimidate|boost\n|-unboost|p2a: Munkidori|atk|1\n|turn|9\n|\n|t:|1782739795\n|move|p1a: Mightyena|Sucker Punch|p2a: Munkidori\n|-supereffective|p2a: Munkidori\n|-damage|p2a: Munkidori|0 fnt\n|faint|p2a: Munkidori\n|\n|upkeep\n|\n|t:|1782739800\n|switch|p2a: Flygon|Flygon, L82, M|265/265\n|turn|10\n|\n|t:|1782739806\n|switch|p1a: Diancie|Diancie, L82|216/216\n|move|p2a: Flygon|Dragon Dance|p2a: Flygon\n|-boost|p2a: Flygon|atk|1\n|-boost|p2a: Flygon|spe|1\n|\n|upkeep\n|turn|11\n|\n|t:|1782739816\n|-terastallize|p1a: Diancie|Fighting\n|move|p2a: Flygon|Earthquake|p1a: Diancie\n|-damage|p1a: Diancie|116/216\n|move|p1a: Diancie|Moonblast|p2a: Flygon\n|-supereffective|p2a: Flygon\n|-damage|p2a: Flygon|35/265\n|\n|upkeep\n|turn|12\n|\n|t:|1782739826\n|move|p2a: Flygon|Outrage|p1a: Diancie\n|-damage|p1a: Diancie|0 fnt\n|faint|p1a: Diancie\n|\n|upkeep\n|\n|t:|1782739832\n|switch|p1a: Mightyena|Mightyena, L96, M|290/290\n|-ability|p1a: Mightyena|Intimidate|boost\n|-unboost|p2a: Flygon|atk|1\n|turn|13\n|\n|t:|1782739835\n|move|p1a: Mightyena|Sucker Punch|p2a: Flygon\n|-damage|p2a: Flygon|0 fnt\n|faint|p2a: Flygon\n|\n|upkeep\n|\n|t:|1782739838\n|switch|p2a: Groudon|Groudon, L72|263/263\n|-weather|SunnyDay|[from] ability: Drought|[of] p2a: Groudon\n|turn|14\n|\n|t:|1782739842\n|switch|p1a: Grumpig|Grumpig, L92, F|215/297\n|move|p2a: Groudon|Swords Dance|p2a: Groudon\n|-boost|p2a: Groudon|atk|2\n|\n|-weather|SunnyDay|[upkeep]\n|upkeep\n|turn|15\n|\n|t:|1782739850\n|move|p1a: Grumpig|Psychic|p2a: Groudon\n|-damage|p2a: Groudon|71/263\n|move|p2a: Groudon|Precipice Blades|p1a: Grumpig\n|-damage|p1a: Grumpig|0 fnt\n|faint|p1a: Grumpig\n|\n|-weather|SunnyDay|[upkeep]\n|-heal|p2a: Groudon|87/263|[from] item: Leftovers\n|upkeep\n|\n|t:|1782739855\n|switch|p1a: Mightyena|Mightyena, L96, M|290/290\n|-ability|p1a: Mightyena|Intimidate|boost\n|-unboost|p2a: Groudon|atk|1\n|turn|16\n|\n|t:|1782739862\n|switch|p2a: Magnezone|Magnezone, L85|258/258\n|move|p1a: Mightyena|Throat Chop|p2a: Magnezone\n|-damage|p2a: Magnezone|138/258\n|-start|p2a: Magnezone|Throat Chop|[silent]\n|\n|-weather|SunnyDay|[upkeep]\n|upkeep\n|turn|17\n|\n|t:|1782739871\n|move|p2a: Magnezone|Thunderbolt|p1a: Mightyena\n|-damage|p1a: Mightyena|155/290\n|move|p1a: Mightyena|Throat Chop|p2a: Magnezone\n|-damage|p2a: Magnezone|20/258\n|\n|-weather|SunnyDay|[upkeep]\n|-end|p2a: Magnezone|Throat Chop|[silent]\n|upkeep\n|turn|18\n|\n|t:|1782739874\n|move|p2a: Magnezone|Thunderbolt|p1a: Mightyena\n|-damage|p1a: Mightyena|0 fnt\n|faint|p1a: Mightyena\n|\n|-weather|none\n|upkeep\n|\n|t:|1782739877\n|switch|p1a: Sylveon|Sylveon, L85, F|300/300\n|turn|19\n|\n|t:|1782739884\n|move|p2a: Magnezone|Thunderbolt|p1a: Sylveon\n|-damage|p1a: Sylveon|216/300\n|move|p1a: Sylveon|Calm Mind|p1a: Sylveon\n|-boost|p1a: Sylveon|spa|1\n|-boost|p1a: Sylveon|spd|1\n|\n|-heal|p1a: Sylveon|234/300|[from] item: Leftovers\n|upkeep\n|turn|20\n|\n|t:|1782739888\n|switch|p2a: Groudon|Groudon, L72|87/263\n|-weather|SunnyDay|[from] ability: Drought|[of] p2a: Groudon\n|move|p1a: Sylveon|Wish|p1a: Sylveon\n|\n|-weather|SunnyDay|[upkeep]\n|-heal|p2a: Groudon|103/263|[from] item: Leftovers\n|-heal|p1a: Sylveon|252/300|[from] item: Leftovers\n|upkeep\n|turn|21\n|\n|t:|1782739895\n|-terastallize|p2a: Groudon|Fire\n|move|p2a: Groudon|Heat Crash|p1a: Sylveon\n|-damage|p1a: Sylveon|14/300\n|move|p1a: Sylveon|Hyper Voice|p2a: Groudon\n|-resisted|p2a: Groudon\n|-damage|p2a: Groudon|0 fnt\n|faint|p2a: Groudon\n|\n|-weather|SunnyDay|[upkeep]\n|-heal|p1a: Sylveon|164/300|[from] move: Wish|[wisher] Sylveon\n|-heal|p1a: Sylveon|182/300|[from] item: Leftovers\n|upkeep\n|\n|t:|1782739915\n|switch|p2a: Magnezone|Magnezone, L85|20/258\n|turn|22\n|\n|t:|1782739918\n|move|p1a: Sylveon|Protect|p1a: Sylveon\n|-singleturn|p1a: Sylveon|Protect\n|move|p2a: Magnezone|Flash Cannon|p1a: Sylveon\n|-activate|p1a: Sylveon|move: Protect\n|\n|-weather|SunnyDay|[upkeep]\n|-heal|p1a: Sylveon|200/300|[from] item: Leftovers\n|upkeep\n|turn|23\n|\n|t:|1782739921\n|move|p2a: Magnezone|Flash Cannon|p1a: Sylveon\n|-supereffective|p1a: Sylveon\n|-damage|p1a: Sylveon|80/300\n|-unboost|p1a: Sylveon|spd|1\n|move|p1a: Sylveon|Hyper Voice|p2a: Magnezone\n|-resisted|p2a: Magnezone\n|-damage|p2a: Magnezone|0 fnt\n|faint|p2a: Magnezone\n|\n|win|Marferno\n", "inputlog": ">version f8ac14003a5f27e1bdc8d8c59608a773c1cb96e5\n>start {\"formatid\":\"gen9randombattle\",\"seed\":\"sodium,1745a3faa5ff66e6c9eab107d41e4030\",\"rated\":\"Rated battle\"}\n>player p1 {\"name\":\"Marferno\",\"avatar\":\"lucas-gen4pt\",\"rating\":1900,\"seed\":\"sodium,f4ccd68b47b747aa1b13ed3f03970caf\"}\n>player p2 {\"name\":\"anateuh\",\"avatar\":\"169\",\"rating\":1902,\"seed\":\"sodium,4784a3bcf63b7d412d9b3ba49bb5e86c\"}\n>p1 switch 2\n>p2 move voltswitch\n>p2 switch 5\n>p1 move wavecrash\n>p2 move thunder\n>p1 switch 4\n>p2 switch 5\n>p1 move trick\n>p2 switch 4\n>p1 move psychic\n>p2 move uturn\n>p2 switch 6\n>p1 switch 5\n>p2 move thunderbolt\n>p1 move closecombat\n>p2 move thunderbolt\n>p1 move closecombat\n>p2 move thunderbolt\n>p2 switch 4\n>p1 move glaciallance\n>p2 move voltswitch\n>p2 switch 6\n>p1 switch 6\n>p1 move suckerpunch\n>p2 move uturn\n>p2 switch 3\n>p1 switch 2\n>p2 move dragondance\n>p1 move moonblast terastallize\n>p2 move earthquake\n>p1 move bodypress\n>p2 move outrage\n>p1 switch 2\n>p1 move suckerpunch\n>p2 move outrage\n>p2 switch 2\n>p1 switch 5\n>p2 move swordsdance\n>p1 move psychic\n>p2 move precipiceblades\n>p1 switch 5\n>p1 move throatchop\n>p2 switch 6\n>p1 move throatchop\n>p2 move thunderbolt\n>p1 move throatchop\n>p2 move thunderbolt\n>p1 switch 3\n>p1 move calmmind\n>p2 move thunderbolt\n>p1 move wish\n>p2 switch 6\n>p1 move hypervoice\n>p2 move heatcrash terastallize\n>p2 switch 6\n>p1 move protect\n>p2 move flashcannon\n>p1 move hypervoice\n>p2 move flashcannon", "uploadtime": 1782739662, "views": 4, "formatid": "gen9randombattle", "rating": null, "private": 0, "password": null, "player_dets": [{"name": "Marferno", "avatar": "lucas-gen4pt", "rating": 1900, "seed": "sodium,f4ccd68b47b747aa1b13ed3f03970caf"}, {"name": "anateuh", "avatar": "169", "rating": 1902, "seed": "sodium,4784a3bcf63b7d412d9b3ba49bb5e86c"}], "teams_full": [{"Diancie": {"name": "Diancie", "species": "Diancie", "speciesId": "diancie", "gender": "N", "shiny": false, "level": 82, "moves": ["diamondstorm", "moonblast", "bodypress", "earthpower"], "ability": "Clear Body", "evs": {"hp": 85, "atk": 85, "def": 85, "spa": 85, "spd": 85, "spe": 85}, "ivs": {"hp": 31, "atk": 31, "def": 31, "spa": 31, "spd": 31, "spe": 31}, "item": "Assault Vest", "teraType": "Fighting", "role": "Bulky Attacker", "bvs": {"hp": 50, "atk": 100, "def": 150, "spa": 100, "spd": 150, "spe": 50}, "stats": {"hp": 216, "atk": 211, "def": 293, "spa": 211, "spd": 293, "spe": 129}, "types": ["Rock", "Fairy"]}, "Basculegion": {"name": "Basculegion", "species": "Basculegion", "speciesId": "basculegion", "gender": "M", "shiny": false, "level": 80, "moves": ["flipturn", "shadowball", "wavecrash", "aquajet"], "ability": "Adaptability", "evs": {"hp": 85, "atk": 85, "def": 85, "spa": 85, "spd": 85, "spe": 85}, "ivs": {"hp": 31, "atk": 31, "def": 31, "spa": 31, "spd": 31, "spe": 31}, "item": "Assault Vest", "teraType": "Water", "role": "AV Pivot", "bvs": {"hp": 120, "atk": 112, "def": 65, "spa": 80, "spd": 75, "spe": 78}, "stats": {"hp": 323, "atk": 225, "def": 150, "spa": 174, "spd": 166, "spe": 171}, "types": ["Water", "Ghost"]}, "Sylveon": {"name": "Sylveon", "species": "Sylveon", "speciesId": "sylveon", "gender": "F", "shiny": false, "level": 85, "moves": ["wish", "calmmind", "protect", "hypervoice"], "ability": "Pixilate", "evs": {"hp": 85, "atk": 0, "def": 85, "spa": 85, "spd": 85, "spe": 85}, "ivs": {"hp": 31, "atk": 0, "def": 31, "spa": 31, "spd": 31, "spe": 31}, "item": "Leftovers", "teraType": "Steel", "role": "Bulky Setup", "bvs": {"hp": 95, "atk": 65, "def": 65, "spa": 110, "spd": 130, "spe": 60}, "stats": {"hp": 300, "atk": 115, "def": 159, "spa": 236, "spd": 270, "spe": 151}, "types": ["Fairy"]}, "Grumpig": {"name": "Grumpig", "species": "Grumpig", "speciesId": "grumpig", "gender": "F", "shiny": false, "level": 92, "moves": ["psychic", "trick", "focusblast", "shadowball"], "ability": "Thick Fat", "evs": {"hp": 85, "atk": 0, "def": 85, "spa": 85, "spd": 85, "spe": 85}, "ivs": {"hp": 31, "atk": 0, "def": 31, "spa": 31, "spd": 31, "spe": 31}, "item": "Choice Scarf", "teraType": "Psychic", "role": "Bulky Attacker", "bvs": {"hp": 80, "atk": 45, "def": 65, "spa": 90, "spd": 110, "spe": 80}, "stats": {"hp": 297, "atk": 87, "def": 172, "spa": 218, "spd": 255, "spe": 200}, "types": ["Psychic"]}, "Calyrex": {"name": "Calyrex", "species": "Calyrex-Ice", "speciesId": "calyrexice", "gender": "N", "shiny": false, "level": 72, "moves": ["agility", "closecombat", "highhorsepower", "glaciallance"], "ability": "As One (Glastrier)", "evs": {"hp": 85, "atk": 85, "def": 85, "spa": 85, "spd": 85, "spe": 85}, "ivs": {"hp": 31, "atk": 31, "def": 31, "spa": 31, "spd": 31, "spe": 31}, "item": "Weakness Policy", "teraType": "Ground", "role": "Bulky Setup", "bvs": {"hp": 100, "atk": 165, "def": 150, "spa": 85, "spd": 130, "spe": 50}, "stats": {"hp": 263, "atk": 280, "def": 258, "spa": 164, "spd": 229, "spe": 114}, "types": ["Psychic", "Ice"]}, "Mightyena": {"name": "Mightyena", "species": "Mightyena", "speciesId": "mightyena", "gender": "M", "shiny": false, "level": 96, "moves": ["throatchop", "playrough", "suckerpunch", "poisonfang"], "ability": "Intimidate", "evs": {"hp": 85, "atk": 85, "def": 85, "spa": 85, "spd": 85, "spe": 85}, "ivs": {"hp": 31, "atk": 31, "def": 31, "spa": 31, "spd": 31, "spe": 31}, "item": "Choice Band", "teraType": "Fairy", "role": "Bulky Attacker", "bvs": {"hp": 70, "atk": 90, "def": 70, "spa": 60, "spd": 60, "spe": 70}, "stats": {"hp": 290, "atk": 227, "def": 189, "spa": 170, "spd": 170, "spe": 189}, "types": ["Dark"]}}, {"Magnezone": {"name": "Magnezone", "species": "Magnezone", "speciesId": "magnezone", "gender": "N", "shiny": false, "level": 85, "moves": ["voltswitch", "thunderbolt", "bodypress", "flashcannon"], "ability": "Magnet Pull", "evs": {"hp": 85, "atk": 0, "def": 85, "spa": 85, "spd": 85, "spe": 85}, "ivs": {"hp": 31, "atk": 0, "def": 31, "spa": 31, "spd": 31, "spe": 31}, "item": "Choice Scarf", "teraType": "Flying", "role": "Fast Attacker", "bvs": {"hp": 70, "atk": 70, "def": 115, "spa": 130, "spd": 90, "spe": 60}, "stats": {"hp": 258, "atk": 124, "def": 244, "spa": 270, "spd": 202, "spe": 151}, "types": ["Electric", "Steel"]}, "Groudon": {"name": "Groudon", "species": "Groudon", "speciesId": "groudon", "gender": "N", "shiny": false, "level": 72, "moves": ["stoneedge", "heatcrash", "swordsdance", "precipiceblades"], "ability": "Drought", "evs": {"hp": 85, "atk": 85, "def": 85, "spa": 85, "spd": 85, "spe": 85}, "ivs": {"hp": 31, "atk": 31, "def": 31, "spa": 31, "spd": 31, "spe": 31}, "item": "Leftovers", "teraType": "Fire", "role": "Bulky Setup", "bvs": {"hp": 100, "atk": 150, "def": 140, "spa": 100, "spd": 90, "spe": 90}, "stats": {"hp": 263, "atk": 258, "def": 244, "spa": 186, "spd": 172, "spe": 172}, "types": ["Ground"]}, "Flygon": {"name": "Flygon", "species": "Flygon", "speciesId": "flygon", "gender": "M", "shiny": false, "level": 82, "moves": ["stoneedge", "outrage", "dragondance", "earthquake"], "ability": "Levitate", "evs": {"hp": 85, "atk": 85, "def": 85, "spa": 85, "spd": 85, "spe": 85}, "ivs": {"hp": 31, "atk": 31, "def": 31, "spa": 31, "spd": 31, "spe": 31}, "item": "Lum Berry", "teraType": "Steel", "role": "Fast Attacker", "bvs": {"hp": 80, "atk": 100, "def": 80, "spa": 80, "spd": 80, "spe": 100}, "stats": {"hp": 265, "atk": 211, "def": 178, "spa": 178, "spd": 178, "spe": 211}, "types": ["Ground", "Dragon"]}, "Munkidori": {"name": "Munkidori", "species": "Munkidori", "speciesId": "munkidori", "gender": "M", "shiny": false, "level": 79, "moves": ["psyshock", "sludgewave", "uturn", "focusblast"], "ability": "Toxic Chain", "evs": {"hp": 85, "atk": 85, "def": 85, "spa": 85, "spd": 85, "spe": 85}, "ivs": {"hp": 31, "atk": 31, "def": 31, "spa": 31, "spd": 31, "spe": 31}, "item": "Choice Specs", "teraType": "Poison", "role": "Fast Attacker", "bvs": {"hp": 88, "atk": 75, "def": 66, "spa": 130, "spd": 90, "spe": 106}, "stats": {"hp": 269, "atk": 164, "def": 150, "spa": 251, "spd": 188, "spe": 213}, "types": ["Poison", "Psychic"]}, "Galvantula": {"name": "Galvantula", "species": "Galvantula", "speciesId": "galvantula", "gender": "M", "shiny": false, "level": 82, "moves": ["stickyweb", "thunder", "bugbuzz", "energyball"], "ability": "Compound Eyes", "evs": {"hp": 85, "atk": 0, "def": 85, "spa": 85, "spd": 85, "spe": 85}, "ivs": {"hp": 31, "atk": 0, "def": 31, "spa": 31, "spd": 31, "spe": 31}, "item": "Heavy-Duty Boots", "teraType": "Electric", "role": "Fast Support", "bvs": {"hp": 70, "atk": 77, "def": 60, "spa": 97, "spd": 60, "spe": 108}, "stats": {"hp": 249, "atk": 131, "def": 146, "spa": 206, "spd": 146, "spe": 224}, "types": ["Bug", "Electric"]}, "Regice": {"name": "Regice", "species": "Regice", "speciesId": "regice", "gender": "N", "shiny": false, "level": 88, "moves": ["rest", "icebeam", "sleeptalk", "thunderbolt"], "ability": "Clear Body", "evs": {"hp": 85, "atk": 0, "def": 85, "spa": 85, "spd": 85, "spe": 85}, "ivs": {"hp": 31, "atk": 0, "def": 31, "spa": 31, "spd": 31, "spe": 31}, "item": "Heavy-Duty Boots", "teraType": "Electric", "role": "Bulky Attacker", "bvs": {"hp": 80, "atk": 50, "def": 100, "spa": 100, "spd": 200, "spe": 50}, "stats": {"hp": 284, "atk": 93, "def": 226, "spa": 226, "spd": 402, "spe": 138}, "types": ["Ice"]}}]}