{"id": "gen9randombattle-2641714975", "format": "[Gen 9] Random Battle", "players": ["10YearsOld4Life", "leminator13"], "log": "|badge|p1|bronze|gen9randombattle|100-9\n|html|<div class=\"broadcast-red\"><strong>This battle is required to be public due to one or more player having a season medal.</strong><br />During the public phase, you can discuss the state of the ladder <a href=\"/seasondiscussion\">in a special chatroom.</a></div>\n|uhtml|medal-msg|<div class=\"broadcast-blue\">Curious what those medals under the avatar are? PS now has Ladder Seasons! For more information, check out the <a href=\"https://www.smogon.com/forums/threads/3740067/\">thread on Smogon.</a></div>\n|raw|<div class=\"broadcast-blue\"><strong>This battle is required to be public due to a player having a name starting with 'medal'.</div>\n|j|\u260610YearsOld4Life\n|j|\u2606leminator13\n|t:|1782833244\n|gametype|singles\n|player|p1|10YearsOld4Life|ash|2329\n|player|p2|leminator13|266|2275\n|gen|9\n|tier|[Gen 9] Random Battle\n|rated|\n|rule|Species Clause: Limit one of each Pok\u00e9mon\n|rule|HP Percentage Mod: HP is shown in percentages\n|rule|Sleep Clause Mod: Limit one foe put to sleep\n|rule|Illusion Level Mod: Illusion disguises the Pok\u00e9mon's true level\n|\n|t:|1782833244\n|teamsize|p1|6\n|teamsize|p2|6\n|start\n|switch|p1a: Empoleon|Empoleon, L84, F|278/278\n|switch|p2a: Armarouge|Armarouge, L80, F|267/267\n|turn|1\n|\n|t:|1782833272\n|move|p2a: Armarouge|Armor Cannon|p1a: Empoleon\n|-damage|p1a: Empoleon|68/278\n|-unboost|p2a: Armarouge|def|1\n|-unboost|p2a: Armarouge|spd|1\n|move|p1a: Empoleon|Roar|p2a: Armarouge\n|drag|p2a: Sylveon|Sylveon, L85, M|300/300\n|\n|-heal|p1a: Empoleon|85/278|[from] item: Leftovers\n|upkeep\n|turn|2\n|\n|t:|1782833280\n|move|p2a: Sylveon|Calm Mind|p2a: Sylveon\n|-boost|p2a: Sylveon|spa|1\n|-boost|p2a: Sylveon|spd|1\n|move|p1a: Empoleon|Roost|p1a: Empoleon\n|-heal|p1a: Empoleon|224/278\n|-singleturn|p1a: Empoleon|move: Roost\n|\n|-heal|p1a: Empoleon|241/278|[from] item: Leftovers\n|upkeep\n|turn|3\n|\n|t:|1782833283\n|move|p2a: Sylveon|Hyper Voice|p1a: Empoleon\n|-resisted|p1a: Empoleon\n|-damage|p1a: Empoleon|155/278\n|move|p1a: Empoleon|Roar|p2a: Sylveon\n|drag|p2a: Dugtrio|Dugtrio, L84, M|196/196\n|\n|-heal|p1a: Empoleon|172/278|[from] item: Leftovers\n|upkeep\n|turn|4\n|inactive|Battle timer is ON: inactive players will automatically lose when time's up. (requested by leminator13)\n|\n|t:|1782833303\n|move|p2a: Dugtrio|Earthquake|p1a: Empoleon\n|-supereffective|p1a: Empoleon\n|-damage|p1a: Empoleon|0 fnt\n|faint|p1a: Empoleon\n|-damage|p2a: Dugtrio|177/196|[from] item: Life Orb\n|\n|upkeep\n|\n|t:|1782833328\n|switch|p1a: Breloom|Breloom, L83, F|235/235\n|turn|5\n|\n|t:|1782833337\n|switch|p2a: Wyrdeer|Wyrdeer, L87, F|321/321\n|-ability|p2a: Wyrdeer|Intimidate|boost\n|-unboost|p1a: Breloom|atk|1\n|move|p1a: Breloom|Spore|p2a: Wyrdeer\n|-status|p2a: Wyrdeer|slp|[from] move: Spore\n|\n|upkeep\n|turn|6\n|\n|t:|1782833364\n|switch|p2a: Armarouge|Armarouge, L80, F|267/267\n|move|p1a: Breloom|Bullet Seed|p2a: Armarouge\n|-resisted|p2a: Armarouge\n|-damage|p2a: Armarouge|245/267\n|-ability|p2a: Armarouge|Weak Armor|boost\n|-unboost|p2a: Armarouge|def|1\n|-boost|p2a: Armarouge|spe|2\n|-resisted|p2a: Armarouge\n|-damage|p2a: Armarouge|214/267\n|-ability|p2a: Armarouge|Weak Armor|boost\n|-unboost|p2a: Armarouge|def|1\n|-boost|p2a: Armarouge|spe|2\n|-hitcount|p2a: Armarouge|2\n|-damage|p1a: Breloom|212/235|[from] item: Life Orb\n|\n|upkeep\n|turn|7\n|inactive|10YearsOld4Life has 120 seconds left.\n|inactive|10YearsOld4Life has 90 seconds left.\n|\n|t:|1782833410\n|switch|p1a: Hippowdon|Hippowdon, L82, M|311/311\n|-weather|Sandstorm|[from] ability: Sand Stream|[of] p1a: Hippowdon\n|move|p2a: Armarouge|Armor Cannon|p1a: Hippowdon\n|-damage|p1a: Hippowdon|35/311\n|-unboost|p2a: Armarouge|def|1\n|-unboost|p2a: Armarouge|spd|1\n|\n|-weather|Sandstorm|[upkeep]\n|-damage|p2a: Armarouge|198/267|[from] Sandstorm\n|-heal|p1a: Hippowdon|54/311|[from] item: Leftovers\n|upkeep\n|turn|8\n|\n|t:|1782833416\n|move|p2a: Armarouge|Armor Cannon|p1a: Hippowdon\n|-damage|p1a: Hippowdon|0 fnt\n|-unboost|p2a: Armarouge|def|1\n|-unboost|p2a: Armarouge|spd|1\n|faint|p1a: Hippowdon\n|\n|-weather|Sandstorm|[upkeep]\n|-damage|p2a: Armarouge|182/267|[from] Sandstorm\n|upkeep\n|\n|t:|1782833419\n|switch|p1a: Quaquaval|Quaquaval, L79, F|264/264\n|turn|9\n|\n|t:|1782833430\n|switch|p2a: Wyrdeer|Wyrdeer, L87, F|321/321 slp\n|-ability|p2a: Wyrdeer|Intimidate|boost\n|-unboost|p1a: Quaquaval|atk|1\n|move|p1a: Quaquaval|Aqua Step|p2a: Wyrdeer\n|-damage|p2a: Wyrdeer|239/321 slp\n|-boost|p1a: Quaquaval|spe|1\n|-damage|p1a: Quaquaval|238/264|[from] item: Life Orb\n|\n|-weather|Sandstorm|[upkeep]\n|-damage|p1a: Quaquaval|222/264|[from] Sandstorm\n|-damage|p2a: Wyrdeer|219/321 slp|[from] Sandstorm\n|-heal|p2a: Wyrdeer|239/321 slp|[from] item: Leftovers\n|upkeep\n|turn|10\n|\n|t:|1782833440\n|switch|p2a: Sylveon|Sylveon, L85, M|300/300\n|move|p1a: Quaquaval|Swords Dance|p1a: Quaquaval\n|-boost|p1a: Quaquaval|atk|2\n|\n|-weather|Sandstorm|[upkeep]\n|-damage|p1a: Quaquaval|206/264|[from] Sandstorm\n|-damage|p2a: Sylveon|282/300|[from] Sandstorm\n|-heal|p2a: Sylveon|300/300|[from] item: Leftovers\n|upkeep\n|turn|11\n|inactive|leminator13 has 120 seconds left.\n|inactive|10YearsOld4Life has 90 seconds left.\n|inactive|leminator13 has 90 seconds left.\n|\n|t:|1782833508\n|switch|p2a: Wyrdeer|Wyrdeer, L87, F|239/321 slp\n|-ability|p2a: Wyrdeer|Intimidate|boost\n|-unboost|p1a: Quaquaval|atk|1\n|move|p1a: Quaquaval|Swords Dance|p1a: Quaquaval\n|-boost|p1a: Quaquaval|atk|2\n|\n|-weather|none\n|-heal|p2a: Wyrdeer|259/321 slp|[from] item: Leftovers\n|upkeep\n|turn|12\n|inactive|leminator13 has 90 seconds left.\n|inactive|10YearsOld4Life has 60 seconds left.\n|\n|t:|1782833529\n|move|p1a: Quaquaval|Swords Dance|p1a: Quaquaval\n|-boost|p1a: Quaquaval|atk|2\n|cant|p2a: Wyrdeer|slp\n|\n|-heal|p2a: Wyrdeer|279/321 slp|[from] item: Leftovers\n|upkeep\n|turn|13\n|inactive|10YearsOld4Life has 60 seconds left.\n|inactive|leminator13 has 90 seconds left.\n|\n|t:|1782833537\n|move|p1a: Quaquaval|Aqua Step|p2a: Wyrdeer\n|-crit|p2a: Wyrdeer\n|-damage|p2a: Wyrdeer|0 fnt\n|-boost|p1a: Quaquaval|spe|1\n|faint|p2a: Wyrdeer\n|-ability|p1a: Quaquaval|Moxie|boost\n|-boost|p1a: Quaquaval|atk|1\n|-damage|p1a: Quaquaval|180/264|[from] item: Life Orb\n|\n|upkeep\n|inactive|leminator13 has 90 seconds left.\n|-message|leminator13 forfeited.\n|\n|win|10YearsOld4Life\n", "inputlog": ">version f8ac14003a5f27e1bdc8d8c59608a773c1cb96e5\n>start {\"formatid\":\"gen9randombattle\",\"seed\":\"sodium,3ea4f741da982a4a3f0e2b91cbdfd4f1\",\"rated\":\"Rated battle\"}\n>player p1 {\"name\":\"10YearsOld4Life\",\"avatar\":\"ash\",\"rating\":2329,\"seed\":\"sodium,69afb4169ec74a6feca77cd0e0c4e51a\"}\n>player p2 {\"name\":\"leminator13\",\"avatar\":\"266\",\"rating\":2275,\"seed\":\"sodium,f227f440432a15878251eb4f9e3008c8\"}\n>p1 move roar\n>p2 move armorcannon\n>p1 move roost\n>p2 move calmmind\n>p1 move roar\n>p2 move hypervoice\n>p1 move surf\n>p2 move earthquake\n>p1 switch 3\n>p1 move spore\n>p2 switch 4\n>p1 move bulletseed\n>p2 switch 5\n>p1 switch 5\n>p2 move armorcannon\n>p1 move slackoff\n>p2 move armorcannon\n>p1 switch 4\n>p1 move aquastep\n>p2 switch 5\n>p1 move swordsdance\n>p2 switch 2\n>p1 move swordsdance\n>p2 switch 2\n>p1 move swordsdance\n>p2 move psychicnoise\n>p1 move aquastep\n>p2 move thunderwave\n>forcelose p2", "uploadtime": 1782833246, "views": 6, "formatid": "gen9randombattle", "rating": null, "private": 0, "password": null, "player_dets": [{"name": "10YearsOld4Life", "avatar": "ash", "rating": 2329, "seed": "sodium,69afb4169ec74a6feca77cd0e0c4e51a"}, {"name": "leminator13", "avatar": "266", "rating": 2275, "seed": "sodium,f227f440432a15878251eb4f9e3008c8"}], "teams_full": [{"Empoleon": {"name": "Empoleon", "species": "Empoleon", "speciesId": "empoleon", "gender": "F", "shiny": false, "level": 84, "moves": ["icebeam", "surf", "roar", "roost"], "ability": "Competitive", "evs": {"hp": 85, "atk": 0, "def": 85, "spa": 85, "spd": 85, "spe": 85}, "ivs": {"hp": 31, "atk": 0, "def": 31, "spa": 31, "spd": 31, "spe": 31}, "item": "Leftovers", "teraType": "Flying", "role": "Bulky Support", "bvs": {"hp": 84, "atk": 86, "def": 88, "spa": 111, "spd": 101, "spe": 60}, "stats": {"hp": 278, "atk": 149, "def": 196, "spa": 235, "spd": 218, "spe": 149}, "types": ["Water", "Steel"]}, "Tropius": {"name": "Tropius", "species": "Tropius", "speciesId": "tropius", "gender": "M", "shiny": false, "level": 91, "moves": ["earthquake", "dualwingbeat", "dragondance", "leafblade"], "ability": "Harvest", "evs": {"hp": 85, "atk": 85, "def": 85, "spa": 85, "spd": 85, "spe": 85}, "ivs": {"hp": 31, "atk": 31, "def": 31, "spa": 31, "spd": 31, "spe": 31}, "item": "Sitrus Berry", "teraType": "Ground", "role": "Setup Sweeper", "bvs": {"hp": 99, "atk": 68, "def": 83, "spa": 72, "spd": 87, "spe": 51}, "stats": {"hp": 328, "atk": 176, "def": 203, "spa": 183, "spd": 210, "spe": 145}, "types": ["Grass", "Flying"]}, "Breloom": {"name": "Breloom", "species": "Breloom", "speciesId": "breloom", "gender": "F", "shiny": false, "level": 83, "moves": ["bulletseed", "spore", "machpunch", "rocktomb"], "ability": "Technician", "evs": {"hp": 85, "atk": 85, "def": 85, "spa": 85, "spd": 85, "spe": 85}, "ivs": {"hp": 31, "atk": 31, "def": 31, "spa": 31, "spd": 31, "spe": 31}, "item": "Life Orb", "teraType": "Fighting", "role": "Fast Attacker", "bvs": {"hp": 60, "atk": 130, "def": 80, "spa": 60, "spd": 60, "spe": 70}, "stats": {"hp": 235, "atk": 263, "def": 180, "spa": 147, "spd": 147, "spe": 164}, "types": ["Grass", "Fighting"]}, "Quaquaval": {"name": "Quaquaval", "species": "Quaquaval", "speciesId": "quaquaval", "gender": "F", "shiny": false, "level": 79, "moves": ["swordsdance", "tripleaxel", "aquastep", "closecombat"], "ability": "Moxie", "evs": {"hp": 85, "atk": 85, "def": 85, "spa": 85, "spd": 85, "spe": 85}, "ivs": {"hp": 31, "atk": 31, "def": 31, "spa": 31, "spd": 31, "spe": 31}, "item": "Life Orb", "teraType": "Water", "role": "Setup Sweeper", "bvs": {"hp": 85, "atk": 120, "def": 80, "spa": 85, "spd": 75, "spe": 85}, "stats": {"hp": 264, "atk": 235, "def": 172, "spa": 180, "spd": 164, "spe": 180}, "types": ["Water", "Fighting"]}, "Hippowdon": {"name": "Hippowdon", "species": "Hippowdon", "speciesId": "hippowdon", "gender": "M", "shiny": false, "level": 82, "moves": ["slackoff", "stoneedge", "curse", "earthquake"], "ability": "Sand Stream", "evs": {"hp": 85, "atk": 85, "def": 85, "spa": 85, "spd": 85, "spe": 85}, "ivs": {"hp": 31, "atk": 31, "def": 31, "spa": 31, "spd": 31, "spe": 31}, "item": "Leftovers", "teraType": "Steel", "role": "Bulky Setup", "bvs": {"hp": 108, "atk": 112, "def": 118, "spa": 68, "spd": 72, "spe": 47}, "stats": {"hp": 311, "atk": 231, "def": 241, "spa": 159, "spd": 165, "spe": 124}, "types": ["Ground"]}, "Misdreavus": {"name": "Misdreavus", "species": "Misdreavus", "speciesId": "misdreavus", "gender": "F", "shiny": false, "level": 90, "moves": ["calmmind", "shadowball", "willowisp", "drainingkiss"], "ability": "Levitate", "evs": {"hp": 85, "atk": 0, "def": 85, "spa": 85, "spd": 85, "spe": 85}, "ivs": {"hp": 31, "atk": 0, "def": 31, "spa": 31, "spd": 31, "spe": 31}, "item": "Eviolite", "teraType": "Fairy", "role": "Bulky Setup", "bvs": {"hp": 60, "atk": 60, "def": 60, "spa": 85, "spd": 85, "spe": 85}, "stats": {"hp": 254, "atk": 113, "def": 159, "spa": 204, "spd": 204, "spe": 204}, "types": ["Ghost"]}}, {"Armarouge": {"name": "Armarouge", "species": "Armarouge", "speciesId": "armarouge", "gender": "F", "shiny": false, "level": 80, "moves": ["psyshock", "energyball", "armorcannon", "focusblast"], "ability": "Weak Armor", "evs": {"hp": 85, "atk": 0, "def": 85, "spa": 85, "spd": 85, "spe": 85}, "ivs": {"hp": 31, "atk": 0, "def": 31, "spa": 31, "spd": 31, "spe": 31}, "item": "Choice Specs", "teraType": "Fighting", "role": "Wallbreaker", "bvs": {"hp": 85, "atk": 60, "def": 100, "spa": 125, "spd": 80, "spe": 75}, "stats": {"hp": 267, "atk": 101, "def": 206, "spa": 246, "spd": 174, "spe": 166}, "types": ["Fire", "Psychic"]}, "Dugtrio": {"name": "Dugtrio", "species": "Dugtrio", "speciesId": "dugtrio", "gender": "M", "shiny": false, "level": 84, "moves": ["stoneedge", "swordsdance", "suckerpunch", "earthquake"], "ability": "Arena Trap", "evs": {"hp": 85, "atk": 85, "def": 85, "spa": 85, "spd": 85, "spe": 85}, "ivs": {"hp": 31, "atk": 31, "def": 31, "spa": 31, "spd": 31, "spe": 31}, "item": "Life Orb", "teraType": "Ghost", "role": "Fast Support", "bvs": {"hp": 35, "atk": 100, "def": 50, "spa": 50, "spd": 70, "spe": 120}, "stats": {"hp": 196, "atk": 216, "def": 132, "spa": 132, "spd": 166, "spe": 250}, "types": ["Ground"]}, "Yanmega": {"name": "Yanmega", "species": "Yanmega", "speciesId": "yanmega", "gender": "F", "shiny": false, "level": 82, "moves": ["terablast", "bugbuzz", "airslash", "protect"], "ability": "Speed Boost", "evs": {"hp": 85, "atk": 0, "def": 85, "spa": 85, "spd": 85, "spe": 85}, "ivs": {"hp": 31, "atk": 0, "def": 31, "spa": 31, "spd": 31, "spe": 31}, "item": "Heavy-Duty Boots", "teraType": "Ground", "role": "Tera Blast user", "bvs": {"hp": 86, "atk": 76, "def": 86, "spa": 116, "spd": 56, "spe": 95}, "stats": {"hp": 275, "atk": 129, "def": 188, "spa": 237, "spd": 139, "spe": 203}, "types": ["Bug", "Flying"]}, "Wyrdeer": {"name": "Wyrdeer", "species": "Wyrdeer", "speciesId": "wyrdeer", "gender": "F", "shiny": false, "level": 87, "moves": ["bodyslam", "earthquake", "psychicnoise", "thunderwave"], "ability": "Intimidate", "evs": {"hp": 85, "atk": 85, "def": 85, "spa": 85, "spd": 85, "spe": 85}, "ivs": {"hp": 31, "atk": 31, "def": 31, "spa": 31, "spd": 31, "spe": 31}, "item": "Leftovers", "teraType": "Ground", "role": "Bulky Attacker", "bvs": {"hp": 103, "atk": 105, "def": 72, "spa": 105, "spd": 75, "spe": 65}, "stats": {"hp": 321, "atk": 232, "def": 175, "spa": 232, "spd": 180, "spe": 163}, "types": ["Normal", "Psychic"]}, "Sylveon": {"name": "Sylveon", "species": "Sylveon", "speciesId": "sylveon", "gender": "M", "shiny": false, "level": 85, "moves": ["protect", "calmmind", "wish", "hypervoice"], "ability": "Pixilate", "evs": {"hp": 85, "atk": 0, "def": 85, "spa": 85, "spd": 85, "spe": 85}, "ivs": {"hp": 31, "atk": 0, "def": 31, "spa": 31, "spd": 31, "spe": 31}, "item": "Leftovers", "teraType": "Steel", "role": "Bulky Setup", "bvs": {"hp": 95, "atk": 65, "def": 65, "spa": 110, "spd": 130, "spe": 60}, "stats": {"hp": 300, "atk": 115, "def": 159, "spa": 236, "spd": 270, "spe": 151}, "types": ["Fairy"]}, "Houndoom": {"name": "Houndoom", "species": "Houndoom", "speciesId": "houndoom", "gender": "M", "shiny": false, "level": 87, "moves": ["sludgebomb", "fireblast", "nastyplot", "darkpulse"], "ability": "Flash Fire", "evs": {"hp": 85, "atk": 0, "def": 85, "spa": 85, "spd": 85, "spe": 85}, "ivs": {"hp": 31, "atk": 0, "def": 31, "spa": 31, "spd": 31, "spe": 31}, "item": "Heavy-Duty Boots", "teraType": "Fire", "role": "Fast Attacker", "bvs": {"hp": 75, "atk": 90, "def": 50, "spa": 110, "spd": 80, "spe": 95}, "stats": {"hp": 272, "atk": 161, "def": 137, "spa": 241, "spd": 189, "spe": 215}, "types": ["Dark", "Fire"]}}]}