{"id": "gen9randombattle-2641623616", "format": "[Gen 9] Random Battle", "players": ["mnsriddho", "tscher"], "log": "|j|\u2606mnsriddho\n|j|\u2606tscher\n|t:|1782820665\n|gametype|singles\n|player|p1|mnsriddho|101|1675\n|player|p2|tscher|101|1688\n|gen|9\n|tier|[Gen 9] Random Battle\n|rated|\n|rule|Species Clause: Limit one of each Pok\u00e9mon\n|rule|HP Percentage Mod: HP is shown in percentages\n|rule|Sleep Clause Mod: Limit one foe put to sleep\n|rule|Illusion Level Mod: Illusion disguises the Pok\u00e9mon's true level\n|\n|t:|1782820665\n|teamsize|p1|6\n|teamsize|p2|6\n|start\n|switch|p1a: Mismagius|Mismagius, L86, F|243/243\n|switch|p2a: Chi-Yu|Chi-Yu, L77|211/211\n|-ability|p2a: Chi-Yu|Beads of Ruin\n|turn|1\n|inactive|Battle timer is ON: inactive players will automatically lose when time's up. (requested by mnsriddho)\n|l|\u2606mnsriddho\n|inactive|mnsriddho disconnected and has a minute to reconnect!\n|player|p1|\n|inactive|mnsriddho has 30 seconds to reconnect!\n|inactive|mnsriddho has 20 seconds to reconnect!\n|inactive|mnsriddho has 15 seconds to reconnect!\n|j|\u2606mnsriddho\n|inactive|mnsriddho reconnected and has 85 seconds left.\n|player|p1|mnsriddho|101|\n|\n|t:|1782820736\n|switch|p1a: Heatran|Heatran, L79, M|273/273\n|move|p2a: Chi-Yu|Flamethrower|p1a: Heatran\n|-start|p1a: Heatran|ability: Flash Fire\n|\n|upkeep\n|turn|2\n|\n|t:|1782820747\n|switch|p2a: Gardevoir|Gardevoir, L83, M|249/249\n|-ability|p2a: Gardevoir|Flash Fire|Trace|[from] ability: Trace|[of] p1a: Heatran\n|move|p1a: Heatran|Magma Storm|p2a: Gardevoir\n|-start|p2a: Gardevoir|ability: Flash Fire\n|\n|upkeep\n|turn|3\n|l|\u2606mnsriddho\n|inactive|mnsriddho disconnected and has a minute to reconnect!\n|player|p1|\n|\n|t:|1782820772\n|-end|p2a: Gardevoir|ability: Flash Fire|[silent]\n|switch|p2a: Phione|Phione, L91|293/293\n|move|p1a: Heatran|Heavy Slam|p2a: Phione\n|-resisted|p2a: Phione\n|-crit|p2a: Phione\n|-damage|p2a: Phione|211/293\n|\n|-heal|p2a: Phione|229/293|[from] item: Leftovers\n|upkeep\n|turn|4\n|j|\u2606mnsriddho\n|inactive|mnsriddho reconnected and has 135 seconds left.\n|player|p1|mnsriddho|101|\n|\n|t:|1782820799\n|-end|p1a: Heatran|ability: Flash Fire|[silent]\n|switch|p1a: Kricketune|Kricketune, L99, M|312/312\n|move|p2a: Phione|Scald|p1a: Kricketune\n|-damage|p1a: Kricketune|200/312\n|\n|-heal|p2a: Phione|247/293|[from] item: Leftovers\n|upkeep\n|turn|5\n|\n|t:|1782820807\n|switch|p2a: Sandslash|Sandslash-Alola, L88, F|275/275\n|move|p1a: Kricketune|Sticky Web|p2a: Sandslash\n|-sidestart|p2: tscher|move: Sticky Web\n|\n|upkeep\n|turn|6\n|\n|t:|1782820820\n|switch|p1a: Heatran|Heatran, L79, M|273/273\n|move|p2a: Sandslash|Rapid Spin|p1a: Heatran\n|-resisted|p1a: Heatran\n|-damage|p1a: Heatran|254/273\n|-boost|p2a: Sandslash|spe|1\n|-sideend|p2: tscher|Sticky Web|[from] move: Rapid Spin|[of] p2a: Sandslash\n|\n|upkeep\n|turn|7\n|inactive|mnsriddho has 120 seconds left.\n|\n|t:|1782820846\n|switch|p2a: Phione|Phione, L91|247/293\n|switch|p1a: Regirock|Regirock, L83|268/268\n|\n|-heal|p2a: Phione|265/293|[from] item: Leftovers\n|upkeep\n|turn|8\n|\n|t:|1782820855\n|switch|p1a: Kricketune|Kricketune, L99, M|200/312\n|move|p2a: Phione|Take Heart|p2a: Phione\n|-boost|p2a: Phione|spa|1\n|-boost|p2a: Phione|spd|1\n|\n|-heal|p2a: Phione|283/293|[from] item: Leftovers\n|upkeep\n|turn|9\n|\n|t:|1782820864\n|move|p2a: Phione|Take Heart|p2a: Phione\n|-boost|p2a: Phione|spa|1\n|-boost|p2a: Phione|spd|1\n|move|p1a: Kricketune|Sticky Web|p2a: Phione\n|-sidestart|p2: tscher|move: Sticky Web\n|\n|-heal|p2a: Phione|293/293|[from] item: Leftovers\n|upkeep\n|turn|10\n|\n|t:|1782820869\n|move|p2a: Phione|Scald|p1a: Kricketune\n|-damage|p1a: Kricketune|0 fnt\n|faint|p1a: Kricketune\n|\n|upkeep\n|\n|t:|1782820876\n|switch|p1a: Dugtrio|Dugtrio, L84, M|196/196\n|turn|11\n|\n|t:|1782820882\n|move|p1a: Dugtrio|Earthquake|p2a: Phione\n|-damage|p2a: Phione|131/293\n|move|p2a: Phione|Scald|p1a: Dugtrio\n|-supereffective|p1a: Dugtrio\n|-damage|p1a: Dugtrio|0 fnt\n|faint|p1a: Dugtrio\n|\n|-heal|p2a: Phione|149/293|[from] item: Leftovers\n|upkeep\n|\n|t:|1782820891\n|switch|p1a: Mismagius|Mismagius, L86, F|243/243\n|turn|12\n|\n|t:|1782820909\n|move|p1a: Mismagius|Thunderbolt|p2a: Phione\n|-supereffective|p2a: Phione\n|-damage|p2a: Phione|39/293\n|move|p2a: Phione|Scald|p1a: Mismagius\n|-damage|p1a: Mismagius|89/243\n|\n|-heal|p2a: Phione|57/293|[from] item: Leftovers\n|upkeep\n|turn|13\n|\n|t:|1782820915\n|-terastallize|p2a: Phione|Grass\n|move|p1a: Mismagius|Thunderbolt|p2a: Phione\n|-resisted|p2a: Phione\n|-damage|p2a: Phione|30/293\n|move|p2a: Phione|Scald|p1a: Mismagius\n|-damage|p1a: Mismagius|0 fnt\n|faint|p1a: Mismagius\n|\n|-heal|p2a: Phione|48/293|[from] item: Leftovers\n|upkeep\n|\n|t:|1782820919\n|switch|p1a: Oricorio|Oricorio-Pa'u, L87, F|272/272\n|turn|14\n|\n|t:|1782820923\n|move|p1a: Oricorio|Hurricane|p2a: Phione\n|-supereffective|p2a: Phione\n|-damage|p2a: Phione|0 fnt\n|faint|p2a: Phione\n|\n|upkeep\n|l|\u2606mnsriddho\n|inactive|mnsriddho disconnected and has a minute to reconnect!\n|player|p1|\n|j|\u2606mnsriddho\n|inactive|mnsriddho reconnected.\n|player|p1|mnsriddho|101|\n|\n|t:|1782820943\n|switch|p2a: Sandslash|Sandslash-Alola, L88, F|275/275\n|-activate|p2a: Sandslash|move: Sticky Web\n|-unboost|p2a: Sandslash|spe|1\n|turn|15\n|\n|t:|1782820948\n|switch|p1a: Heatran|Heatran, L79, M|254/273\n|move|p2a: Sandslash|Rapid Spin|p1a: Heatran\n|-resisted|p1a: Heatran\n|-damage|p1a: Heatran|235/273\n|-boost|p2a: Sandslash|spe|1\n|-sideend|p2: tscher|Sticky Web|[from] move: Rapid Spin|[of] p2a: Sandslash\n|\n|upkeep\n|turn|16\n|\n|t:|1782820966\n|switch|p2a: Kommo-o|Kommo-o, L78, F|245/245\n|move|p1a: Heatran|Magma Storm|p2a: Kommo-o\n|-resisted|p2a: Kommo-o\n|-damage|p2a: Kommo-o|190/245\n|-activate|p2a: Kommo-o|move: Magma Storm|[of] p1a: Heatran\n|\n|-damage|p2a: Kommo-o|160/245|[from] move: Magma Storm|[partiallytrapped]\n|upkeep\n|turn|17\n|\n|t:|1782820976\n|switch|p1a: Oricorio|Oricorio-Pa'u, L87, F|272/272\n|move|p2a: Kommo-o|Scale Shot|p1a: Oricorio\n|-damage|p1a: Oricorio|245/272\n|-damage|p1a: Oricorio|212/272\n|-damage|p1a: Oricorio|184/272\n|-damage|p1a: Oricorio|156/272\n|-damage|p1a: Oricorio|125/272\n|-hitcount|p1a: Oricorio|5\n|-unboost|p2a: Kommo-o|def|1\n|-boost|p2a: Kommo-o|spe|1\n|\n|-end|p2a: Kommo-o|Magma Storm|[partiallytrapped]|[silent]\n|upkeep\n|turn|18\n|\n|t:|1782820985\n|move|p2a: Kommo-o|Scale Shot|p1a: Oricorio\n|-damage|p1a: Oricorio|95/272\n|-damage|p1a: Oricorio|64/272\n|-damage|p1a: Oricorio|36/272\n|-damage|p1a: Oricorio|5/272\n|-hitcount|p1a: Oricorio|4\n|-unboost|p2a: Kommo-o|def|1\n|-boost|p2a: Kommo-o|spe|1\n|move|p1a: Oricorio|Quiver Dance|p1a: Oricorio\n|-boost|p1a: Oricorio|spa|1\n|-boost|p1a: Oricorio|spd|1\n|-boost|p1a: Oricorio|spe|1\n|\n|upkeep\n|turn|19\n|\n|t:|1782820990\n|move|p2a: Kommo-o|Iron Head|p1a: Oricorio\n|-damage|p1a: Oricorio|0 fnt\n|faint|p1a: Oricorio\n|\n|upkeep\n|\n|t:|1782820993\n|switch|p1a: Regirock|Regirock, L83|268/268\n|turn|20\n|\n|t:|1782821021\n|move|p2a: Kommo-o|Close Combat|p1a: Regirock\n|-supereffective|p1a: Regirock\n|-damage|p1a: Regirock|130/268\n|-unboost|p2a: Kommo-o|def|1\n|-unboost|p2a: Kommo-o|spd|1\n|move|p1a: Regirock|Body Press|p2a: Kommo-o\n|-damage|p2a: Kommo-o|0 fnt\n|faint|p2a: Kommo-o\n|\n|-heal|p1a: Regirock|146/268|[from] item: Leftovers\n|upkeep\n|inactive|tscher has 120 seconds left.\n|\n|t:|1782821035\n|switch|p2a: Electrode|Electrode-Hisui, L87|246/246\n|turn|21\n|\n|t:|1782821041\n|switch|p1a: Heatran|Heatran, L79, M|235/273\n|move|p2a: Electrode|Volt Switch|p1a: Heatran\n|-damage|p1a: Heatran|179/273\n|-damage|p2a: Electrode|222/246|[from] item: Life Orb\n|\n|t:|1782821050\n|switch|p2a: Chi-Yu|Chi-Yu, L77|211/211|[from] Volt Switch\n|-ability|p2a: Chi-Yu|Beads of Ruin\n|\n|upkeep\n|turn|22\n|\n|t:|1782821054\n|move|p2a: Chi-Yu|Dark Pulse|p1a: Heatran\n|-damage|p1a: Heatran|70/273\n|move|p1a: Heatran|Earth Power|p2a: Chi-Yu\n|-supereffective|p2a: Chi-Yu\n|-damage|p2a: Chi-Yu|81/211\n|-unboost|p2a: Chi-Yu|spd|1\n|\n|upkeep\n|turn|23\n|\n|t:|1782821067\n|move|p2a: Chi-Yu|Dark Pulse|p1a: Heatran\n|-damage|p1a: Heatran|0 fnt\n|faint|p1a: Heatran\n|\n|upkeep\n|\n|t:|1782821069\n|switch|p1a: Regirock|Regirock, L83|146/268\n|turn|24\n|\n|t:|1782821078\n|move|p2a: Chi-Yu|Dark Pulse|p1a: Regirock\n|-damage|p1a: Regirock|0 fnt\n|faint|p1a: Regirock\n|\n|win|tscher\n|raw|mnsriddho's rating: 1675 &rarr; <strong>1656</strong><br />(-19 for losing)\n|raw|tscher's rating: 1688 &rarr; <strong>1707</strong><br />(+19 for winning)\n|l|\u2606mnsriddho\n|player|p1|\n", "inputlog": ">version f8ac14003a5f27e1bdc8d8c59608a773c1cb96e5\n>start {\"formatid\":\"gen9randombattle\",\"seed\":\"sodium,e68191916d0d6df3878c4b17afb5686e\",\"rated\":\"Rated battle\"}\n>player p1 {\"name\":\"mnsriddho\",\"avatar\":\"101\",\"rating\":1675,\"seed\":\"sodium,b95bef191585b91054506f7fde1d1bc3\"}\n>player p2 {\"name\":\"tscher\",\"avatar\":\"101\",\"rating\":1688,\"seed\":\"sodium,a66048aa7eb327aba65c1948d8c1f08e\"}\n>p1 switch 6\n>p2 move flamethrower\n>p1 move magmastorm\n>p2 switch 2\n>p1 move heavyslam\n>p2 switch 5\n>p1 switch 5\n>p2 move scald\n>p1 move stickyweb\n>p2 switch 3\n>p1 switch 5\n>p2 move rapidspin\n>p1 switch 3\n>p2 switch 3\n>p1 switch 5\n>p2 move takeheart\n>p1 move stickyweb\n>p2 move takeheart\n>p1 move taunt\n>p2 move scald\n>p1 switch 2\n>p1 move earthquake\n>p2 move scald\n>p1 switch 6\n>p1 move thunderbolt\n>p2 move scald\n>p1 move thunderbolt\n>p2 move scald terastallize\n>p1 switch 4\n>p1 move hurricane\n>p2 move icebeam\n>p2 switch 3\n>p1 switch 3\n>p2 move rapidspin\n>p1 move magmastorm\n>p2 switch 4\n>p1 switch 3\n>p2 move scaleshot\n>p1 move quiverdance\n>p2 move scaleshot\n>p1 move hurricane\n>p2 move ironhead\n>p1 switch 5\n>p1 move bodypress\n>p2 move closecombat\n>p2 switch 6\n>p1 switch 3\n>p2 move voltswitch\n>p2 switch 2\n>p1 move earthpower\n>p2 move darkpulse\n>p1 move earthpower\n>p2 move darkpulse\n>p1 switch 3\n>p1 move bodypress\n>p2 move darkpulse", "uploadtime": 1782821087, "views": 2, "formatid": "gen9randombattle", "rating": 1656, "private": 0, "password": null, "player_dets": [{"name": "mnsriddho", "avatar": "101", "rating": 1675, "seed": "sodium,b95bef191585b91054506f7fde1d1bc3"}, {"name": "tscher", "avatar": "101", "rating": 1688, "seed": "sodium,a66048aa7eb327aba65c1948d8c1f08e"}], "teams_full": [{"Mismagius": {"name": "Mismagius", "species": "Mismagius", "speciesId": "mismagius", "gender": "F", "shiny": false, "level": 86, "moves": ["dazzlinggleam", "shadowball", "trick", "thunderbolt"], "ability": "Levitate", "evs": {"hp": 85, "atk": 0, "def": 85, "spa": 85, "spd": 85, "spe": 85}, "ivs": {"hp": 31, "atk": 0, "def": 31, "spa": 31, "spd": 31, "spe": 31}, "item": "Choice Specs", "teraType": "Electric", "role": "Wallbreaker", "bvs": {"hp": 60, "atk": 60, "def": 60, "spa": 105, "spd": 105, "spe": 105}, "stats": {"hp": 243, "atk": 108, "def": 152, "spa": 230, "spd": 230, "spe": 230}, "types": ["Ghost"]}, "Dugtrio": {"name": "Dugtrio", "species": "Dugtrio", "speciesId": "dugtrio", "gender": "M", "shiny": false, "level": 84, "moves": ["stoneedge", "earthquake", "throatchop", "suckerpunch"], "ability": "Arena Trap", "evs": {"hp": 85, "atk": 85, "def": 85, "spa": 85, "spd": 85, "spe": 85}, "ivs": {"hp": 31, "atk": 31, "def": 31, "spa": 31, "spd": 31, "spe": 31}, "item": "Choice Band", "teraType": "Dark", "role": "Wallbreaker", "bvs": {"hp": 35, "atk": 100, "def": 50, "spa": 50, "spd": 70, "spe": 120}, "stats": {"hp": 196, "atk": 216, "def": 132, "spa": 132, "spd": 166, "spe": 250}, "types": ["Ground"]}, "Regirock": {"name": "Regirock", "species": "Regirock", "speciesId": "regirock", "gender": "N", "shiny": false, "level": 83, "moves": ["thunderwave", "stoneedge", "stealthrock", "bodypress"], "ability": "Clear Body", "evs": {"hp": 85, "atk": 85, "def": 85, "spa": 85, "spd": 85, "spe": 85}, "ivs": {"hp": 31, "atk": 31, "def": 31, "spa": 31, "spd": 31, "spe": 31}, "item": "Leftovers", "teraType": "Fighting", "role": "Bulky Attacker", "bvs": {"hp": 80, "atk": 100, "def": 200, "spa": 50, "spd": 100, "spe": 50}, "stats": {"hp": 268, "atk": 214, "def": 380, "spa": 131, "spd": 214, "spe": 131}, "types": ["Rock"]}, "Oricorio": {"name": "Oricorio", "species": "Oricorio-Pa'u", "speciesId": "oricoriopau", "gender": "F", "shiny": false, "level": 87, "moves": ["quiverdance", "hurricane", "roost", "revelationdance"], "ability": "Dancer", "evs": {"hp": 85, "atk": 0, "def": 85, "spa": 85, "spd": 85, "spe": 85}, "ivs": {"hp": 31, "atk": 0, "def": 31, "spa": 31, "spd": 31, "spe": 31}, "item": "Heavy-Duty Boots", "teraType": "Ground", "role": "Setup Sweeper", "bvs": {"hp": 75, "atk": 70, "def": 70, "spa": 98, "spd": 70, "spe": 93}, "stats": {"hp": 272, "atk": 126, "def": 172, "spa": 220, "spd": 172, "spe": 212}, "types": ["Psychic", "Flying"]}, "Kricketune": {"name": "Kricketune", "species": "Kricketune", "speciesId": "kricketune", "gender": "M", "shiny": false, "level": 99, "moves": ["stickyweb", "taunt", "knockoff", "pounce"], "ability": "Technician", "evs": {"hp": 85, "atk": 85, "def": 85, "spa": 85, "spd": 85, "spe": 85}, "ivs": {"hp": 31, "atk": 31, "def": 31, "spa": 31, "spd": 31, "spe": 31}, "item": "Heavy-Duty Boots", "teraType": "Ghost", "role": "Fast Support", "bvs": {"hp": 77, "atk": 85, "def": 51, "spa": 55, "spd": 51, "spe": 65}, "stats": {"hp": 312, "atk": 224, "def": 157, "spa": 165, "spd": 157, "spe": 185}, "types": ["Bug"]}, "Heatran": {"name": "Heatran", "species": "Heatran", "speciesId": "heatran", "gender": "M", "shiny": false, "level": 79, "moves": ["earthpower", "magmastorm", "lavaplume", "heavyslam"], "ability": "Flash Fire", "evs": {"hp": 85, "atk": 85, "def": 85, "spa": 85, "spd": 85, "spe": 85}, "ivs": {"hp": 31, "atk": 31, "def": 31, "spa": 31, "spd": 31, "spe": 31}, "item": "Assault Vest", "teraType": "Flying", "role": "Bulky Support", "bvs": {"hp": 91, "atk": 90, "def": 106, "spa": 130, "spd": 106, "spe": 77}, "stats": {"hp": 273, "atk": 188, "def": 213, "spa": 251, "spd": 213, "spe": 167}, "types": ["Fire", "Steel"]}}, {"Chi-Yu": {"name": "Chi-Yu", "species": "Chi-Yu", "speciesId": "chiyu", "gender": "N", "shiny": false, "level": 77, "moves": ["flamethrower", "overheat", "darkpulse", "psychic"], "ability": "Beads of Ruin", "evs": {"hp": 85, "atk": 0, "def": 85, "spa": 85, "spd": 85, "spe": 85}, "ivs": {"hp": 31, "atk": 0, "def": 31, "spa": 31, "spd": 31, "spe": 31}, "item": "Choice Specs", "teraType": "Fire", "role": "Fast Attacker", "bvs": {"hp": 55, "atk": 80, "def": 80, "spa": 135, "spd": 120, "spe": 100}, "stats": {"hp": 211, "atk": 128, "def": 168, "spa": 252, "spd": 229, "spe": 199}, "types": ["Dark", "Fire"]}, "Gardevoir": {"name": "Gardevoir", "species": "Gardevoir", "speciesId": "gardevoir", "gender": "M", "shiny": false, "level": 83, "moves": ["focusblast", "psyshock", "mysticalfire", "moonblast"], "ability": "Trace", "evs": {"hp": 85, "atk": 0, "def": 85, "spa": 85, "spd": 85, "spe": 85}, "ivs": {"hp": 31, "atk": 0, "def": 31, "spa": 31, "spd": 31, "spe": 31}, "item": "Choice Scarf", "teraType": "Fire", "role": "Fast Attacker", "bvs": {"hp": 68, "atk": 65, "def": 65, "spa": 125, "spd": 115, "spe": 80}, "stats": {"hp": 249, "atk": 112, "def": 156, "spa": 255, "spd": 239, "spe": 180}, "types": ["Psychic", "Fairy"]}, "Sandslash": {"name": "Sandslash", "species": "Sandslash-Alola", "speciesId": "sandslashalola", "gender": "F", "shiny": false, "level": 88, "moves": ["spikes", "rapidspin", "tripleaxel", "ironhead"], "ability": "Slush Rush", "evs": {"hp": 85, "atk": 85, "def": 85, "spa": 85, "spd": 85, "spe": 85}, "ivs": {"hp": 31, "atk": 31, "def": 31, "spa": 31, "spd": 31, "spe": 31}, "item": "Leftovers", "teraType": "Flying", "role": "Bulky Support", "bvs": {"hp": 75, "atk": 100, "def": 120, "spa": 25, "spd": 65, "spe": 65}, "stats": {"hp": 275, "atk": 226, "def": 261, "spa": 94, "spd": 165, "spe": 165}, "types": ["Ice", "Steel"]}, "Kommo-o": {"name": "Kommo-o", "species": "Kommo-o", "speciesId": "kommoo", "gender": "F", "shiny": false, "level": 78, "moves": ["swordsdance", "ironhead", "closecombat", "scaleshot"], "ability": "Soundproof", "evs": {"hp": 85, "atk": 85, "def": 85, "spa": 85, "spd": 85, "spe": 85}, "ivs": {"hp": 31, "atk": 31, "def": 31, "spa": 31, "spd": 31, "spe": 31}, "item": "Loaded Dice", "teraType": "Steel", "role": "Setup Sweeper", "bvs": {"hp": 75, "atk": 110, "def": 125, "spa": 100, "spd": 105, "spe": 85}, "stats": {"hp": 245, "atk": 217, "def": 240, "spa": 201, "spd": 209, "spe": 178}, "types": ["Dragon", "Fighting"]}, "Phione": {"name": "Phione", "species": "Phione", "speciesId": "phione", "gender": "N", "shiny": false, "level": 91, "moves": ["takeheart", "scald", "grassknot", "icebeam"], "ability": "Hydration", "evs": {"hp": 85, "atk": 0, "def": 85, "spa": 85, "spd": 85, "spe": 85}, "ivs": {"hp": 31, "atk": 0, "def": 31, "spa": 31, "spd": 31, "spe": 31}, "item": "Leftovers", "teraType": "Grass", "role": "Bulky Attacker", "bvs": {"hp": 80, "atk": 80, "def": 80, "spa": 80, "spd": 80, "spe": 80}, "stats": {"hp": 293, "atk": 150, "def": 197, "spa": 197, "spd": 197, "spe": 197}, "types": ["Water"]}, "Electrode": {"name": "Electrode", "species": "Electrode-Hisui", "speciesId": "electrodehisui", "gender": "N", "shiny": false, "level": 87, "moves": ["leafstorm", "thunderbolt", "voltswitch", "taunt"], "ability": "Aftermath", "evs": {"hp": 85, "atk": 0, "def": 85, "spa": 85, "spd": 85, "spe": 85}, "ivs": {"hp": 31, "atk": 0, "def": 31, "spa": 31, "spd": 31, "spe": 31}, "item": "Life Orb", "teraType": "Electric", "role": "Fast Attacker", "bvs": {"hp": 60, "atk": 50, "def": 70, "spa": 80, "spd": 80, "spe": 150}, "stats": {"hp": 246, "atk": 92, "def": 172, "spa": 189, "spd": 189, "spe": 311}, "types": ["Electric", "Grass"]}}]}