{"id": "gen9randombattle-2641654601", "format": "[Gen 9] Random Battle", "players": ["rivertoaster290", "Fillmoesnake"], "log": "|j|\u2606rivertoaster290\n|j|\u2606Fillmoesnake\n|t:|1782825525\n|gametype|singles\n|player|p1|rivertoaster290|musician|2099\n|player|p2|Fillmoesnake|102|2044\n|gen|9\n|tier|[Gen 9] Random Battle\n|rated|\n|rule|Species Clause: Limit one of each Pok\u00e9mon\n|rule|HP Percentage Mod: HP is shown in percentages\n|rule|Sleep Clause Mod: Limit one foe put to sleep\n|rule|Illusion Level Mod: Illusion disguises the Pok\u00e9mon's true level\n|\n|t:|1782825525\n|teamsize|p1|6\n|teamsize|p2|6\n|start\n|switch|p1a: Wyrdeer|Wyrdeer, L87, F|321/321\n|switch|p2a: Mismagius|Mismagius, L86, M|243/243\n|-ability|p1a: Wyrdeer|Intimidate|boost\n|-unboost|p2a: Mismagius|atk|1\n|turn|1\n|\n|t:|1782825541\n|move|p2a: Mismagius|Mystical Fire|p1a: Wyrdeer\n|-damage|p1a: Wyrdeer|219/321\n|-unboost|p1a: Wyrdeer|spa|1\n|move|p1a: Wyrdeer|Psychic Noise|p2a: Mismagius\n|-damage|p2a: Mismagius|188/243\n|-start|p2a: Mismagius|move: Heal Block\n|\n|-heal|p1a: Wyrdeer|239/321|[from] item: Leftovers\n|upkeep\n|turn|2\n|\n|t:|1782825548\n|move|p2a: Mismagius|Mystical Fire|p1a: Wyrdeer\n|-damage|p1a: Wyrdeer|137/321\n|-unboost|p1a: Wyrdeer|spa|1\n|move|p1a: Wyrdeer|Thunder Wave|p2a: Mismagius|[miss]\n|-miss|p1a: Wyrdeer|p2a: Mismagius\n|\n|-heal|p1a: Wyrdeer|157/321|[from] item: Leftovers\n|-end|p2a: Mismagius|move: Heal Block\n|upkeep\n|turn|3\n|\n|t:|1782825555\n|move|p2a: Mismagius|Mystical Fire|p1a: Wyrdeer\n|-damage|p1a: Wyrdeer|54/321\n|-unboost|p1a: Wyrdeer|spa|1\n|move|p1a: Wyrdeer|Thunder Wave|p2a: Mismagius\n|-status|p2a: Mismagius|par\n|\n|-heal|p1a: Wyrdeer|74/321|[from] item: Leftovers\n|upkeep\n|turn|4\n|\n|t:|1782825560\n|switch|p1a: Gliscor|Gliscor, L76, M|239/239\n|cant|p2a: Mismagius|par\n|\n|-status|p1a: Gliscor|tox|[from] item: Toxic Orb\n|upkeep\n|turn|5\n|\n|t:|1782825574\n|switch|p2a: Vileplume|Vileplume, L85, M|266/266\n|move|p1a: Gliscor|Knock Off|p2a: Vileplume\n|-damage|p2a: Vileplume|208/266\n|-enditem|p2a: Vileplume|Leftovers|[from] move: Knock Off|[of] p1a: Gliscor\n|\n|upkeep\n|turn|6\n|\n|t:|1782825583\n|switch|p1a: Azelf|Azelf, L82|257/257\n|move|p2a: Vileplume|Strength Sap|p1a: Azelf\n|-unboost|p1a: Azelf|atk|1\n|-heal|p2a: Vileplume|266/266\n|\n|upkeep\n|turn|7\n|\n|t:|1782825598\n|move|p1a: Azelf|Psychic|p2a: Vileplume\n|-supereffective|p2a: Vileplume\n|-damage|p2a: Vileplume|1/266\n|-damage|p1a: Azelf|232/257|[from] item: Life Orb\n|move|p2a: Vileplume|Sleep Powder|p1a: Azelf\n|-status|p1a: Azelf|slp|[from] move: Sleep Powder\n|\n|upkeep\n|turn|8\n|\n|t:|1782825605\n|cant|p1a: Azelf|slp\n|move|p2a: Vileplume|Giga Drain|p1a: Azelf\n|-damage|p1a: Azelf|123/257 slp\n|-heal|p2a: Vileplume|56/266|[from] drain|[of] p1a: Azelf\n|\n|upkeep\n|turn|9\n|\n|t:|1782825611\n|switch|p2a: Mismagius|Mismagius, L86, M|188/243 par\n|cant|p1a: Azelf|slp\n|\n|upkeep\n|turn|10\n|\n|t:|1782825617\n|switch|p1a: Wyrdeer|Wyrdeer, L87, F|74/321\n|-ability|p1a: Wyrdeer|Intimidate|boost\n|-unboost|p2a: Mismagius|atk|1\n|cant|p2a: Mismagius|par\n|\n|-heal|p1a: Wyrdeer|94/321|[from] item: Leftovers\n|upkeep\n|turn|11\n|\n|t:|1782825623\n|switch|p2a: Flygon|Flygon, L82, M|265/265\n|move|p1a: Wyrdeer|Psychic Noise|p2a: Flygon\n|-damage|p2a: Flygon|169/265\n|-start|p2a: Flygon|move: Heal Block\n|\n|-heal|p1a: Wyrdeer|114/321|[from] item: Leftovers\n|upkeep\n|turn|12\n|\n|t:|1782825632\n|move|p2a: Flygon|Dragon Dance|p2a: Flygon\n|-boost|p2a: Flygon|atk|1\n|-boost|p2a: Flygon|spe|1\n|move|p1a: Wyrdeer|Body Slam|p2a: Flygon\n|-damage|p2a: Flygon|60/265\n|\n|-heal|p1a: Wyrdeer|134/321|[from] item: Leftovers\n|-end|p2a: Flygon|move: Heal Block\n|upkeep\n|turn|13\n|\n|t:|1782825640\n|switch|p1a: Gliscor|Gliscor, L76, M|239/239 tox\n|move|p2a: Flygon|Earthquake|p1a: Gliscor\n|-immune|p1a: Gliscor\n|\n|upkeep\n|turn|14\n|\n|t:|1782825644\n|move|p2a: Flygon|Outrage|p1a: Gliscor\n|-damage|p1a: Gliscor|97/239 tox\n|move|p1a: Gliscor|Knock Off|p2a: Flygon\n|-damage|p2a: Flygon|2/265\n|-enditem|p2a: Flygon|Lum Berry|[from] move: Knock Off|[of] p1a: Gliscor\n|\n|-heal|p1a: Gliscor|126/239 tox|[from] ability: Poison Heal\n|upkeep\n|turn|15\n|\n|t:|1782825649\n|move|p1a: Gliscor|Protect|p1a: Gliscor\n|-singleturn|p1a: Gliscor|Protect\n|move|p2a: Flygon|Outrage|p1a: Gliscor|[from] lockedmove\n|-activate|p1a: Gliscor|move: Protect\n|-start|p2a: Flygon|confusion|[fatigue]\n|\n|-heal|p1a: Gliscor|155/239 tox|[from] ability: Poison Heal\n|upkeep\n|turn|16\n|\n|t:|1782825655\n|switch|p1a: Wyrdeer|Wyrdeer, L87, F|134/321\n|-ability|p1a: Wyrdeer|Intimidate|boost\n|-unboost|p2a: Flygon|atk|1\n|-activate|p2a: Flygon|confusion\n|move|p2a: Flygon|Outrage|p1a: Wyrdeer\n|-damage|p1a: Wyrdeer|0 fnt\n|faint|p1a: Wyrdeer\n|\n|upkeep\n|\n|t:|1782825662\n|switch|p1a: Gliscor|Gliscor, L76, M|155/239 tox\n|turn|17\n|\n|t:|1782825665\n|move|p1a: Gliscor|Protect|p1a: Gliscor\n|-singleturn|p1a: Gliscor|Protect\n|-activate|p2a: Flygon|confusion\n|move|p2a: Flygon|Outrage|p1a: Gliscor|[from] lockedmove\n|-activate|p1a: Gliscor|move: Protect\n|\n|-heal|p1a: Gliscor|184/239 tox|[from] ability: Poison Heal\n|upkeep\n|turn|18\n|\n|t:|1782825669\n|-activate|p2a: Flygon|confusion\n|-damage|p2a: Flygon|0 fnt|[from] confusion\n|faint|p2a: Flygon\n|move|p1a: Gliscor|Knock Off|p2: Flygon|[notarget]\n|-fail|p1a: Gliscor\n|\n|-heal|p1a: Gliscor|213/239 tox|[from] ability: Poison Heal\n|upkeep\n|\n|t:|1782825677\n|switch|p2a: Drifblim|Drifblim, L86, M|396/396\n|turn|19\n|\n|t:|1782825685\n|move|p1a: Gliscor|Toxic|p2a: Drifblim\n|-status|p2a: Drifblim|tox\n|move|p2a: Drifblim|Calm Mind|p2a: Drifblim\n|-boost|p2a: Drifblim|spa|1\n|-boost|p2a: Drifblim|spd|1\n|\n|-heal|p1a: Gliscor|239/239 tox|[from] ability: Poison Heal\n|-damage|p2a: Drifblim|372/396 tox|[from] psn\n|upkeep\n|turn|20\n|\n|t:|1782825691\n|move|p1a: Gliscor|Knock Off|p2a: Drifblim\n|-supereffective|p2a: Drifblim\n|-damage|p2a: Drifblim|188/396 tox\n|-enditem|p2a: Drifblim|Sitrus Berry|[from] move: Knock Off|[of] p1a: Gliscor\n|move|p2a: Drifblim|Strength Sap|p1a: Gliscor\n|-unboost|p1a: Gliscor|atk|1\n|-heal|p2a: Drifblim|376/396 tox\n|\n|-damage|p2a: Drifblim|328/396 tox|[from] psn\n|upkeep\n|turn|21\n|\n|t:|1782825699\n|move|p2a: Drifblim|Calm Mind|p2a: Drifblim\n|-boost|p2a: Drifblim|spa|1\n|-boost|p2a: Drifblim|spd|1\n|move|p1a: Gliscor|Knock Off|p2a: Drifblim\n|-supereffective|p2a: Drifblim\n|-damage|p2a: Drifblim|254/396 tox\n|\n|-damage|p2a: Drifblim|182/396 tox|[from] psn\n|upkeep\n|turn|22\n|\n|t:|1782825708\n|move|p1a: Gliscor|Protect|p1a: Gliscor\n|-singleturn|p1a: Gliscor|Protect\n|move|p2a: Drifblim|Shadow Ball|p1a: Gliscor\n|-activate|p1a: Gliscor|move: Protect\n|\n|-damage|p2a: Drifblim|86/396 tox|[from] psn\n|upkeep\n|turn|23\n|\n|t:|1782825711\n|switch|p1a: Azelf|Azelf, L82|123/257 slp\n|move|p2a: Drifblim|Strength Sap|p1a: Azelf\n|-unboost|p1a: Azelf|atk|1\n|-heal|p2a: Drifblim|296/396 tox\n|\n|-damage|p2a: Drifblim|176/396 tox|[from] psn\n|upkeep\n|turn|24\n|\n|t:|1782825715\n|move|p2a: Drifblim|Shadow Ball|p1a: Azelf\n|-supereffective|p1a: Azelf\n|-damage|p1a: Azelf|0 fnt\n|faint|p1a: Azelf\n|\n|-damage|p2a: Drifblim|32/396 tox|[from] psn\n|upkeep\n|\n|t:|1782825717\n|switch|p1a: Gliscor|Gliscor, L76, M|239/239 tox\n|turn|25\n|\n|t:|1782825719\n|move|p1a: Gliscor|Protect|p1a: Gliscor\n|-singleturn|p1a: Gliscor|Protect\n|move|p2a: Drifblim|Shadow Ball|p1a: Gliscor\n|-activate|p1a: Gliscor|move: Protect\n|\n|-damage|p2a: Drifblim|0 fnt|[from] psn\n|faint|p2a: Drifblim\n|upkeep\n|\n|t:|1782825728\n|switch|p2a: Mismagius|Mismagius, L86, M|188/243 par\n|turn|26\n|\n|t:|1782825740\n|-terastallize|p2a: Mismagius|Fairy\n|move|p1a: Gliscor|Protect||[still]\n|-fail|p1a: Gliscor\n|move|p2a: Mismagius|Dazzling Gleam|p1a: Gliscor\n|-damage|p1a: Gliscor|49/239 tox\n|\n|-heal|p1a: Gliscor|78/239 tox|[from] ability: Poison Heal\n|upkeep\n|turn|27\n|\n|t:|1782825746\n|move|p1a: Gliscor|Protect|p1a: Gliscor\n|-singleturn|p1a: Gliscor|Protect\n|move|p2a: Mismagius|Dazzling Gleam|p1a: Gliscor\n|-activate|p1a: Gliscor|move: Protect\n|\n|-heal|p1a: Gliscor|107/239 tox|[from] ability: Poison Heal\n|upkeep\n|turn|28\n|\n|t:|1782825752\n|switch|p1a: Pecharunt|Pecharunt, L77|262/262\n|move|p2a: Mismagius|Dazzling Gleam|p1a: Pecharunt\n|-resisted|p1a: Pecharunt\n|-damage|p1a: Pecharunt|190/262\n|\n|-heal|p1a: Pecharunt|206/262|[from] item: Leftovers\n|upkeep\n|turn|29\n|\n|t:|1782825759\n|switch|p2a: Vileplume|Vileplume, L85, M|56/266\n|move|p1a: Pecharunt|Malignant Chain|p2a: Vileplume\n|-damage|p2a: Vileplume|0 fnt\n|faint|p2a: Vileplume\n|\n|-heal|p1a: Pecharunt|222/262|[from] item: Leftovers\n|upkeep\n|\n|t:|1782825762\n|switch|p2a: Sneasler|Sneasler, L74, M|240/240\n|turn|30\n|\n|t:|1782825768\n|move|p2a: Sneasler|Swords Dance|p2a: Sneasler\n|-boost|p2a: Sneasler|atk|2\n|move|p1a: Pecharunt|Parting Shot|p2a: Sneasler\n|-unboost|p2a: Sneasler|atk|1\n|-unboost|p2a: Sneasler|spa|1\n|-enditem|p2a: Sneasler|White Herb\n|-clearnegativeboost|p2a: Sneasler|[silent]\n|\n|t:|1782825773\n|switch|p1a: Mudsdale|Mudsdale, L83, M|302/302|[from] Parting Shot\n|\n|upkeep\n|turn|31\n|\n|t:|1782825779\n|move|p2a: Sneasler|Close Combat|p1a: Mudsdale\n|-damage|p1a: Mudsdale|136/302\n|-unboost|p2a: Sneasler|def|1\n|-unboost|p2a: Sneasler|spd|1\n|-ability|p1a: Mudsdale|Stamina|boost\n|-boost|p1a: Mudsdale|def|1\n|move|p1a: Mudsdale|Earthquake|p2a: Sneasler\n|-supereffective|p2a: Sneasler\n|-damage|p2a: Sneasler|0 fnt\n|faint|p2a: Sneasler\n|\n|-heal|p1a: Mudsdale|154/302|[from] item: Leftovers\n|upkeep\n|\n|t:|1782825784\n|switch|p2a: Mismagius|Mismagius, L86, M, tera:Fairy|188/243 par\n|turn|32\n|\n|t:|1782825798\n|move|p2a: Mismagius|Shadow Ball|p1a: Mudsdale\n|-damage|p1a: Mudsdale|10/302\n|-ability|p1a: Mudsdale|Stamina|boost\n|-boost|p1a: Mudsdale|def|1\n|move|p1a: Mudsdale|Heavy Slam|p2a: Mismagius\n|-supereffective|p2a: Mismagius\n|-damage|p2a: Mismagius|0 fnt\n|faint|p2a: Mismagius\n|\n|-heal|p1a: Mudsdale|28/302|[from] item: Leftovers\n|upkeep\n|\n|t:|1782825803\n|switch|p2a: Zacian|Zacian, L69|241/241\n|-ability|p2a: Zacian|Intrepid Sword|boost\n|-boost|p2a: Zacian|atk|1\n|turn|33\n|\n|t:|1782825806\n|move|p2a: Zacian|Play Rough|p1a: Mudsdale\n|-damage|p1a: Mudsdale|0 fnt\n|faint|p1a: Mudsdale\n|-damage|p2a: Zacian|217/241|[from] item: Life Orb\n|\n|upkeep\n|\n|t:|1782825811\n|switch|p1a: Pecharunt|Pecharunt, L77|222/262\n|turn|34\n|\n|t:|1782825813\n|move|p2a: Zacian|Crunch|p1a: Pecharunt\n|-supereffective|p1a: Pecharunt\n|-damage|p1a: Pecharunt|105/262\n|-damage|p2a: Zacian|193/241|[from] item: Life Orb\n|move|p1a: Pecharunt|Malignant Chain|p2a: Zacian\n|-supereffective|p2a: Zacian\n|-damage|p2a: Zacian|35/241\n|-status|p2a: Zacian|tox\n|-start|p2a: Zacian|confusion|[from] ability: Poison Puppeteer|[of] p1a: Pecharunt\n|\n|-heal|p1a: Pecharunt|121/262|[from] item: Leftovers\n|-damage|p2a: Zacian|20/241 tox|[from] psn\n|upkeep\n|turn|35\n|\n|t:|1782825818\n|-activate|p2a: Zacian|confusion\n|move|p2a: Zacian|Swords Dance|p2a: Zacian\n|-boost|p2a: Zacian|atk|2\n|move|p1a: Pecharunt|Parting Shot|p2a: Zacian\n|-unboost|p2a: Zacian|atk|1\n|-unboost|p2a: Zacian|spa|1\n|\n|t:|1782825820\n|switch|p1a: Gliscor|Gliscor, L76, M|107/239 tox|[from] Parting Shot\n|\n|-damage|p2a: Zacian|0 fnt|[from] psn\n|faint|p2a: Zacian\n|\n|win|rivertoaster290\n", "inputlog": ">version f8ac14003a5f27e1bdc8d8c59608a773c1cb96e5\n>start {\"formatid\":\"gen9randombattle\",\"seed\":\"sodium,6743fa2d3fde63d767d882207df2d164\",\"rated\":\"Rated battle\"}\n>player p1 {\"name\":\"rivertoaster290\",\"avatar\":\"musician\",\"rating\":2099,\"seed\":\"sodium,550fd28c166a1dd7ce45bfa27ad7d7a9\"}\n>player p2 {\"name\":\"Fillmoesnake\",\"avatar\":\"102\",\"rating\":2044,\"seed\":\"sodium,4d05a97555cdc1f4ce443c1cc933889a\"}\n>p1 move psychicnoise\n>p2 move mysticalfire\n>p1 move thunderwave\n>p2 move mysticalfire\n>p1 move thunderwave\n>p2 move mysticalfire\n>p1 switch 4\n>p2 move mysticalfire\n>p1 move knockoff\n>p2 switch 5\n>p1 switch 6\n>p2 move strengthsap\n>p1 move psychic\n>p2 move sleeppowder\n>p1 move psychic\n>p2 move gigadrain\n>p1 move psychic\n>p2 switch 5\n>p1 switch 4\n>p2 move shadowball\n>p1 move psychicnoise\n>p2 switch 3\n>p1 move bodyslam\n>p2 move dragondance\n>p1 switch 6\n>p2 move earthquake\n>p1 move knockoff\n>p2 move outrage\n>p1 move protect\n>p2 move outrage\n>p1 switch 6\n>p2 move outrage\n>p1 switch 6\n>p1 move protect\n>p2 move outrage\n>p1 move knockoff\n>p2 move outrage\n>p2 switch 2\n>p1 move toxic\n>p2 move calmmind\n>p1 move knockoff\n>p2 move strengthsap\n>p1 move knockoff\n>p2 move calmmind\n>p1 move protect\n>p2 move shadowball\n>p1 switch 4\n>p2 move strengthsap\n>p1 move nastyplot\n>p2 move shadowball\n>p1 switch 4\n>p1 move protect\n>p2 move shadowball\n>p2 switch 3\n>p1 move protect\n>p2 move dazzlinggleam terastallize\n>p1 move protect\n>p2 move dazzlinggleam\n>p1 switch 5\n>p2 move dazzlinggleam\n>p1 move malignantchain\n>p2 switch 5\n>p2 switch 6\n>p1 move partingshot\n>p2 move swordsdance\n>p1 switch 3\n>p1 move earthquake\n>p2 move closecombat\n>p2 switch 5\n>p1 move heavyslam\n>p2 move shadowball\n>p2 switch 4\n>p1 move heavyslam\n>p2 move playrough\n>p1 switch 3\n>p1 move malignantchain\n>p2 move crunch\n>p1 move partingshot\n>p2 move swordsdance\n>p1 switch 5", "uploadtime": 1782825527, "views": 8, "formatid": "gen9randombattle", "rating": null, "private": 0, "password": null, "player_dets": [{"name": "rivertoaster290", "avatar": "musician", "rating": 2099, "seed": "sodium,550fd28c166a1dd7ce45bfa27ad7d7a9"}, {"name": "Fillmoesnake", "avatar": "102", "rating": 2044, "seed": "sodium,4d05a97555cdc1f4ce443c1cc933889a"}], "teams_full": [{"Wyrdeer": {"name": "Wyrdeer", "species": "Wyrdeer", "speciesId": "wyrdeer", "gender": "F", "shiny": false, "level": 87, "moves": ["psychicnoise", "thunderwave", "earthquake", "bodyslam"], "ability": "Intimidate", "evs": {"hp": 85, "atk": 85, "def": 85, "spa": 85, "spd": 85, "spe": 85}, "ivs": {"hp": 31, "atk": 31, "def": 31, "spa": 31, "spd": 31, "spe": 31}, "item": "Leftovers", "teraType": "Ground", "role": "Bulky Attacker", "bvs": {"hp": 103, "atk": 105, "def": 72, "spa": 105, "spd": 75, "spe": 65}, "stats": {"hp": 321, "atk": 232, "def": 175, "spa": 232, "spd": 180, "spe": 163}, "types": ["Normal", "Psychic"]}, "Volcarona": {"name": "Volcarona", "species": "Volcarona", "speciesId": "volcarona", "gender": "M", "shiny": false, "level": 77, "moves": ["quiverdance", "gigadrain", "bugbuzz", "fierydance"], "ability": "Swarm", "evs": {"hp": 85, "atk": 0, "def": 85, "spa": 85, "spd": 85, "spe": 85}, "ivs": {"hp": 31, "atk": 0, "def": 31, "spa": 31, "spd": 31, "spe": 31}, "item": "Heavy-Duty Boots", "teraType": "Fire", "role": "Fast Bulky Setup", "bvs": {"hp": 85, "atk": 60, "def": 65, "spa": 135, "spd": 105, "spe": 100}, "stats": {"hp": 257, "atk": 97, "def": 145, "spa": 252, "spd": 206, "spe": 199}, "types": ["Bug", "Fire"]}, "Mudsdale": {"name": "Mudsdale", "species": "Mudsdale", "speciesId": "mudsdale", "gender": "M", "shiny": false, "level": 83, "moves": ["stoneedge", "earthquake", "stealthrock", "heavyslam"], "ability": "Stamina", "evs": {"hp": 85, "atk": 85, "def": 85, "spa": 85, "spd": 85, "spe": 85}, "ivs": {"hp": 31, "atk": 31, "def": 31, "spa": 31, "spd": 31, "spe": 31}, "item": "Leftovers", "teraType": "Steel", "role": "Bulky Attacker", "bvs": {"hp": 100, "atk": 125, "def": 100, "spa": 55, "spd": 85, "spe": 35}, "stats": {"hp": 302, "atk": 255, "def": 214, "spa": 139, "spd": 189, "spe": 106}, "types": ["Ground"]}, "Gliscor": {"name": "Gliscor", "species": "Gliscor", "speciesId": "gliscor", "gender": "M", "shiny": false, "level": 76, "moves": ["earthquake", "toxic", "knockoff", "protect"], "ability": "Poison Heal", "evs": {"hp": 85, "atk": 85, "def": 85, "spa": 85, "spd": 85, "spe": 85}, "ivs": {"hp": 31, "atk": 31, "def": 31, "spa": 31, "spd": 31, "spe": 31}, "item": "Toxic Orb", "teraType": "Water", "role": "Bulky Support", "bvs": {"hp": 75, "atk": 95, "def": 125, "spa": 45, "spd": 75, "spe": 95}, "stats": {"hp": 239, "atk": 188, "def": 234, "spa": 112, "spd": 158, "spe": 188}, "types": ["Ground", "Flying"]}, "Pecharunt": {"name": "Pecharunt", "species": "Pecharunt", "speciesId": "pecharunt", "gender": "N", "shiny": false, "level": 77, "moves": ["partingshot", "shadowball", "malignantchain", "recover"], "ability": "Poison Puppeteer", "evs": {"hp": 85, "atk": 0, "def": 85, "spa": 85, "spd": 85, "spe": 85}, "ivs": {"hp": 31, "atk": 0, "def": 31, "spa": 31, "spd": 31, "spe": 31}, "item": "Leftovers", "teraType": "Dark", "role": "Bulky Attacker", "bvs": {"hp": 88, "atk": 88, "def": 160, "spa": 88, "spd": 88, "spe": 88}, "stats": {"hp": 262, "atk": 140, "def": 291, "spa": 180, "spd": 180, "spe": 180}, "types": ["Poison", "Ghost"]}, "Azelf": {"name": "Azelf", "species": "Azelf", "speciesId": "azelf", "gender": "N", "shiny": false, "level": 82, "moves": ["dazzlinggleam", "fireblast", "psychic", "nastyplot"], "ability": "Levitate", "evs": {"hp": 85, "atk": 0, "def": 85, "spa": 85, "spd": 85, "spe": 85}, "ivs": {"hp": 31, "atk": 0, "def": 31, "spa": 31, "spd": 31, "spe": 31}, "item": "Life Orb", "teraType": "Fire", "role": "Fast Attacker", "bvs": {"hp": 75, "atk": 125, "def": 70, "spa": 125, "spd": 70, "spe": 115}, "stats": {"hp": 257, "atk": 210, "def": 162, "spa": 252, "spd": 162, "spe": 236}, "types": ["Psychic"]}}, {"Mismagius": {"name": "Mismagius", "species": "Mismagius", "speciesId": "mismagius", "gender": "M", "shiny": false, "level": 86, "moves": ["energyball", "dazzlinggleam", "shadowball", "mysticalfire"], "ability": "Levitate", "evs": {"hp": 85, "atk": 0, "def": 85, "spa": 85, "spd": 85, "spe": 85}, "ivs": {"hp": 31, "atk": 0, "def": 31, "spa": 31, "spd": 31, "spe": 31}, "item": "Choice Specs", "teraType": "Fairy", "role": "Wallbreaker", "bvs": {"hp": 60, "atk": 60, "def": 60, "spa": 105, "spd": 105, "spe": 105}, "stats": {"hp": 243, "atk": 108, "def": 152, "spa": 230, "spd": 230, "spe": 230}, "types": ["Ghost"]}, "Drifblim": {"name": "Drifblim", "species": "Drifblim", "speciesId": "drifblim", "gender": "M", "shiny": false, "level": 86, "moves": ["shadowball", "strengthsap", "airslash", "calmmind"], "ability": "Unburden", "evs": {"hp": 73, "atk": 0, "def": 85, "spa": 85, "spd": 85, "spe": 85}, "ivs": {"hp": 31, "atk": 0, "def": 31, "spa": 31, "spd": 31, "spe": 31}, "item": "Sitrus Berry", "teraType": "Fairy", "role": "Bulky Attacker", "bvs": {"hp": 150, "atk": 80, "def": 44, "spa": 90, "spd": 54, "spe": 80}, "stats": {"hp": 396, "atk": 142, "def": 125, "spa": 204, "spd": 142, "spe": 187}, "types": ["Ghost", "Flying"]}, "Flygon": {"name": "Flygon", "species": "Flygon", "speciesId": "flygon", "gender": "M", "shiny": false, "level": 82, "moves": ["stoneedge", "dragondance", "outrage", "earthquake"], "ability": "Levitate", "evs": {"hp": 85, "atk": 85, "def": 85, "spa": 85, "spd": 85, "spe": 85}, "ivs": {"hp": 31, "atk": 31, "def": 31, "spa": 31, "spd": 31, "spe": 31}, "item": "Lum Berry", "teraType": "Steel", "role": "Fast Attacker", "bvs": {"hp": 80, "atk": 100, "def": 80, "spa": 80, "spd": 80, "spe": 100}, "stats": {"hp": 265, "atk": 211, "def": 178, "spa": 178, "spd": 178, "spe": 211}, "types": ["Ground", "Dragon"]}, "Zacian": {"name": "Zacian", "species": "Zacian", "speciesId": "zacian", "gender": "N", "shiny": false, "level": 69, "moves": ["playrough", "crunch", "closecombat", "swordsdance"], "ability": "Intrepid Sword", "evs": {"hp": 85, "atk": 85, "def": 85, "spa": 85, "spd": 85, "spe": 85}, "ivs": {"hp": 31, "atk": 31, "def": 31, "spa": 31, "spd": 31, "spe": 31}, "item": "Life Orb", "teraType": "Fighting", "role": "Fast Attacker", "bvs": {"hp": 92, "atk": 120, "def": 115, "spa": 80, "spd": 115, "spe": 138}, "stats": {"hp": 241, "atk": 206, "def": 199, "spa": 151, "spd": 199, "spe": 231}, "types": ["Fairy"]}, "Vileplume": {"name": "Vileplume", "species": "Vileplume", "speciesId": "vileplume", "gender": "M", "shiny": false, "level": 85, "moves": ["gigadrain", "strengthsap", "sludgebomb", "sleeppowder"], "ability": "Effect Spore", "evs": {"hp": 85, "atk": 0, "def": 85, "spa": 85, "spd": 85, "spe": 85}, "ivs": {"hp": 31, "atk": 0, "def": 31, "spa": 31, "spd": 31, "spe": 31}, "item": "Leftovers", "teraType": "Steel", "role": "Bulky Attacker", "bvs": {"hp": 75, "atk": 80, "def": 85, "spa": 110, "spd": 90, "spe": 50}, "stats": {"hp": 266, "atk": 141, "def": 193, "spa": 236, "spd": 202, "spe": 134}, "types": ["Grass", "Poison"]}, "Sneasler": {"name": "Sneasler", "species": "Sneasler", "speciesId": "sneasler", "gender": "M", "shiny": false, "level": 74, "moves": ["acrobatics", "closecombat", "swordsdance", "gunkshot"], "ability": "Unburden", "evs": {"hp": 85, "atk": 85, "def": 85, "spa": 85, "spd": 85, "spe": 85}, "ivs": {"hp": 31, "atk": 31, "def": 31, "spa": 31, "spd": 31, "spe": 31}, "item": "White Herb", "teraType": "Flying", "role": "Setup Sweeper", "bvs": {"hp": 80, "atk": 130, "def": 60, "spa": 40, "spd": 80, "spe": 120}, "stats": {"hp": 240, "atk": 235, "def": 132, "spa": 102, "spd": 161, "spe": 221}, "types": ["Fighting", "Poison"]}}]}