{"id": "gen9randombattle-2641090525", "format": "[Gen 9] Random Battle", "players": ["mrongey10", "MasterJ007"], "log": "|badge|p2|bronze|gen9randombattle|100-9\n|html|<div class=\"broadcast-red\"><strong>This battle is required to be public due to one or more player having a season medal.</strong><br />During the public phase, you can discuss the state of the ladder <a href=\"/seasondiscussion\">in a special chatroom.</a></div>\n|uhtml|medal-msg|<div class=\"broadcast-blue\">Curious what those medals under the avatar are? PS now has Ladder Seasons! For more information, check out the <a href=\"https://www.smogon.com/forums/threads/3740067/\">thread on Smogon.</a></div>\n|j|\u203dmrongey10\n|j|\u2606MasterJ007\n|t:|1782739047\n|gametype|singles\n|player|p1|mrongey10|1|2181\n|player|p2|MasterJ007|#rbtt7teamsuicune|2306\n|gen|9\n|tier|[Gen 9] Random Battle\n|rated|\n|rule|Species Clause: Limit one of each Pok\u00e9mon\n|rule|HP Percentage Mod: HP is shown in percentages\n|rule|Sleep Clause Mod: Limit one foe put to sleep\n|rule|Illusion Level Mod: Illusion disguises the Pok\u00e9mon's true level\n|\n|t:|1782739047\n|teamsize|p1|6\n|teamsize|p2|6\n|start\n|switch|p1a: Arboliva|Arboliva, L91, M|290/290\n|switch|p2a: Haxorus|Haxorus, L77, F|244/244\n|-ability|p2a: Haxorus|Mold Breaker\n|turn|1\n|inactive|Battle timer is ON: inactive players will automatically lose when time's up. (requested by MasterJ007)\n|\n|t:|1782739065\n|switch|p2a: Bronzong|Bronzong, L88|261/261\n|move|p1a: Arboliva|Hyper Voice|p2a: Bronzong\n|-resisted|p2a: Bronzong\n|-damage|p2a: Bronzong|204/261\n|\n|-heal|p2a: Bronzong|220/261|[from] item: Leftovers\n|upkeep\n|turn|2\n|\n|t:|1782739078\n|switch|p1a: Annihilape|Annihilape, L76, F|292/292\n|move|p2a: Bronzong|Psychic Noise|p1a: Annihilape\n|-supereffective|p1a: Annihilape\n|-damage|p1a: Annihilape|134/292\n|-start|p1a: Annihilape|move: Heal Block\n|\n|-heal|p2a: Bronzong|236/261|[from] item: Leftovers\n|upkeep\n|turn|3\n|\n|t:|1782739092\n|move|p1a: Annihilape|Rage Fist|p2a: Bronzong\n|-supereffective|p2a: Bronzong\n|-damage|p2a: Bronzong|72/261\n|move|p2a: Bronzong|Psychic Noise|p1a: Annihilape\n|-supereffective|p1a: Annihilape\n|-damage|p1a: Annihilape|0 fnt\n|faint|p1a: Annihilape\n|\n|-heal|p2a: Bronzong|88/261|[from] item: Leftovers\n|upkeep\n|\n|t:|1782739098\n|switch|p1a: Politoed|Politoed, L88, F|302/302\n|-weather|RainDance|[from] ability: Drizzle|[of] p1a: Politoed\n|turn|4\n|\n|t:|1782739103\n|switch|p2a: Dewgong|Dewgong, L94, M|322/322\n|move|p1a: Politoed|Weather Ball|p2a: Dewgong\n|-resisted|p2a: Dewgong\n|-damage|p2a: Dewgong|221/322\n|\n|-weather|RainDance|[upkeep]\n|upkeep\n|turn|5\n|\n|t:|1782739114\n|switch|p1a: Passimian|Passimian, L83, F|302/302\n|move|p2a: Dewgong|Knock Off|p1a: Passimian\n|-resisted|p1a: Passimian\n|-damage|p1a: Passimian|271/302\n|-enditem|p1a: Passimian|Choice Scarf|[from] move: Knock Off|[of] p2a: Dewgong\n|\n|-weather|RainDance|[upkeep]\n|upkeep\n|turn|6\n|inactive|MasterJ007 has 120 seconds left.\n|\n|t:|1782739148\n|switch|p2a: Bronzong|Bronzong, L88|88/261\n|move|p1a: Passimian|Knock Off|p2a: Bronzong\n|-supereffective|p2a: Bronzong\n|-damage|p2a: Bronzong|0 fnt\n|-enditem|p2a: Bronzong|Leftovers|[from] move: Knock Off|[of] p1a: Passimian\n|faint|p2a: Bronzong\n|\n|-weather|RainDance|[upkeep]\n|upkeep\n|\n|t:|1782739152\n|switch|p2a: Honchkrow|Honchkrow, L86, M|312/312\n|turn|7\n|\n|t:|1782739158\n|move|p1a: Passimian|Rock Slide|p2a: Honchkrow\n|-supereffective|p2a: Honchkrow\n|-crit|p2a: Honchkrow\n|-damage|p2a: Honchkrow|64/312\n|move|p2a: Honchkrow|Thunder Wave|p1a: Passimian\n|-status|p1a: Passimian|par\n|\n|-weather|RainDance|[upkeep]\n|upkeep\n|turn|8\n|\n|t:|1782739164\n|move|p2a: Honchkrow|Brave Bird|p1a: Passimian\n|-supereffective|p1a: Passimian\n|-damage|p1a: Passimian|0 fnt\n|faint|p1a: Passimian\n|-ability|p2a: Honchkrow|Moxie|boost\n|-boost|p2a: Honchkrow|atk|1\n|-damage|p2a: Honchkrow|0 fnt|[from] Recoil\n|faint|p2a: Honchkrow\n|\n|-weather|none\n|upkeep\n|\n|t:|1782739170\n|switch|p1a: Phione|Phione, L91|293/293\n|switch|p2a: Vigoroth|Vigoroth, L85, M|275/275\n|turn|9\n|\n|t:|1782739180\n|switch|p2a: Dewgong|Dewgong, L94, M|221/322\n|move|p1a: Phione|Take Heart|p1a: Phione\n|-boost|p1a: Phione|spa|1\n|-boost|p1a: Phione|spd|1\n|\n|upkeep\n|turn|10\n|\n|t:|1782739183\n|move|p1a: Phione|Grass Knot|p2a: Dewgong\n|-supereffective|p2a: Dewgong\n|-damage|p2a: Dewgong|51/322\n|move|p2a: Dewgong|Encore|p1a: Phione\n|-start|p1a: Phione|Encore\n|\n|upkeep\n|turn|11\n|\n|t:|1782739192\n|switch|p1a: Arboliva|Arboliva, L91, M|290/290\n|move|p2a: Dewgong|Knock Off|p1a: Arboliva\n|-damage|p1a: Arboliva|224/290\n|-fieldstart|move: Grassy Terrain|[from] ability: Seed Sower|[of] p1a: Arboliva\n|-enditem|p1a: Arboliva|Leftovers|[from] move: Knock Off|[of] p2a: Dewgong\n|\n|-heal|p2a: Dewgong|71/322|[from] Grassy Terrain\n|-heal|p1a: Arboliva|242/290|[from] Grassy Terrain\n|upkeep\n|turn|12\n|\n|t:|1782739198\n|move|p2a: Dewgong|Ice Beam|p1a: Arboliva\n|-supereffective|p1a: Arboliva\n|-damage|p1a: Arboliva|108/290\n|move|p1a: Arboliva|Hyper Voice|p2a: Dewgong\n|-damage|p2a: Dewgong|0 fnt\n|faint|p2a: Dewgong\n|\n|-heal|p1a: Arboliva|126/290|[from] Grassy Terrain\n|upkeep\n|\n|t:|1782739214\n|switch|p2a: Stonjourner|Stonjourner, L91, M|330/330\n|turn|13\n|\n|t:|1782739217\n|move|p2a: Stonjourner|Stone Edge|p1a: Arboliva\n|-damage|p1a: Arboliva|0 fnt\n|faint|p1a: Arboliva\n|-damage|p2a: Stonjourner|297/330|[from] item: Life Orb\n|\n|-heal|p2a: Stonjourner|317/330|[from] Grassy Terrain\n|upkeep\n|\n|t:|1782739220\n|switch|p1a: Phione|Phione, L91|293/293\n|turn|14\n|\n|t:|1782739237\n|move|p1a: Phione|Take Heart|p1a: Phione\n|-boost|p1a: Phione|spa|1\n|-boost|p1a: Phione|spd|1\n|move|p2a: Stonjourner|Stone Edge|p1a: Phione\n|-damage|p1a: Phione|90/293\n|-damage|p2a: Stonjourner|284/330|[from] item: Life Orb\n|\n|-heal|p1a: Phione|108/293|[from] Grassy Terrain\n|-heal|p1a: Phione|126/293|[from] item: Leftovers\n|-heal|p2a: Stonjourner|304/330|[from] Grassy Terrain\n|upkeep\n|turn|15\n|\n|t:|1782739240\n|move|p1a: Phione|Grass Knot|p2a: Stonjourner\n|-supereffective|p2a: Stonjourner\n|-damage|p2a: Stonjourner|0 fnt\n|faint|p2a: Stonjourner\n|\n|-heal|p1a: Phione|144/293|[from] Grassy Terrain\n|-heal|p1a: Phione|162/293|[from] item: Leftovers\n|-fieldend|move: Grassy Terrain\n|upkeep\n|\n|t:|1782739248\n|switch|p2a: Vigoroth|Vigoroth, L85, M|275/275\n|turn|16\n|\n|t:|1782739252\n|move|p2a: Vigoroth|Body Slam|p1a: Phione\n|-damage|p1a: Phione|80/293\n|move|p1a: Phione|Scald|p2a: Vigoroth\n|-damage|p2a: Vigoroth|157/275\n|\n|-heal|p1a: Phione|98/293|[from] item: Leftovers\n|upkeep\n|turn|17\n|\n|t:|1782739258\n|move|p2a: Vigoroth|Knock Off|p1a: Phione\n|-damage|p1a: Phione|34/293\n|-enditem|p1a: Phione|Leftovers|[from] move: Knock Off|[of] p2a: Vigoroth\n|move|p1a: Phione|Scald|p2a: Vigoroth\n|-damage|p2a: Vigoroth|31/275\n|\n|upkeep\n|turn|18\n|\n|t:|1782739263\n|move|p2a: Vigoroth|Body Slam|p1a: Phione\n|-damage|p1a: Phione|0 fnt\n|faint|p1a: Phione\n|\n|upkeep\n|\n|t:|1782739265\n|switch|p1a: Glastrier|Glastrier, L86|312/312\n|turn|19\n|\n|t:|1782739272\n|move|p2a: Vigoroth|Body Slam|p1a: Glastrier\n|-damage|p1a: Glastrier|251/312\n|-status|p1a: Glastrier|par\n|move|p1a: Glastrier|Icicle Crash|p2a: Vigoroth\n|-damage|p2a: Vigoroth|0 fnt\n|faint|p2a: Vigoroth\n|-ability|p1a: Glastrier|Chilling Neigh|boost\n|-boost|p1a: Glastrier|atk|1\n|\n|upkeep\n|\n|t:|1782739278\n|switch|p2a: Haxorus|Haxorus, L77, F|244/244\n|-ability|p2a: Haxorus|Mold Breaker\n|turn|20\n|\n|t:|1782739284\n|-terastallize|p2a: Haxorus|Steel\n|move|p2a: Haxorus|Iron Head|p1a: Glastrier\n|-supereffective|p1a: Glastrier\n|-damage|p1a: Glastrier|107/312 par\n|cant|p1a: Glastrier|flinch\n|\n|upkeep\n|turn|21\n|\n|t:|1782739298\n|move|p2a: Haxorus|Dragon Dance|p2a: Haxorus\n|-boost|p2a: Haxorus|atk|1\n|-boost|p2a: Haxorus|spe|1\n|move|p1a: Glastrier|Close Combat|p2a: Haxorus\n|-supereffective|p2a: Haxorus\n|-damage|p2a: Haxorus|0 fnt\n|-unboost|p1a: Glastrier|def|1\n|-unboost|p1a: Glastrier|spd|1\n|faint|p2a: Haxorus\n|\n|win|mrongey10\n", "inputlog": ">version f8ac14003a5f27e1bdc8d8c59608a773c1cb96e5\n>start {\"formatid\":\"gen9randombattle\",\"seed\":\"sodium,ff04ef03845a41e3482884ff1020976c\",\"rated\":\"Rated battle\"}\n>player p1 {\"name\":\"mrongey10\",\"avatar\":\"1\",\"rating\":2181,\"seed\":\"sodium,2976dfa3ae61f2ed5b9703caf1b0bed7\"}\n>player p2 {\"name\":\"MasterJ007\",\"avatar\":\"#rbtt7teamsuicune\",\"rating\":2306,\"seed\":\"sodium,b041cc52accc61a7f77596ae9c965ff4\"}\n>p1 move hypervoice\n>p2 switch 5\n>p1 switch 4\n>p2 move psychicnoise\n>p1 move ragefist\n>p2 move psychicnoise\n>p1 switch 5\n>p1 move weatherball\n>p2 switch 3\n>p1 switch 3\n>p2 move knockoff\n>p1 move knockoff\n>p2 switch 3\n>p2 switch 4\n>p1 move rockslide\n>p2 move thunderwave\n>p1 move closecombat\n>p2 move bravebird\n>p1 switch 6\n>p2 switch 6\n>p1 move takeheart\n>p2 switch 3\n>p1 move grassknot\n>p2 move encore\n>p1 switch 4\n>p2 move knockoff\n>p1 move hypervoice\n>p2 move icebeam\n>p2 switch 2\n>p1 move strengthsap\n>p2 move stoneedge\n>p1 switch 4\n>p1 move takeheart\n>p2 move stoneedge\n>p1 move grassknot\n>p2 move stoneedge\n>p2 switch 3\n>p1 move scald\n>p2 move bodyslam\n>p1 move scald\n>p2 move knockoff\n>p1 move scald\n>p2 move bodyslam\n>p1 switch 2\n>p1 move iciclecrash\n>p2 move bodyslam\n>p2 switch 5\n>p1 move closecombat\n>p2 move ironhead terastallize\n>p1 move closecombat\n>p2 move dragondance", "uploadtime": 1782739049, "views": 5, "formatid": "gen9randombattle", "rating": null, "private": 0, "password": null, "player_dets": [{"name": "mrongey10", "avatar": "1", "rating": 2181, "seed": "sodium,2976dfa3ae61f2ed5b9703caf1b0bed7"}, {"name": "MasterJ007", "avatar": "#rbtt7teamsuicune", "rating": 2306, "seed": "sodium,b041cc52accc61a7f77596ae9c965ff4"}], "teams_full": [{"Arboliva": {"name": "Arboliva", "species": "Arboliva", "speciesId": "arboliva", "gender": "M", "shiny": false, "level": 91, "moves": ["strengthsap", "earthpower", "hypervoice", "energyball"], "ability": "Seed Sower", "evs": {"hp": 85, "atk": 0, "def": 85, "spa": 85, "spd": 85, "spe": 85}, "ivs": {"hp": 31, "atk": 0, "def": 31, "spa": 31, "spd": 31, "spe": 31}, "item": "Leftovers", "teraType": "Ground", "role": "Bulky Attacker", "bvs": {"hp": 78, "atk": 69, "def": 90, "spa": 125, "spd": 109, "spe": 39}, "stats": {"hp": 290, "atk": 130, "def": 216, "spa": 279, "spd": 250, "spe": 123}, "types": ["Grass", "Normal"]}, "Glastrier": {"name": "Glastrier", "species": "Glastrier", "speciesId": "glastrier", "gender": "N", "shiny": false, "level": 86, "moves": ["iciclecrash", "highhorsepower", "closecombat", "swordsdance"], "ability": "Chilling Neigh", "evs": {"hp": 85, "atk": 85, "def": 85, "spa": 85, "spd": 85, "spe": 85}, "ivs": {"hp": 31, "atk": 31, "def": 31, "spa": 31, "spd": 31, "spe": 31}, "item": "Heavy-Duty Boots", "teraType": "Fighting", "role": "Bulky Attacker", "bvs": {"hp": 100, "atk": 145, "def": 130, "spa": 65, "spd": 110, "spe": 30}, "stats": {"hp": 312, "atk": 299, "def": 273, "spa": 161, "spd": 238, "spe": 101}, "types": ["Ice"]}, "Passimian": {"name": "Passimian", "species": "Passimian", "speciesId": "passimian", "gender": "F", "shiny": false, "level": 83, "moves": ["closecombat", "rockslide", "knockoff", "gunkshot"], "ability": "Defiant", "evs": {"hp": 85, "atk": 85, "def": 85, "spa": 85, "spd": 85, "spe": 85}, "ivs": {"hp": 31, "atk": 31, "def": 31, "spa": 31, "spd": 31, "spe": 31}, "item": "Choice Scarf", "teraType": "Dark", "role": "Fast Attacker", "bvs": {"hp": 100, "atk": 120, "def": 90, "spa": 40, "spd": 60, "spe": 80}, "stats": {"hp": 302, "atk": 247, "def": 197, "spa": 114, "spd": 147, "spe": 180}, "types": ["Fighting"]}, "Annihilape": {"name": "Annihilape", "species": "Annihilape", "speciesId": "annihilape", "gender": "F", "shiny": false, "level": 76, "moves": ["drainpunch", "taunt", "ragefist", "bulkup"], "ability": "Defiant", "evs": {"hp": 85, "atk": 85, "def": 85, "spa": 85, "spd": 85, "spe": 85}, "ivs": {"hp": 31, "atk": 31, "def": 31, "spa": 31, "spd": 31, "spe": 31}, "item": "Leftovers", "teraType": "Water", "role": "Bulky Setup", "bvs": {"hp": 110, "atk": 115, "def": 80, "spa": 50, "spd": 90, "spe": 90}, "stats": {"hp": 292, "atk": 219, "def": 166, "spa": 120, "spd": 181, "spe": 181}, "types": ["Fighting", "Ghost"]}, "Politoed": {"name": "Politoed", "species": "Politoed", "speciesId": "politoed", "gender": "F", "shiny": false, "level": 88, "moves": ["hydropump", "icebeam", "weatherball", "focusblast"], "ability": "Drizzle", "evs": {"hp": 85, "atk": 0, "def": 85, "spa": 85, "spd": 85, "spe": 85}, "ivs": {"hp": 31, "atk": 0, "def": 31, "spa": 31, "spd": 31, "spe": 31}, "item": "Choice Specs", "teraType": "Water", "role": "Fast Attacker", "bvs": {"hp": 90, "atk": 75, "def": 75, "spa": 90, "spd": 100, "spe": 70}, "stats": {"hp": 302, "atk": 137, "def": 182, "spa": 209, "spd": 226, "spe": 173}, "types": ["Water"]}, "Phione": {"name": "Phione", "species": "Phione", "speciesId": "phione", "gender": "N", "shiny": false, "level": 91, "moves": ["scald", "grassknot", "takeheart", "icebeam"], "ability": "Hydration", "evs": {"hp": 85, "atk": 0, "def": 85, "spa": 85, "spd": 85, "spe": 85}, "ivs": {"hp": 31, "atk": 0, "def": 31, "spa": 31, "spd": 31, "spe": 31}, "item": "Leftovers", "teraType": "Steel", "role": "Bulky Attacker", "bvs": {"hp": 80, "atk": 80, "def": 80, "spa": 80, "spd": 80, "spe": 80}, "stats": {"hp": 293, "atk": 150, "def": 197, "spa": 197, "spd": 197, "spe": 197}, "types": ["Water"]}}, {"Haxorus": {"name": "Haxorus", "species": "Haxorus", "speciesId": "haxorus", "gender": "F", "shiny": false, "level": 77, "moves": ["outrage", "ironhead", "dragondance", "earthquake"], "ability": "Mold Breaker", "evs": {"hp": 85, "atk": 85, "def": 85, "spa": 85, "spd": 85, "spe": 85}, "ivs": {"hp": 31, "atk": 31, "def": 31, "spa": 31, "spd": 31, "spe": 31}, "item": "Lum Berry", "teraType": "Steel", "role": "Setup Sweeper", "bvs": {"hp": 76, "atk": 147, "def": 90, "spa": 60, "spd": 70, "spe": 97}, "stats": {"hp": 244, "atk": 271, "def": 183, "spa": 137, "spd": 152, "spe": 194}, "types": ["Dragon"]}, "Stonjourner": {"name": "Stonjourner", "species": "Stonjourner", "speciesId": "stonjourner", "gender": "M", "shiny": false, "level": 91, "moves": ["stoneedge", "heatcrash", "earthquake", "rockpolish"], "ability": "Power Spot", "evs": {"hp": 85, "atk": 85, "def": 85, "spa": 85, "spd": 85, "spe": 85}, "ivs": {"hp": 31, "atk": 31, "def": 31, "spa": 31, "spd": 31, "spe": 31}, "item": "Life Orb", "teraType": "Ground", "role": "Fast Attacker", "bvs": {"hp": 100, "atk": 125, "def": 135, "spa": 20, "spd": 20, "spe": 70}, "stats": {"hp": 330, "atk": 279, "def": 298, "spa": 88, "spd": 88, "spe": 179}, "types": ["Rock"]}, "Dewgong": {"name": "Dewgong", "species": "Dewgong", "speciesId": "dewgong", "gender": "M", "shiny": false, "level": 94, "moves": ["encore", "icebeam", "hydropump", "knockoff"], "ability": "Thick Fat", "evs": {"hp": 85, "atk": 85, "def": 85, "spa": 85, "spd": 85, "spe": 85}, "ivs": {"hp": 31, "atk": 31, "def": 31, "spa": 31, "spd": 31, "spe": 31}, "item": "Heavy-Duty Boots", "teraType": "Ground", "role": "Bulky Support", "bvs": {"hp": 90, "atk": 70, "def": 80, "spa": 70, "spd": 95, "spe": 70}, "stats": {"hp": 322, "atk": 185, "def": 204, "spa": 185, "spd": 232, "spe": 185}, "types": ["Water", "Ice"]}, "Honchkrow": {"name": "Honchkrow", "species": "Honchkrow", "speciesId": "honchkrow", "gender": "M", "shiny": false, "level": 86, "moves": ["suckerpunch", "bravebird", "lashout", "thunderwave"], "ability": "Moxie", "evs": {"hp": 85, "atk": 85, "def": 85, "spa": 85, "spd": 85, "spe": 85}, "ivs": {"hp": 31, "atk": 31, "def": 31, "spa": 31, "spd": 31, "spe": 31}, "item": "Heavy-Duty Boots", "teraType": "Dark", "role": "Wallbreaker", "bvs": {"hp": 100, "atk": 125, "def": 52, "spa": 105, "spd": 52, "spe": 71}, "stats": {"hp": 312, "atk": 264, "def": 139, "spa": 230, "spd": 139, "spe": 171}, "types": ["Dark", "Flying"]}, "Bronzong": {"name": "Bronzong", "species": "Bronzong", "speciesId": "bronzong", "gender": "N", "shiny": false, "level": 88, "moves": ["bodypress", "ironhead", "psychicnoise", "irondefense"], "ability": "Levitate", "evs": {"hp": 85, "atk": 85, "def": 85, "spa": 85, "spd": 85, "spe": 85}, "ivs": {"hp": 31, "atk": 31, "def": 31, "spa": 31, "spd": 31, "spe": 31}, "item": "Leftovers", "teraType": "Fighting", "role": "Bulky Setup", "bvs": {"hp": 67, "atk": 89, "def": 116, "spa": 79, "spd": 116, "spe": 33}, "stats": {"hp": 261, "atk": 207, "def": 254, "spa": 189, "spd": 254, "spe": 108}, "types": ["Steel", "Psychic"]}, "Vigoroth": {"name": "Vigoroth", "species": "Vigoroth", "speciesId": "vigoroth", "gender": "M", "shiny": false, "level": 85, "moves": ["slackoff", "knockoff", "bodyslam", "bulkup"], "ability": "Vital Spirit", "evs": {"hp": 85, "atk": 85, "def": 85, "spa": 85, "spd": 85, "spe": 85}, "ivs": {"hp": 31, "atk": 31, "def": 31, "spa": 31, "spd": 31, "spe": 31}, "item": "Eviolite", "teraType": "Ghost", "role": "Bulky Setup", "bvs": {"hp": 80, "atk": 80, "def": 80, "spa": 55, "spd": 55, "spe": 90}, "stats": {"hp": 275, "atk": 185, "def": 185, "spa": 142, "spd": 142, "spe": 202}, "types": ["Normal"]}}]}