{"id": "gen9randombattle-2641710372", "format": "[Gen 9] Random Battle", "players": ["User751", "ilovemypinkhairgf"], "log": "|j|\u2606User751\n|j|\u2606ilovemypinkhairgf\n|t:|1782832685\n|gametype|singles\n|player|p1|User751|102|1964\n|player|p2|ilovemypinkhairgf|101|2020\n|gen|9\n|tier|[Gen 9] Random Battle\n|rated|\n|rule|Species Clause: Limit one of each Pok\u00e9mon\n|rule|HP Percentage Mod: HP is shown in percentages\n|rule|Sleep Clause Mod: Limit one foe put to sleep\n|rule|Illusion Level Mod: Illusion disguises the Pok\u00e9mon's true level\n|\n|t:|1782832685\n|teamsize|p1|6\n|teamsize|p2|6\n|start\n|switch|p1a: Mesprit|Mesprit, L85|275/275\n|switch|p2a: Overqwil|Overqwil, L82, M|274/274\n|-ability|p2a: Overqwil|Intimidate|boost\n|-unboost|p1a: Mesprit|atk|1\n|turn|1\n|inactive|Battle timer is ON: inactive players will automatically lose when time's up. (requested by ilovemypinkhairgf)\n|\n|t:|1782832702\n|switch|p1a: Dudunsparce|Dudunsparce-Three-Segment, L83, M|343/343\n|move|p2a: Overqwil|Gunk Shot|p1a: Dudunsparce\n|-damage|p1a: Dudunsparce|106/343\n|\n|-heal|p1a: Dudunsparce|127/343|[from] item: Leftovers\n|upkeep\n|turn|2\n|\n|t:|1782832711\n|move|p2a: Overqwil|Gunk Shot|p1a: Dudunsparce\n|-damage|p1a: Dudunsparce|0 fnt\n|faint|p1a: Dudunsparce\n|\n|upkeep\n|\n|t:|1782832721\n|switch|p1a: Lugia|Lugia, L73|275/275\n|turn|3\n|\n|t:|1782832725\n|-terastallize|p1a: Lugia|Ground\n|move|p1a: Lugia|Calm Mind|p1a: Lugia\n|-boost|p1a: Lugia|spa|1\n|-boost|p1a: Lugia|spd|1\n|move|p2a: Overqwil|Gunk Shot|p1a: Lugia|[miss]\n|-miss|p2a: Overqwil|p1a: Lugia\n|\n|upkeep\n|turn|4\n|\n|t:|1782832744\n|switch|p2a: Trevenant|Trevenant, L89, F|296/296\n|move|p1a: Lugia|Earth Power|p2a: Trevenant\n|-resisted|p2a: Trevenant\n|-damage|p2a: Trevenant|241/296\n|\n|upkeep\n|turn|5\n|\n|t:|1782832751\n|move|p1a: Lugia|Aeroblast|p2a: Trevenant\n|-supereffective|p2a: Trevenant\n|-damage|p2a: Trevenant|11/296\n|-enditem|p2a: Trevenant|Sitrus Berry|[eat]\n|-heal|p2a: Trevenant|85/296|[from] item: Sitrus Berry\n|move|p2a: Trevenant|Toxic|p1a: Lugia\n|-status|p1a: Lugia|tox\n|\n|-damage|p1a: Lugia|258/275 tox|[from] psn\n|-item|p2a: Trevenant|Sitrus Berry|[from] ability: Harvest\n|upkeep\n|-enditem|p2a: Trevenant|Sitrus Berry|[eat]\n|-heal|p2a: Trevenant|159/296|[from] item: Sitrus Berry\n|turn|6\n|\n|t:|1782832765\n|switch|p2a: Cramorant|Cramorant, L86, F|261/261\n|move|p1a: Lugia|Aeroblast|p2a: Cramorant\n|-damage|p2a: Cramorant|149/261\n|\n|-damage|p1a: Lugia|224/275 tox|[from] psn\n|upkeep\n|turn|7\n|\n|t:|1782832775\n|move|p1a: Lugia|Aeroblast|p2a: Cramorant\n|-damage|p2a: Cramorant|50/261\n|move|p2a: Cramorant|Roost|p2a: Cramorant\n|-heal|p2a: Cramorant|181/261\n|-singleturn|p2a: Cramorant|move: Roost\n|\n|-damage|p1a: Lugia|173/275 tox|[from] psn\n|upkeep\n|turn|8\n|\n|t:|1782832785\n|switch|p1a: Plusle|Plusle, L95, M|268/268\n|move|p2a: Cramorant|Surf|p1a: Plusle\n|-formechange|p2a: Cramorant|Cramorant-Gulping|\n|-damage|p1a: Plusle|184/268\n|\n|upkeep\n|turn|9\n|\n|t:|1782832793\n|switch|p2a: Trevenant|Trevenant, L89, F|159/296\n|move|p1a: Plusle|Nasty Plot|p1a: Plusle\n|-boost|p1a: Plusle|spa|2\n|\n|-item|p2a: Trevenant|Sitrus Berry|[from] ability: Harvest\n|upkeep\n|turn|10\n|\n|t:|1782832802\n|move|p1a: Plusle|Alluring Voice|p2a: Trevenant\n|-crit|p2a: Trevenant\n|-damage|p2a: Trevenant|0 fnt\n|faint|p2a: Trevenant\n|-damage|p1a: Plusle|158/268|[from] item: Life Orb\n|\n|upkeep\n|\n|t:|1782832807\n|switch|p2a: Abomasnow|Abomasnow, L84, F|287/287\n|-weather|Snowscape|[from] ability: Snow Warning|[of] p2a: Abomasnow\n|turn|11\n|\n|t:|1782832815\n|switch|p1a: Mesprit|Mesprit, L85|275/275\n|move|p2a: Abomasnow|Earthquake|p1a: Mesprit\n|-immune|p1a: Mesprit|[from] ability: Levitate\n|\n|-weather|Snowscape|[upkeep]\n|upkeep\n|turn|12\n|\n|t:|1782832823\n|move|p1a: Mesprit|U-turn|p2a: Abomasnow\n|-supereffective|p2a: Abomasnow\n|-damage|p2a: Abomasnow|207/287\n|\n|t:|1782832828\n|switch|p1a: Lugia|Lugia, L73, tera:Ground|173/275 tox|[from] U-turn\n|move|p2a: Abomasnow|Aurora Veil|p2a: Abomasnow\n|-sidestart|p2: ilovemypinkhairgf|move: Aurora Veil\n|\n|-weather|Snowscape|[upkeep]\n|-damage|p1a: Lugia|156/275 tox|[from] psn\n|upkeep\n|turn|13\n|\n|t:|1782832837\n|move|p1a: Lugia|Aeroblast|p2a: Abomasnow\n|-supereffective|p2a: Abomasnow\n|-crit|p2a: Abomasnow\n|-damage|p2a: Abomasnow|0 fnt\n|faint|p2a: Abomasnow\n|\n|-weather|Snowscape|[upkeep]\n|-damage|p1a: Lugia|122/275 tox|[from] psn\n|upkeep\n|\n|t:|1782832843\n|switch|p2a: Oinkologne|Oinkologne-F, L92, F|361/361\n|turn|14\n|\n|t:|1782832852\n|move|p1a: Lugia|Earth Power|p2a: Oinkologne\n|-damage|p2a: Oinkologne|331/361\n|-unboost|p2a: Oinkologne|spd|1\n|move|p2a: Oinkologne|Curse|p2a: Oinkologne\n|-unboost|p2a: Oinkologne|spe|1\n|-boost|p2a: Oinkologne|atk|1\n|-boost|p2a: Oinkologne|def|1\n|\n|-weather|Snowscape|[upkeep]\n|-heal|p2a: Oinkologne|353/361|[from] item: Leftovers\n|-damage|p1a: Lugia|71/275 tox|[from] psn\n|upkeep\n|turn|15\n|\n|t:|1782832864\n|move|p1a: Lugia|Earth Power|p2a: Oinkologne\n|-damage|p2a: Oinkologne|307/361\n|move|p2a: Oinkologne|Curse|p2a: Oinkologne\n|-unboost|p2a: Oinkologne|spe|1\n|-boost|p2a: Oinkologne|atk|1\n|-boost|p2a: Oinkologne|def|1\n|\n|-weather|none\n|-heal|p2a: Oinkologne|329/361|[from] item: Leftovers\n|-damage|p1a: Lugia|3/275 tox|[from] psn\n|upkeep\n|turn|16\n|\n|t:|1782832874\n|move|p1a: Lugia|Earth Power|p2a: Oinkologne\n|-damage|p2a: Oinkologne|285/361\n|move|p2a: Oinkologne|Curse|p2a: Oinkologne\n|-unboost|p2a: Oinkologne|spe|1\n|-boost|p2a: Oinkologne|atk|1\n|-boost|p2a: Oinkologne|def|1\n|\n|-heal|p2a: Oinkologne|307/361|[from] item: Leftovers\n|-damage|p1a: Lugia|0 fnt|[from] psn\n|faint|p1a: Lugia\n|upkeep\n|\n|t:|1782832887\n|switch|p1a: Mesprit|Mesprit, L85|275/275\n|turn|17\n|\n|t:|1782832911\n|move|p1a: Mesprit|Psychic|p2a: Oinkologne\n|-damage|p2a: Oinkologne|205/361\n|move|p2a: Oinkologne|Body Slam|p1a: Mesprit\n|-damage|p1a: Mesprit|52/275\n|\n|-heal|p2a: Oinkologne|227/361|[from] item: Leftovers\n|upkeep\n|turn|18\n|\n|t:|1782832922\n|move|p1a: Mesprit|Psychic|p2a: Oinkologne\n|-damage|p2a: Oinkologne|125/361\n|move|p2a: Oinkologne|Body Slam|p1a: Mesprit\n|-damage|p1a: Mesprit|0 fnt\n|faint|p1a: Mesprit\n|\n|-heal|p2a: Oinkologne|147/361|[from] item: Leftovers\n|upkeep\n|\n|t:|1782832939\n|switch|p1a: Regidrago|Regidrago, L77|435/435\n|turn|19\n|\n|t:|1782832945\n|move|p1a: Regidrago|Draco Meteor|p2a: Oinkologne\n|-damage|p2a: Oinkologne|36/361\n|-unboost|p1a: Regidrago|spa|2\n|move|p2a: Oinkologne|Rest|p2a: Oinkologne\n|-status|p2a: Oinkologne|slp|[from] move: Rest\n|-heal|p2a: Oinkologne|361/361 slp|[silent]\n|\n|-sideend|p2: ilovemypinkhairgf|move: Aurora Veil\n|upkeep\n|turn|20\n|\n|t:|1782832956\n|switch|p1a: Plusle|Plusle, L95, M|158/268\n|cant|p2a: Oinkologne|slp\n|move|p2a: Oinkologne|Sleep Talk|p2a: Oinkologne\n|move|p2a: Oinkologne|Curse|p2a: Oinkologne|[from] move: Sleep Talk\n|-unboost|p2a: Oinkologne|spe|1\n|-boost|p2a: Oinkologne|atk|1\n|-boost|p2a: Oinkologne|def|1\n|\n|upkeep\n|turn|21\n|\n|t:|1782832966\n|move|p1a: Plusle|Thunderbolt|p2a: Oinkologne\n|-damage|p2a: Oinkologne|182/361 slp\n|-damage|p1a: Plusle|132/268|[from] item: Life Orb\n|cant|p2a: Oinkologne|slp\n|move|p2a: Oinkologne|Sleep Talk|p2a: Oinkologne\n|move|p2a: Oinkologne|Curse|p2a: Oinkologne|[from] move: Sleep Talk\n|-unboost|p2a: Oinkologne|spe|1\n|-boost|p2a: Oinkologne|atk|1\n|-boost|p2a: Oinkologne|def|1\n|\n|-heal|p2a: Oinkologne|204/361 slp|[from] item: Leftovers\n|upkeep\n|turn|22\n|\n|t:|1782832981\n|move|p1a: Plusle|Thunderbolt|p2a: Oinkologne\n|-damage|p2a: Oinkologne|27/361 slp\n|-damage|p1a: Plusle|106/268|[from] item: Life Orb\n|-curestatus|p2a: Oinkologne|slp|[msg]\n|move|p2a: Oinkologne|Body Slam|p1a: Plusle\n|-damage|p1a: Plusle|0 fnt\n|faint|p1a: Plusle\n|\n|-heal|p2a: Oinkologne|49/361|[from] item: Leftovers\n|upkeep\n|\n|t:|1782832995\n|switch|p1a: Ambipom|Ambipom, L84, F|263/263\n|turn|23\n|\n|t:|1782833000\n|move|p1a: Ambipom|Double-Edge|p2a: Oinkologne\n|-damage|p2a: Oinkologne|0 fnt\n|faint|p2a: Oinkologne\n|-damage|p1a: Ambipom|247/263|[from] Recoil\n|\n|upkeep\n|\n|t:|1782833004\n|switch|p2a: Overqwil|Overqwil, L82, M|274/274\n|-ability|p2a: Overqwil|Intimidate|boost\n|-unboost|p1a: Ambipom|atk|1\n|turn|24\n|\n|t:|1782833012\n|move|p1a: Ambipom|Double-Edge|p2a: Overqwil\n|-damage|p2a: Overqwil|142/274\n|-damage|p1a: Ambipom|203/263|[from] Recoil\n|move|p2a: Overqwil|Gunk Shot|p1a: Ambipom\n|-damage|p1a: Ambipom|0 fnt\n|faint|p1a: Ambipom\n|\n|upkeep\n|\n|t:|1782833021\n|switch|p1a: Regidrago|Regidrago, L77|435/435\n|turn|25\n|\n|t:|1782833025\n|move|p2a: Overqwil|Gunk Shot|p1a: Regidrago|[miss]\n|-miss|p2a: Overqwil|p1a: Regidrago\n|move|p1a: Regidrago|Dragon Dance|p1a: Regidrago\n|-boost|p1a: Regidrago|atk|1\n|-boost|p1a: Regidrago|spe|1\n|\n|upkeep\n|turn|26\n|\n|t:|1782833031\n|switch|p2a: Cramorant|Cramorant, L86, F|181/261\n|move|p1a: Regidrago|Earthquake|p2a: Cramorant\n|-immune|p2a: Cramorant\n|\n|upkeep\n|turn|27\n|\n|t:|1782833039\n|move|p1a: Regidrago|Outrage|p2a: Cramorant\n|-damage|p2a: Cramorant|0 fnt\n|faint|p2a: Cramorant\n|\n|upkeep\n|\n|t:|1782833043\n|switch|p2a: Overqwil|Overqwil, L82, M|142/274\n|-ability|p2a: Overqwil|Intimidate|boost\n|-unboost|p1a: Regidrago|atk|1\n|turn|28\n|\n|t:|1782833047\n|move|p1a: Regidrago|Outrage|p2a: Overqwil|[from] lockedmove\n|-damage|p2a: Overqwil|0 fnt\n|faint|p2a: Overqwil\n|-start|p1a: Regidrago|confusion|[fatigue]\n|-enditem|p1a: Regidrago|Lum Berry|[eat]\n|-end|p1a: Regidrago|confusion\n|\n|upkeep\n|\n|t:|1782833049\n|switch|p2a: Plusle|Plusle, L95, M|268/268\n|turn|29\n|\n|t:|1782833064\n|move|p1a: Regidrago|Earthquake|p2a: Plusle\n|-supereffective|p2a: Plusle\n|-damage|p2a: Plusle|80/268\n|move|p2a: Plusle|Alluring Voice|p1a: Regidrago\n|-supereffective|p1a: Regidrago\n|-damage|p1a: Regidrago|170/435\n|-damage|p2a: Plusle|54/268|[from] item: Life Orb\n|\n|upkeep\n|turn|30\n|\n|t:|1782833074\n|move|p1a: Regidrago|Earthquake|p2a: Plusle\n|-supereffective|p2a: Plusle\n|-damage|p2a: Plusle|0 fnt\n|faint|p2a: Plusle\n|\n|win|User751\n", "inputlog": ">version f8ac14003a5f27e1bdc8d8c59608a773c1cb96e5\n>start {\"formatid\":\"gen9randombattle\",\"seed\":\"sodium,11fbced289556dfb7e7d47b7234db234\",\"rated\":\"Rated battle\"}\n>player p1 {\"name\":\"User751\",\"avatar\":\"102\",\"rating\":1964,\"seed\":\"sodium,fcbdd059c0667a944f74647a226717ae\"}\n>player p2 {\"name\":\"ilovemypinkhairgf\",\"avatar\":\"101\",\"rating\":2020,\"seed\":\"sodium,e1bf17b28f0adb3711f39fabb62e609e\"}\n>p1 switch 2\n>p2 move gunkshot\n>p1 move earthquake\n>p2 move gunkshot\n>p1 switch 4\n>p1 move calmmind terastallize\n>p2 move gunkshot\n>p1 move earthpower\n>p2 switch 5\n>p1 move aeroblast\n>p2 move toxic\n>p1 move aeroblast\n>p2 switch 3\n>p1 move aeroblast\n>p2 move roost\n>p1 switch 5\n>p2 move surf\n>p1 move nastyplot\n>p2 switch 3\n>p1 move alluringvoice\n>p2 move poltergeist\n>p2 switch 4\n>p1 switch 2\n>p2 move earthquake\n>p1 move uturn\n>p2 move auroraveil\n>p1 switch 5\n>p1 move aeroblast\n>p2 move woodhammer\n>p2 switch 6\n>p1 move earthpower\n>p2 move curse\n>p1 move earthpower\n>p2 move curse\n>p1 move earthpower\n>p2 move curse\n>p1 switch 5\n>p1 move psychic\n>p2 move bodyslam\n>p1 move psychic\n>p2 move bodyslam\n>p1 switch 3\n>p1 move dracometeor\n>p2 move rest\n>p1 switch 2\n>p2 move sleeptalk\n>p1 move thunderbolt\n>p2 move sleeptalk\n>p1 move thunderbolt\n>p2 move bodyslam\n>p1 switch 6\n>p1 move doubleedge\n>p2 move rest\n>p2 switch 5\n>p1 move doubleedge\n>p2 move gunkshot\n>p1 switch 2\n>p1 move dragondance\n>p2 move gunkshot\n>p1 move earthquake\n>p2 switch 3\n>p1 move outrage\n>p2 move surf\n>p2 switch 3\n>p1 move outrage\n>p2 move gunkshot\n>p2 switch 2\n>p1 move earthquake\n>p2 move alluringvoice\n>p1 move earthquake\n>p2 move alluringvoice", "uploadtime": 1782832687, "views": 8, "formatid": "gen9randombattle", "rating": null, "private": 0, "password": null, "player_dets": [{"name": "User751", "avatar": "102", "rating": 1964, "seed": "sodium,fcbdd059c0667a944f74647a226717ae"}, {"name": "ilovemypinkhairgf", "avatar": "101", "rating": 2020, "seed": "sodium,e1bf17b28f0adb3711f39fabb62e609e"}], "teams_full": [{"Mesprit": {"name": "Mesprit", "species": "Mesprit", "speciesId": "mesprit", "gender": "N", "shiny": false, "level": 85, "moves": ["psychic", "thunderbolt", "uturn", "icebeam"], "ability": "Levitate", "evs": {"hp": 85, "atk": 85, "def": 85, "spa": 85, "spd": 85, "spe": 85}, "ivs": {"hp": 31, "atk": 31, "def": 31, "spa": 31, "spd": 31, "spe": 31}, "item": "Choice Specs", "teraType": "Electric", "role": "Fast Attacker", "bvs": {"hp": 80, "atk": 105, "def": 105, "spa": 105, "spd": 105, "spe": 80}, "stats": {"hp": 275, "atk": 227, "def": 227, "spa": 227, "spd": 227, "spe": 185}, "types": ["Psychic"]}, "Dudunsparce": {"name": "Dudunsparce", "species": "Dudunsparce-Three-Segment", "speciesId": "dudunsparce", "gender": "M", "shiny": false, "level": 83, "moves": ["boomburst", "roost", "earthquake", "toxic"], "ability": "Rattled", "evs": {"hp": 85, "atk": 85, "def": 85, "spa": 85, "spd": 85, "spe": 85}, "ivs": {"hp": 31, "atk": 31, "def": 31, "spa": 31, "spd": 31, "spe": 31}, "item": "Leftovers", "teraType": "Ghost", "role": "Bulky Attacker", "bvs": {"hp": 125, "atk": 100, "def": 80, "spa": 85, "spd": 75, "spe": 55}, "stats": {"hp": 343, "atk": 214, "def": 180, "spa": 189, "spd": 172, "spe": 139}, "types": ["Normal"]}, "Regidrago": {"name": "Regidrago", "species": "Regidrago", "speciesId": "regidrago", "gender": "N", "shiny": false, "level": 77, "moves": ["outrage", "dragondance", "earthquake", "dracometeor"], "ability": "Dragon's Maw", "evs": {"hp": 85, "atk": 85, "def": 85, "spa": 85, "spd": 85, "spe": 85}, "ivs": {"hp": 31, "atk": 31, "def": 31, "spa": 31, "spd": 31, "spe": 31}, "item": "Lum Berry", "teraType": "Dragon", "role": "Setup Sweeper", "bvs": {"hp": 200, "atk": 100, "def": 50, "spa": 100, "spd": 50, "spe": 80}, "stats": {"hp": 435, "atk": 199, "def": 122, "spa": 199, "spd": 122, "spe": 168}, "types": ["Dragon"]}, "Lugia": {"name": "Lugia", "species": "Lugia", "speciesId": "lugia", "gender": "N", "shiny": false, "level": 73, "moves": ["recover", "earthpower", "calmmind", "aeroblast"], "ability": "Multiscale", "evs": {"hp": 85, "atk": 0, "def": 85, "spa": 85, "spd": 85, "spe": 85}, "ivs": {"hp": 31, "atk": 0, "def": 31, "spa": 31, "spd": 31, "spe": 31}, "item": "Heavy-Duty Boots", "teraType": "Ground", "role": "Bulky Setup", "bvs": {"hp": 106, "atk": 90, "def": 130, "spa": 90, "spd": 154, "spe": 110}, "stats": {"hp": 275, "atk": 136, "def": 232, "spa": 174, "spd": 267, "spe": 203}, "types": ["Psychic", "Flying"]}, "Plusle": {"name": "Plusle", "species": "Plusle", "speciesId": "plusle", "gender": "M", "shiny": false, "level": 95, "moves": ["grassknot", "thunderbolt", "nastyplot", "alluringvoice"], "ability": "Lightning Rod", "evs": {"hp": 85, "atk": 0, "def": 85, "spa": 85, "spd": 85, "spe": 85}, "ivs": {"hp": 31, "atk": 0, "def": 31, "spa": 31, "spd": 31, "spe": 31}, "item": "Life Orb", "teraType": "Electric", "role": "Setup Sweeper", "bvs": {"hp": 60, "atk": 50, "def": 40, "spa": 85, "spd": 75, "spe": 95}, "stats": {"hp": 268, "atk": 100, "def": 130, "spa": 215, "spd": 196, "spe": 234}, "types": ["Electric"]}, "Ambipom": {"name": "Ambipom", "species": "Ambipom", "speciesId": "ambipom", "gender": "F", "shiny": false, "level": 84, "moves": ["knockoff", "tripleaxel", "doubleedge", "lowkick"], "ability": "Technician", "evs": {"hp": 85, "atk": 85, "def": 85, "spa": 85, "spd": 85, "spe": 85}, "ivs": {"hp": 31, "atk": 31, "def": 31, "spa": 31, "spd": 31, "spe": 31}, "item": "Choice Band", "teraType": "Ice", "role": "Fast Attacker", "bvs": {"hp": 75, "atk": 100, "def": 66, "spa": 60, "spd": 66, "spe": 115}, "stats": {"hp": 263, "atk": 216, "def": 159, "spa": 149, "spd": 159, "spe": 241}, "types": ["Normal"]}}, {"Overqwil": {"name": "Overqwil", "species": "Overqwil", "speciesId": "overqwil", "gender": "M", "shiny": false, "level": 82, "moves": ["crunch", "liquidation", "gunkshot", "aquajet"], "ability": "Intimidate", "evs": {"hp": 85, "atk": 85, "def": 85, "spa": 85, "spd": 85, "spe": 85}, "ivs": {"hp": 31, "atk": 31, "def": 31, "spa": 31, "spd": 31, "spe": 31}, "item": "Choice Band", "teraType": "Water", "role": "Fast Attacker", "bvs": {"hp": 85, "atk": 115, "def": 95, "spa": 65, "spd": 65, "spe": 85}, "stats": {"hp": 274, "atk": 236, "def": 203, "spa": 154, "spd": 154, "spe": 187}, "types": ["Dark", "Poison"]}, "Plusle": {"name": "Plusle", "species": "Plusle", "speciesId": "plusle", "gender": "M", "shiny": false, "level": 95, "moves": ["thunderbolt", "alluringvoice", "nastyplot", "encore"], "ability": "Lightning Rod", "evs": {"hp": 85, "atk": 0, "def": 85, "spa": 85, "spd": 85, "spe": 85}, "ivs": {"hp": 31, "atk": 0, "def": 31, "spa": 31, "spd": 31, "spe": 31}, "item": "Life Orb", "teraType": "Electric", "role": "Setup Sweeper", "bvs": {"hp": 60, "atk": 50, "def": 40, "spa": 85, "spd": 75, "spe": 95}, "stats": {"hp": 268, "atk": 100, "def": 130, "spa": 215, "spd": 196, "spe": 234}, "types": ["Electric"]}, "Cramorant": {"name": "Cramorant", "species": "Cramorant", "speciesId": "cramorant", "gender": "F", "shiny": false, "level": 86, "moves": ["defog", "surf", "bravebird", "roost"], "ability": "Gulp Missile", "evs": {"hp": 85, "atk": 85, "def": 85, "spa": 85, "spd": 85, "spe": 85}, "ivs": {"hp": 31, "atk": 31, "def": 31, "spa": 31, "spd": 31, "spe": 31}, "item": "Heavy-Duty Boots", "teraType": "Ground", "role": "Bulky Support", "bvs": {"hp": 70, "atk": 85, "def": 55, "spa": 85, "spd": 95, "spe": 85}, "stats": {"hp": 261, "atk": 195, "def": 144, "spa": 195, "spd": 213, "spe": 195}, "types": ["Flying", "Water"]}, "Abomasnow": {"name": "Abomasnow", "species": "Abomasnow", "speciesId": "abomasnow", "gender": "F", "shiny": false, "level": 84, "moves": ["woodhammer", "earthquake", "blizzard", "auroraveil"], "ability": "Snow Warning", "evs": {"hp": 77, "atk": 85, "def": 85, "spa": 85, "spd": 85, "spe": 85}, "ivs": {"hp": 31, "atk": 31, "def": 31, "spa": 31, "spd": 31, "spe": 31}, "item": "Light Clay", "teraType": "Ghost", "role": "Bulky Support", "bvs": {"hp": 90, "atk": 92, "def": 75, "spa": 92, "spd": 85, "spe": 60}, "stats": {"hp": 287, "atk": 203, "def": 174, "spa": 203, "spd": 191, "spe": 149}, "types": ["Grass", "Ice"]}, "Trevenant": {"name": "Trevenant", "species": "Trevenant", "speciesId": "trevenant", "gender": "F", "shiny": false, "level": 89, "moves": ["poltergeist", "drainpunch", "protect", "toxic"], "ability": "Harvest", "evs": {"hp": 85, "atk": 85, "def": 85, "spa": 85, "spd": 85, "spe": 85}, "ivs": {"hp": 31, "atk": 31, "def": 31, "spa": 31, "spd": 31, "spe": 31}, "item": "Sitrus Berry", "teraType": "Fairy", "role": "Bulky Support", "bvs": {"hp": 85, "atk": 110, "def": 76, "spa": 65, "spd": 82, "spe": 56}, "stats": {"hp": 296, "atk": 247, "def": 186, "spa": 166, "spd": 197, "spe": 150}, "types": ["Ghost", "Grass"]}, "Oinkologne": {"name": "Oinkologne", "species": "Oinkologne-F", "speciesId": "oinkolognef", "gender": "F", "shiny": false, "level": 92, "moves": ["curse", "rest", "sleeptalk", "bodyslam"], "ability": "Thick Fat", "evs": {"hp": 85, "atk": 85, "def": 85, "spa": 85, "spd": 85, "spe": 85}, "ivs": {"hp": 31, "atk": 31, "def": 31, "spa": 31, "spd": 31, "spe": 31}, "item": "Leftovers", "teraType": "Poison", "role": "Bulky Support", "bvs": {"hp": 115, "atk": 90, "def": 70, "spa": 59, "spd": 90, "spe": 65}, "stats": {"hp": 361, "atk": 218, "def": 181, "spa": 161, "spd": 218, "spe": 172}, "types": ["Normal"]}}]}