{"id": "gen9randombattle-2641535597", "format": "[Gen 9] Random Battle", "players": ["loliCommer", "91xxc"], "log": "|j|\u2606loliCommer\n|j|\u260691xxc\n|t:|1782802862\n|gametype|singles\n|player|p1|loliCommer|sabrina|1023\n|player|p2|91xxc|2|1000\n|gen|9\n|tier|[Gen 9] Random Battle\n|rated|\n|rule|Species Clause: Limit one of each Pok\u00e9mon\n|rule|HP Percentage Mod: HP is shown in percentages\n|rule|Sleep Clause Mod: Limit one foe put to sleep\n|rule|Illusion Level Mod: Illusion disguises the Pok\u00e9mon's true level\n|\n|t:|1782802862\n|teamsize|p1|6\n|teamsize|p2|6\n|start\n|switch|p1a: Yanmega|Yanmega, L82, M|275/275\n|switch|p2a: Stonjourner|Stonjourner, L91, M|330/330\n|turn|1\n|inactive|Battle timer is ON: inactive players will automatically lose when time's up. (requested by loliCommer)\n|c|\u2606loliCommer|make your move\n|\n|t:|1782802898\n|move|p1a: Yanmega|U-turn|p2a: Stonjourner\n|-damage|p2a: Stonjourner|293/330\n|\n|t:|1782802908\n|switch|p1a: Palkia|Palkia, L75|259/259|[from] U-turn\n|-ability|p1a: Palkia|Pressure\n|move|p2a: Stonjourner|Heat Crash|p1a: Palkia\n|-resisted|p1a: Palkia\n|-damage|p1a: Palkia|246/259\n|-damage|p2a: Stonjourner|260/330|[from] item: Life Orb\n|\n|upkeep\n|turn|2\n|\n|t:|1782802929\n|switch|p2a: Espeon|Espeon, L84, M|246/246\n|move|p1a: Palkia|Hydro Pump|p2a: Espeon|[miss]\n|-miss|p1a: Palkia|p2a: Espeon\n|\n|upkeep\n|turn|3\n|\n|t:|1782802944\n|switch|p1a: Yanmega|Yanmega, L82, M|275/275\n|move|p2a: Espeon|Alluring Voice|p1a: Yanmega\n|-damage|p1a: Yanmega|144/275\n|-damage|p2a: Espeon|222/246|[from] item: Life Orb\n|\n|upkeep\n|turn|4\n|inactive|91xxc has 120 seconds left.\n|\n|t:|1782802966\n|move|p2a: Espeon|Psyshock|p1a: Yanmega\n|-damage|p1a: Yanmega|8/275\n|-damage|p2a: Espeon|198/246|[from] item: Life Orb\n|move|p1a: Yanmega|Bug Buzz|p2a: Espeon\n|-supereffective|p2a: Espeon\n|-damage|p2a: Espeon|0 fnt\n|faint|p2a: Espeon\n|\n|upkeep\n|inactive|91xxc has 120 seconds left.\n|\n|t:|1782802976\n|switch|p2a: Stonjourner|Stonjourner, L91, M|260/330\n|turn|5\n|inactive|91xxc has 120 seconds left.\n|\n|t:|1782802987\n|switch|p1a: Palkia|Palkia, L75|246/259\n|-ability|p1a: Palkia|Pressure\n|move|p2a: Stonjourner|Stealth Rock|p1a: Palkia\n|-sidestart|p1: loliCommer|move: Stealth Rock\n|\n|upkeep\n|turn|6\n|inactive|91xxc has 120 seconds left.\n|\n|t:|1782802998\n|switch|p2a: Staraptor|Staraptor, L79, F|263/263\n|move|p1a: Palkia|Hydro Pump|p2a: Staraptor\n|-damage|p2a: Staraptor|77/263\n|\n|upkeep\n|turn|7\n|inactive|91xxc has 120 seconds left.\n|\n|t:|1782803017\n|move|p1a: Palkia|Hydro Pump|p2a: Staraptor|[miss]\n|-miss|p1a: Palkia|p2a: Staraptor\n|move|p2a: Staraptor|Brave Bird|p1a: Palkia\n|-damage|p1a: Palkia|0 fnt\n|faint|p1a: Palkia\n|-damage|p2a: Staraptor|0 fnt|[from] Recoil\n|faint|p2a: Staraptor\n|\n|upkeep\n|\n|t:|1782803029\n|switch|p2a: Latias|Latias, L79, F|256/256\n|switch|p1a: Yanmega|Yanmega, L82, M|8/275\n|-damage|p1a: Yanmega|0 fnt|[from] Stealth Rock\n|faint|p1a: Yanmega\n|\n|t:|1782803046\n|switch|p1a: Skarmory|Skarmory, L80, M|235/235\n|-damage|p1a: Skarmory|206/235|[from] Stealth Rock\n|turn|8\n|inactive|91xxc has 120 seconds left.\n|\n|t:|1782803059\n|switch|p2a: Stonjourner|Stonjourner, L91, M|260/330\n|move|p1a: Skarmory|Brave Bird|p2a: Stonjourner\n|-resisted|p2a: Stonjourner\n|-damage|p2a: Stonjourner|230/330\n|-damage|p1a: Skarmory|196/235|[from] Recoil\n|\n|-heal|p1a: Skarmory|210/235|[from] item: Leftovers\n|upkeep\n|turn|9\n|inactive|91xxc has 120 seconds left.\n|\n|t:|1782803074\n|move|p2a: Stonjourner|Heat Crash|p1a: Skarmory\n|-supereffective|p1a: Skarmory\n|-damage|p1a: Skarmory|0 fnt\n|faint|p1a: Skarmory\n|-damage|p2a: Stonjourner|197/330|[from] item: Life Orb\n|\n|upkeep\n|\n|t:|1782803082\n|switch|p1a: Emboar|Emboar, L84, M|322/322\n|-damage|p1a: Emboar|282/322|[from] Stealth Rock\n|turn|10\n|inactive|91xxc has 120 seconds left.\n|\n|t:|1782803094\n|move|p2a: Stonjourner|Earthquake|p1a: Emboar\n|-supereffective|p1a: Emboar\n|-damage|p1a: Emboar|0 fnt\n|faint|p1a: Emboar\n|-damage|p2a: Stonjourner|164/330|[from] item: Life Orb\n|\n|upkeep\n|\n|t:|1782803101\n|switch|p1a: Camerupt|Camerupt, L91, M|275/275\n|-damage|p1a: Camerupt|241/275|[from] Stealth Rock\n|turn|11\n|\n|t:|1782803114\n|move|p2a: Stonjourner|Earthquake|p1a: Camerupt\n|-supereffective|p1a: Camerupt\n|-damage|p1a: Camerupt|17/275\n|-damage|p2a: Stonjourner|131/330|[from] item: Life Orb\n|move|p1a: Camerupt|Earthquake|p2a: Stonjourner\n|-supereffective|p2a: Stonjourner\n|-damage|p2a: Stonjourner|0 fnt\n|faint|p2a: Stonjourner\n|\n|-heal|p1a: Camerupt|34/275|[from] item: Leftovers\n|upkeep\n|inactive|91xxc has 120 seconds left.\n|\n|t:|1782803126\n|switch|p2a: Latias|Latias, L79, F|256/256\n|turn|12\n|\n|t:|1782803134\n|move|p2a: Latias|Psyshock|p1a: Camerupt\n|-damage|p1a: Camerupt|0 fnt\n|faint|p1a: Camerupt\n|\n|upkeep\n|\n|t:|1782803139\n|switch|p1a: Reuniclus|Reuniclus, L88, M|337/337\n|turn|13\n|\n|t:|1782803153\n|move|p2a: Latias|Draco Meteor|p1a: Reuniclus\n|-damage|p1a: Reuniclus|178/337\n|-unboost|p2a: Latias|spa|2\n|move|p1a: Reuniclus|Calm Mind|p1a: Reuniclus\n|-boost|p1a: Reuniclus|spa|1\n|-boost|p1a: Reuniclus|spd|1\n|\n|upkeep\n|turn|14\n|\n|t:|1782803168\n|move|p2a: Latias|Draco Meteor|p1a: Reuniclus\n|-damage|p1a: Reuniclus|121/337\n|-unboost|p2a: Latias|spa|2\n|move|p1a: Reuniclus|Calm Mind|p1a: Reuniclus\n|-boost|p1a: Reuniclus|spa|1\n|-boost|p1a: Reuniclus|spd|1\n|\n|upkeep\n|turn|15\n|\n|t:|1782803182\n|move|p2a: Latias|Draco Meteor|p1a: Reuniclus|[miss]\n|-miss|p2a: Latias|p1a: Reuniclus\n|move|p1a: Reuniclus|Psyshock|p2a: Latias\n|-resisted|p2a: Latias\n|-damage|p2a: Latias|109/256\n|\n|upkeep\n|turn|16\n|\n|t:|1782803188\n|move|p2a: Latias|Draco Meteor|p1a: Reuniclus|[miss]\n|-miss|p2a: Latias|p1a: Reuniclus\n|move|p1a: Reuniclus|Psyshock|p2a: Latias\n|-resisted|p2a: Latias\n|-damage|p2a: Latias|0 fnt\n|faint|p2a: Latias\n|\n|upkeep\n|\n|t:|1782803196\n|switch|p2a: Hydreigon|Hydreigon, L79, F|275/275\n|turn|17\n|\n|t:|1782803204\n|move|p2a: Hydreigon|Fire Blast|p1a: Reuniclus\n|-damage|p1a: Reuniclus|53/337\n|move|p1a: Reuniclus|Focus Blast|p2a: Hydreigon|[miss]\n|-miss|p1a: Reuniclus|p2a: Hydreigon\n|\n|upkeep\n|turn|18\n|\n|t:|1782803213\n|move|p2a: Hydreigon|Fire Blast|p1a: Reuniclus|[miss]\n|-miss|p2a: Hydreigon|p1a: Reuniclus\n|move|p1a: Reuniclus|Recover|p1a: Reuniclus\n|-heal|p1a: Reuniclus|222/337\n|\n|upkeep\n|turn|19\n|\n|t:|1782803221\n|switch|p2a: Forretress|Forretress, L84, F|263/263\n|move|p1a: Reuniclus|Calm Mind|p1a: Reuniclus\n|-boost|p1a: Reuniclus|spa|1\n|-boost|p1a: Reuniclus|spd|1\n|\n|upkeep\n|turn|20\n|\n|t:|1782803241\n|move|p2a: Forretress|Volt Switch|p1a: Reuniclus\n|-damage|p1a: Reuniclus|208/337\n|\n|t:|1782803246\n|switch|p2a: Hydreigon|Hydreigon, L79, F|275/275|[from] Volt Switch\n|move|p1a: Reuniclus|Calm Mind|p1a: Reuniclus\n|-boost|p1a: Reuniclus|spa|1\n|-boost|p1a: Reuniclus|spd|1\n|\n|upkeep\n|turn|21\n|\n|t:|1782803253\n|move|p2a: Hydreigon|Dark Pulse|p1a: Reuniclus\n|-supereffective|p1a: Reuniclus\n|-damage|p1a: Reuniclus|112/337\n|move|p1a: Reuniclus|Recover|p1a: Reuniclus\n|-heal|p1a: Reuniclus|281/337\n|\n|upkeep\n|turn|22\n|\n|t:|1782803260\n|move|p2a: Hydreigon|Dark Pulse|p1a: Reuniclus\n|-supereffective|p1a: Reuniclus\n|-damage|p1a: Reuniclus|185/337\n|move|p1a: Reuniclus|Focus Blast|p2a: Hydreigon\n|-supereffective|p2a: Hydreigon\n|-damage|p2a: Hydreigon|0 fnt\n|faint|p2a: Hydreigon\n|\n|upkeep\n|\n|t:|1782803267\n|switch|p2a: Forretress|Forretress, L84, F|263/263\n|turn|23\n|\n|t:|1782803271\n|move|p2a: Forretress|Iron Head|p1a: Reuniclus\n|-damage|p1a: Reuniclus|95/337\n|move|p1a: Reuniclus|Recover|p1a: Reuniclus\n|-heal|p1a: Reuniclus|264/337\n|\n|upkeep\n|turn|24\n|\n|t:|1782803277\n|move|p2a: Forretress|Iron Head|p1a: Reuniclus\n|-damage|p1a: Reuniclus|185/337\n|cant|p1a: Reuniclus|flinch\n|\n|upkeep\n|turn|25\n|\n|t:|1782803283\n|move|p2a: Forretress|Iron Head|p1a: Reuniclus\n|-damage|p1a: Reuniclus|103/337\n|move|p1a: Reuniclus|Recover|p1a: Reuniclus\n|-heal|p1a: Reuniclus|272/337\n|\n|upkeep\n|turn|26\n|\n|t:|1782803289\n|move|p2a: Forretress|Iron Head|p1a: Reuniclus\n|-damage|p1a: Reuniclus|185/337\n|move|p1a: Reuniclus|Focus Blast|p2a: Forretress|[miss]\n|-miss|p1a: Reuniclus|p2a: Forretress\n|\n|upkeep\n|turn|27\n|\n|t:|1782803296\n|move|p2a: Forretress|Iron Head|p1a: Reuniclus\n|-damage|p1a: Reuniclus|97/337\n|move|p1a: Reuniclus|Recover|p1a: Reuniclus\n|-heal|p1a: Reuniclus|266/337\n|\n|upkeep\n|turn|28\n|\n|t:|1782803302\n|move|p2a: Forretress|Iron Head|p1a: Reuniclus\n|-damage|p1a: Reuniclus|175/337\n|move|p1a: Reuniclus|Psyshock|p2a: Forretress\n|-resisted|p2a: Forretress\n|-damage|p2a: Forretress|108/263\n|\n|-heal|p2a: Forretress|124/263|[from] item: Leftovers\n|upkeep\n|turn|29\n|\n|t:|1782803310\n|move|p2a: Forretress|Iron Head|p1a: Reuniclus\n|-damage|p1a: Reuniclus|88/337\n|cant|p1a: Reuniclus|flinch\n|\n|-heal|p2a: Forretress|140/263|[from] item: Leftovers\n|upkeep\n|turn|30\n|\n|t:|1782803316\n|move|p2a: Forretress|Iron Head|p1a: Reuniclus\n|-damage|p1a: Reuniclus|0 fnt\n|faint|p1a: Reuniclus\n|\n|win|91xxc\n|raw|loliCommer's rating: 1023 &rarr; <strong>1009</strong><br />(-14 for losing)\n|raw|91xxc's rating: 1000 &rarr; <strong>1043</strong><br />(+43 for winning)\n|l|\u2606loliCommer\n|player|p1|\n", "inputlog": ">version f8ac14003a5f27e1bdc8d8c59608a773c1cb96e5\n>start {\"formatid\":\"gen9randombattle\",\"seed\":\"sodium,cc7623168de7dd07bec9cbbd0977d616\",\"rated\":\"Rated battle\"}\n>player p1 {\"name\":\"loliCommer\",\"avatar\":\"sabrina\",\"rating\":1023,\"seed\":\"sodium,ed503f70e40a5353794cd351d3a0ec33\"}\n>player p2 {\"name\":\"91xxc\",\"avatar\":\"2\",\"rating\":1000,\"seed\":\"sodium,759f018a95df363322df22aaa449fbb8\"}\n>chat \u2606loliCommer|make your move\n>p1 move uturn\n>p2 move heatcrash\n>p1 switch 6\n>p1 move hydropump\n>p2 switch 4\n>p1 switch 6\n>p2 move alluringvoice\n>p1 move bugbuzz\n>p2 move psyshock\n>p2 switch 4\n>p1 switch 6\n>p2 move stealthrock\n>p1 move hydropump\n>p2 switch 2\n>p1 move hydropump\n>p2 move bravebird\n>p1 switch 6\n>p2 switch 5\n>p1 switch 4\n>p1 move bravebird\n>p2 switch 2\n>p1 move bodypress\n>p2 move heatcrash\n>p1 switch 3\n>p1 move trailblaze\n>p2 move earthquake\n>p1 switch 2\n>p1 move earthquake\n>p2 move earthquake\n>p2 switch 2\n>p1 move stealthrock\n>p2 move psyshock\n>p1 switch 5\n>p1 move calmmind\n>p2 move dracometeor\n>p1 move calmmind\n>p2 move dracometeor\n>p1 move psyshock\n>p2 move dracometeor\n>p1 move psyshock\n>p2 move dracometeor\n>p2 switch 6\n>p1 move focusblast\n>p2 move fireblast\n>p1 move recover\n>p2 move fireblast\n>p1 move calmmind\n>p2 switch 3\n>p1 move calmmind\n>p2 move voltswitch\n>p2 switch 3\n>p1 move recover\n>p2 move darkpulse\n>p1 move focusblast\n>p2 move darkpulse\n>p2 switch 3\n>p1 move recover\n>p2 move ironhead\n>p1 move focusblast\n>p2 move ironhead\n>p1 move recover\n>p2 move ironhead\n>p1 move focusblast\n>p2 move ironhead\n>p1 move recover\n>p2 move ironhead\n>p1 move psyshock\n>p2 move ironhead\n>p1 move psyshock\n>p2 move ironhead\n>p1 move recover\n>p2 move ironhead", "uploadtime": 1782803333, "views": 3, "formatid": "gen9randombattle", "rating": 1009, "private": 0, "password": null, "player_dets": [{"name": "loliCommer", "avatar": "sabrina", "rating": 1023, "seed": "sodium,ed503f70e40a5353794cd351d3a0ec33"}, {"name": "91xxc", "avatar": "2", "rating": 1000, "seed": "sodium,759f018a95df363322df22aaa449fbb8"}], "teams_full": [{"Yanmega": {"name": "Yanmega", "species": "Yanmega", "speciesId": "yanmega", "gender": "M", "shiny": false, "level": 82, "moves": ["airslash", "gigadrain", "uturn", "bugbuzz"], "ability": "Tinted Lens", "evs": {"hp": 85, "atk": 85, "def": 85, "spa": 85, "spd": 85, "spe": 85}, "ivs": {"hp": 31, "atk": 31, "def": 31, "spa": 31, "spd": 31, "spe": 31}, "item": "Choice Specs", "teraType": "Bug", "role": "Wallbreaker", "bvs": {"hp": 86, "atk": 76, "def": 86, "spa": 116, "spd": 56, "spe": 95}, "stats": {"hp": 275, "atk": 172, "def": 188, "spa": 237, "spd": 139, "spe": 203}, "types": ["Bug", "Flying"]}, "Camerupt": {"name": "Camerupt", "species": "Camerupt", "speciesId": "camerupt", "gender": "M", "shiny": false, "level": 91, "moves": ["earthquake", "willowisp", "stealthrock", "overheat"], "ability": "Solid Rock", "evs": {"hp": 85, "atk": 85, "def": 85, "spa": 85, "spd": 85, "spe": 85}, "ivs": {"hp": 31, "atk": 31, "def": 31, "spa": 31, "spd": 31, "spe": 31}, "item": "Leftovers", "teraType": "Water", "role": "Bulky Support", "bvs": {"hp": 70, "atk": 100, "def": 70, "spa": 105, "spd": 75, "spe": 40}, "stats": {"hp": 275, "atk": 234, "def": 179, "spa": 243, "spd": 188, "spe": 125}, "types": ["Fire", "Ground"]}, "Emboar": {"name": "Emboar", "species": "Emboar", "speciesId": "emboar", "gender": "M", "shiny": false, "level": 84, "moves": ["bulkup", "trailblaze", "flareblitz", "drainpunch"], "ability": "Reckless", "evs": {"hp": 85, "atk": 85, "def": 85, "spa": 85, "spd": 85, "spe": 85}, "ivs": {"hp": 31, "atk": 31, "def": 31, "spa": 31, "spd": 31, "spe": 31}, "item": "Leftovers", "teraType": "Grass", "role": "Bulky Setup", "bvs": {"hp": 110, "atk": 123, "def": 65, "spa": 100, "spd": 65, "spe": 65}, "stats": {"hp": 322, "atk": 255, "def": 157, "spa": 216, "spd": 157, "spe": 157}, "types": ["Fire", "Fighting"]}, "Skarmory": {"name": "Skarmory", "species": "Skarmory", "speciesId": "skarmory", "gender": "M", "shiny": false, "level": 80, "moves": ["bodypress", "bravebird", "roost", "irondefense"], "ability": "Sturdy", "evs": {"hp": 85, "atk": 85, "def": 85, "spa": 85, "spd": 85, "spe": 85}, "ivs": {"hp": 31, "atk": 31, "def": 31, "spa": 31, "spd": 31, "spe": 31}, "item": "Leftovers", "teraType": "Fighting", "role": "Bulky Setup", "bvs": {"hp": 65, "atk": 80, "def": 140, "spa": 40, "spd": 70, "spe": 70}, "stats": {"hp": 235, "atk": 174, "def": 270, "spa": 110, "spd": 158, "spe": 158}, "types": ["Steel", "Flying"]}, "Reuniclus": {"name": "Reuniclus", "species": "Reuniclus", "speciesId": "reuniclus", "gender": "M", "shiny": false, "level": 88, "moves": ["focusblast", "recover", "psyshock", "calmmind"], "ability": "Magic Guard", "evs": {"hp": 85, "atk": 0, "def": 85, "spa": 85, "spd": 85, "spe": 85}, "ivs": {"hp": 31, "atk": 0, "def": 31, "spa": 31, "spd": 31, "spe": 31}, "item": "Life Orb", "teraType": "Fighting", "role": "Bulky Setup", "bvs": {"hp": 110, "atk": 65, "def": 75, "spa": 125, "spd": 85, "spe": 30}, "stats": {"hp": 337, "atk": 119, "def": 182, "spa": 270, "spd": 200, "spe": 103}, "types": ["Psychic"]}, "Palkia": {"name": "Palkia", "species": "Palkia", "speciesId": "palkia", "gender": "N", "shiny": false, "level": 75, "moves": ["spacialrend", "dracometeor", "fireblast", "hydropump"], "ability": "Pressure", "evs": {"hp": 85, "atk": 0, "def": 85, "spa": 85, "spd": 85, "spe": 85}, "ivs": {"hp": 31, "atk": 0, "def": 31, "spa": 31, "spd": 31, "spe": 31}, "item": "Choice Scarf", "teraType": "Fire", "role": "Fast Attacker", "bvs": {"hp": 90, "atk": 120, "def": 100, "spa": 150, "spd": 120, "spe": 100}, "stats": {"hp": 259, "atk": 185, "def": 194, "spa": 269, "spd": 224, "spe": 194}, "types": ["Water", "Dragon"]}}, {"Stonjourner": {"name": "Stonjourner", "species": "Stonjourner", "speciesId": "stonjourner", "gender": "M", "shiny": false, "level": 91, "moves": ["heatcrash", "stoneedge", "stealthrock", "earthquake"], "ability": "Power Spot", "evs": {"hp": 85, "atk": 85, "def": 85, "spa": 85, "spd": 85, "spe": 85}, "ivs": {"hp": 31, "atk": 31, "def": 31, "spa": 31, "spd": 31, "spe": 31}, "item": "Life Orb", "teraType": "Ground", "role": "Fast Attacker", "bvs": {"hp": 100, "atk": 125, "def": 135, "spa": 20, "spd": 20, "spe": 70}, "stats": {"hp": 330, "atk": 279, "def": 298, "spa": 88, "spd": 88, "spe": 179}, "types": ["Rock"]}, "Staraptor": {"name": "Staraptor", "species": "Staraptor", "speciesId": "staraptor", "gender": "F", "shiny": false, "level": 79, "moves": ["bravebird", "quickattack", "uturn", "closecombat"], "ability": "Reckless", "evs": {"hp": 81, "atk": 85, "def": 85, "spa": 85, "spd": 85, "spe": 85}, "ivs": {"hp": 31, "atk": 31, "def": 31, "spa": 31, "spd": 31, "spe": 31}, "item": "Choice Band", "teraType": "Fighting", "role": "Fast Attacker", "bvs": {"hp": 85, "atk": 120, "def": 70, "spa": 50, "spd": 60, "spe": 100}, "stats": {"hp": 263, "atk": 235, "def": 156, "spa": 125, "spd": 140, "spe": 204}, "types": ["Normal", "Flying"]}, "Forretress": {"name": "Forretress", "species": "Forretress", "speciesId": "forretress", "gender": "F", "shiny": false, "level": 84, "moves": ["toxicspikes", "ironhead", "voltswitch", "rapidspin"], "ability": "Sturdy", "evs": {"hp": 85, "atk": 85, "def": 85, "spa": 85, "spd": 85, "spe": 85}, "ivs": {"hp": 31, "atk": 31, "def": 31, "spa": 31, "spd": 31, "spe": 31}, "item": "Leftovers", "teraType": "Water", "role": "Bulky Support", "bvs": {"hp": 75, "atk": 90, "def": 140, "spa": 60, "spd": 60, "spe": 40}, "stats": {"hp": 263, "atk": 199, "def": 283, "spa": 149, "spd": 149, "spe": 115}, "types": ["Bug", "Steel"]}, "Espeon": {"name": "Espeon", "species": "Espeon", "speciesId": "espeon", "gender": "M", "shiny": false, "level": 84, "moves": ["psyshock", "calmmind", "alluringvoice", "shadowball"], "ability": "Magic Bounce", "evs": {"hp": 85, "atk": 0, "def": 85, "spa": 85, "spd": 85, "spe": 85}, "ivs": {"hp": 31, "atk": 0, "def": 31, "spa": 31, "spd": 31, "spe": 31}, "item": "Life Orb", "teraType": "Psychic", "role": "Fast Attacker", "bvs": {"hp": 65, "atk": 65, "def": 60, "spa": 130, "spd": 95, "spe": 110}, "stats": {"hp": 246, "atk": 114, "def": 149, "spa": 267, "spd": 208, "spe": 233}, "types": ["Psychic"]}, "Latias": {"name": "Latias", "species": "Latias", "speciesId": "latias", "gender": "F", "shiny": false, "level": 79, "moves": ["dracometeor", "calmmind", "recover", "psyshock"], "ability": "Levitate", "evs": {"hp": 85, "atk": 0, "def": 85, "spa": 85, "spd": 85, "spe": 85}, "ivs": {"hp": 31, "atk": 0, "def": 31, "spa": 31, "spd": 31, "spe": 31}, "item": "Soul Dew", "teraType": "Steel", "role": "Fast Bulky Setup", "bvs": {"hp": 80, "atk": 80, "def": 90, "spa": 110, "spd": 130, "spe": 110}, "stats": {"hp": 256, "atk": 131, "def": 188, "spa": 219, "spd": 251, "spe": 219}, "types": ["Dragon", "Psychic"]}, "Hydreigon": {"name": "Hydreigon", "species": "Hydreigon", "speciesId": "hydreigon", "gender": "F", "shiny": false, "level": 79, "moves": ["darkpulse", "dracometeor", "uturn", "fireblast"], "ability": "Levitate", "evs": {"hp": 85, "atk": 85, "def": 85, "spa": 85, "spd": 85, "spe": 85}, "ivs": {"hp": 31, "atk": 31, "def": 31, "spa": 31, "spd": 31, "spe": 31}, "item": "Choice Specs", "teraType": "Fire", "role": "Fast Attacker", "bvs": {"hp": 92, "atk": 105, "def": 90, "spa": 125, "spd": 90, "spe": 98}, "stats": {"hp": 275, "atk": 211, "def": 188, "spa": 243, "spd": 188, "spe": 200}, "types": ["Dark", "Dragon"]}}]}