{"id": "gen9randombattle-2641645432", "format": "[Gen 9] Random Battle", "players": ["discodiscogoodgood", "Specialdie"], "log": "|j|\u2606discodiscogoodgood\n|j|\u2606Specialdie\n|t:|1782824161\n|gametype|singles\n|player|p1|discodiscogoodgood|musician|2231\n|player|p2|Specialdie|acetrainer-gen4dp|2226\n|gen|9\n|tier|[Gen 9] Random Battle\n|rated|\n|rule|Species Clause: Limit one of each Pok\u00e9mon\n|rule|HP Percentage Mod: HP is shown in percentages\n|rule|Sleep Clause Mod: Limit one foe put to sleep\n|rule|Illusion Level Mod: Illusion disguises the Pok\u00e9mon's true level\n|\n|t:|1782824161\n|teamsize|p1|6\n|teamsize|p2|6\n|start\n|switch|p1a: Malamar|Malamar, L82, M|275/275\n|switch|p2a: Wyrdeer|Wyrdeer, L87, F|321/321\n|-ability|p2a: Wyrdeer|Intimidate|boost\n|-boost|p1a: Malamar|atk|1\n|turn|1\n|c|\u2606Specialdie|:/\n|\n|t:|1782824186\n|-terastallize|p2a: Wyrdeer|Ground\n|move|p1a: Malamar|Knock Off|p2a: Wyrdeer\n|-damage|p2a: Wyrdeer|158/321\n|-enditem|p2a: Wyrdeer|Leftovers|[from] move: Knock Off|[of] p1a: Malamar\n|move|p2a: Wyrdeer|Megahorn|p1a: Malamar|[miss]\n|-miss|p2a: Wyrdeer|p1a: Malamar\n|\n|upkeep\n|turn|2\n|c|\u2606Specialdie|ofc\n|\n|t:|1782824200\n|switch|p1a: Iron Treads|Iron Treads, L77|265/265\n|move|p2a: Wyrdeer|Thunder Wave|p1a: Iron Treads\n|-immune|p1a: Iron Treads\n|\n|upkeep\n|turn|3\n|\n|t:|1782824206\n|-end|p1a: Iron Treads|Quark Drive|[silent]\n|switch|p1a: Hitmontop|Hitmontop, L88, M|231/231\n|switch|p2a: Hariyama|Hariyama, L87, F|392/392\n|\n|upkeep\n|turn|4\n|\n|t:|1782824212\n|move|p1a: Hitmontop|Bulk Up|p1a: Hitmontop\n|-boost|p1a: Hitmontop|atk|1\n|-boost|p1a: Hitmontop|def|1\n|move|p2a: Hariyama|Knock Off|p1a: Hitmontop\n|-resisted|p1a: Hitmontop\n|-damage|p1a: Hitmontop|204/231\n|-enditem|p1a: Hitmontop|Leftovers|[from] move: Knock Off|[of] p2a: Hariyama\n|\n|upkeep\n|turn|5\n|\n|t:|1782824218\n|switch|p2a: Vaporeon|Vaporeon, L86, F|364/364\n|move|p1a: Hitmontop|Bulk Up|p1a: Hitmontop\n|-boost|p1a: Hitmontop|atk|1\n|-boost|p1a: Hitmontop|def|1\n|\n|upkeep\n|turn|6\n|\n|t:|1782824224\n|move|p1a: Hitmontop|Close Combat|p2a: Vaporeon\n|-damage|p2a: Vaporeon|0 fnt\n|-unboost|p1a: Hitmontop|def|1\n|-unboost|p1a: Hitmontop|spd|1\n|faint|p2a: Vaporeon\n|\n|upkeep\n|\n|t:|1782824238\n|switch|p2a: Meowscarada|Meowscarada, L78, M|247/247\n|turn|7\n|\n|t:|1782824242\n|move|p2a: Meowscarada|Flower Trick|p1a: Hitmontop\n|-start|p2a: Meowscarada|typechange|Grass|[from] ability: Protean\n|-crit|p1a: Hitmontop\n|-damage|p1a: Hitmontop|65/231\n|move|p1a: Hitmontop|Rapid Spin|p2a: Meowscarada\n|-damage|p2a: Meowscarada|113/247\n|-boost|p1a: Hitmontop|spe|1\n|\n|upkeep\n|turn|8\n|c|\u2606Specialdie|:/\n|\n|t:|1782824256\n|move|p1a: Hitmontop|Rapid Spin|p2a: Meowscarada\n|-damage|p2a: Meowscarada|0 fnt\n|-boost|p1a: Hitmontop|spe|1\n|faint|p2a: Meowscarada\n|\n|upkeep\n|\n|t:|1782824259\n|switch|p2a: Hariyama|Hariyama, L87, F|392/392\n|turn|9\n|\n|t:|1782824265\n|move|p1a: Hitmontop|Close Combat|p2a: Hariyama\n|-damage|p2a: Hariyama|68/392\n|-unboost|p1a: Hitmontop|def|1\n|-unboost|p1a: Hitmontop|spd|1\n|move|p2a: Hariyama|Close Combat|p1a: Hitmontop\n|-damage|p1a: Hitmontop|0 fnt\n|-unboost|p2a: Hariyama|def|1\n|-unboost|p2a: Hariyama|spd|1\n|faint|p1a: Hitmontop\n|\n|upkeep\n|inactive|Battle timer is ON: inactive players will automatically lose when time's up. (requested by Specialdie)\n|\n|t:|1782824275\n|switch|p1a: Iron Treads|Iron Treads, L77|265/265\n|turn|10\n|\n|t:|1782824278\n|move|p1a: Iron Treads|Earthquake|p2a: Hariyama\n|-damage|p2a: Hariyama|0 fnt\n|faint|p2a: Hariyama\n|\n|upkeep\n|\n|t:|1782824284\n|switch|p2a: Sandslash|Sandslash, L89, M|278/278\n|turn|11\n|\n|t:|1782824289\n|-end|p1a: Iron Treads|Quark Drive|[silent]\n|switch|p1a: Hydreigon|Hydreigon, L79, M|275/275\n|move|p2a: Sandslash|Spikes|p1a: Hydreigon\n|-sidestart|p1: discodiscogoodgood|Spikes\n|\n|upkeep\n|turn|12\n|\n|t:|1782824296\n|move|p1a: Hydreigon|Dark Pulse|p2a: Sandslash\n|-damage|p2a: Sandslash|89/278\n|move|p2a: Sandslash|Rapid Spin|p1a: Hydreigon\n|-damage|p1a: Hydreigon|236/275\n|-boost|p2a: Sandslash|spe|1\n|\n|-heal|p2a: Sandslash|106/278|[from] item: Leftovers\n|upkeep\n|turn|13\n|\n|t:|1782824303\n|move|p2a: Sandslash|Spikes|p1a: Hydreigon\n|-sidestart|p1: discodiscogoodgood|Spikes\n|move|p1a: Hydreigon|Dark Pulse|p2a: Sandslash\n|-damage|p2a: Sandslash|0 fnt\n|faint|p2a: Sandslash\n|\n|upkeep\n|\n|t:|1782824307\n|switch|p2a: Crawdaunt|Crawdaunt, L84, F|243/243\n|turn|14\n|\n|t:|1782824320\n|switch|p1a: Bastiodon|Bastiodon, L89, F|252/252\n|-damage|p1a: Bastiodon|210/252|[from] Spikes\n|move|p2a: Crawdaunt|Dragon Dance|p2a: Crawdaunt\n|-boost|p2a: Crawdaunt|atk|1\n|-boost|p2a: Crawdaunt|spe|1\n|\n|upkeep\n|turn|15\n|c|\u2606Specialdie|obvious tera\n|\n|t:|1782824338\n|-terastallize|p1a: Bastiodon|Fighting\n|move|p2a: Crawdaunt|Crabhammer|p1a: Bastiodon\n|-crit|p1a: Bastiodon\n|-damage|p1a: Bastiodon|0 fnt\n|faint|p1a: Bastiodon\n|-damage|p2a: Crawdaunt|219/243|[from] item: Life Orb\n|\n|upkeep\n|\n|t:|1782824346\n|switch|p1a: Hydreigon|Hydreigon, L79, M|236/275\n|turn|16\n|\n|t:|1782824353\n|switch|p2a: Wyrdeer|Wyrdeer, L87, F, tera:Ground|158/321\n|-ability|p2a: Wyrdeer|Intimidate|boost\n|-unboost|p1a: Hydreigon|atk|1\n|move|p1a: Hydreigon|U-turn|p2a: Wyrdeer\n|-crit|p2a: Wyrdeer\n|-damage|p2a: Wyrdeer|82/321\n|\n|t:|1782824360\n|switch|p1a: Malamar|Malamar, L82, M|275/275|[from] U-turn\n|-damage|p1a: Malamar|230/275|[from] Spikes\n|\n|upkeep\n|turn|17\n|\n|t:|1782824365\n|move|p1a: Malamar|Superpower|p2a: Wyrdeer\n|-damage|p2a: Wyrdeer|0 fnt\n|-boost|p1a: Malamar|atk|1\n|-boost|p1a: Malamar|def|1\n|faint|p2a: Wyrdeer\n|\n|upkeep\n|\n|t:|1782824366\n|switch|p2a: Crawdaunt|Crawdaunt, L84, F|219/243\n|turn|18\n|\n|t:|1782824369\n|move|p1a: Malamar|Superpower|p2a: Crawdaunt\n|-supereffective|p2a: Crawdaunt\n|-damage|p2a: Crawdaunt|0 fnt\n|-boost|p1a: Malamar|atk|1\n|-boost|p1a: Malamar|def|1\n|faint|p2a: Crawdaunt\n|\n|win|discodiscogoodgood\n", "inputlog": ">version f8ac14003a5f27e1bdc8d8c59608a773c1cb96e5\n>start {\"formatid\":\"gen9randombattle\",\"seed\":\"sodium,1165f82e1d81b99664fd6d04900105fd\",\"rated\":\"Rated battle\"}\n>player p1 {\"name\":\"discodiscogoodgood\",\"avatar\":\"musician\",\"rating\":2231,\"seed\":\"sodium,ababbabbab6d2cafc96272f60aa34b64\"}\n>player p2 {\"name\":\"Specialdie\",\"avatar\":\"acetrainer-gen4dp\",\"rating\":2226,\"seed\":\"sodium,533f1db89a44cb1cc4f4b1534f88f0fe\"}\n>chat \u2606Specialdie|:/\n>p1 move knockoff\n>p2 move megahorn terastallize\n>chat \u2606Specialdie|ofc\n>p1 switch 2\n>p2 move thunderwave\n>p1 switch 3\n>p2 switch 3\n>p1 move bulkup\n>p2 move knockoff\n>p1 move bulkup\n>p2 switch 6\n>p1 move closecombat\n>p2 move scald\n>p2 switch 4\n>p1 move rapidspin\n>p2 move flowertrick\n>chat \u2606Specialdie|:/\n>p1 move rapidspin\n>p2 move flowertrick\n>p2 switch 6\n>p1 move closecombat\n>p2 move closecombat\n>p1 switch 3\n>p1 move earthquake\n>p2 move closecombat\n>p2 switch 2\n>p1 switch 4\n>p2 move spikes\n>p1 move darkpulse\n>p2 move rapidspin\n>p1 move darkpulse\n>p2 move spikes\n>p2 switch 5\n>p1 switch 5\n>p2 move dragondance\n>chat \u2606Specialdie|obvious tera\n>p1 move bodypress terastallize\n>p2 move crabhammer\n>p1 switch 5\n>p1 move uturn\n>p2 switch 3\n>p1 switch 2\n>p1 move superpower\n>p2 move thunderwave\n>p2 switch 3\n>p1 move superpower\n>p2 move dragondance", "uploadtime": 1782824163, "views": 4, "formatid": "gen9randombattle", "rating": null, "private": 0, "password": null, "player_dets": [{"name": "discodiscogoodgood", "avatar": "musician", "rating": 2231, "seed": "sodium,ababbabbab6d2cafc96272f60aa34b64"}, {"name": "Specialdie", "avatar": "acetrainer-gen4dp", "rating": 2226, "seed": "sodium,533f1db89a44cb1cc4f4b1534f88f0fe"}], "teams_full": [{"Malamar": {"name": "Malamar", "species": "Malamar", "speciesId": "malamar", "gender": "M", "shiny": false, "level": 82, "moves": ["knockoff", "rest", "psychocut", "superpower"], "ability": "Contrary", "evs": {"hp": 85, "atk": 85, "def": 85, "spa": 85, "spd": 85, "spe": 85}, "ivs": {"hp": 31, "atk": 31, "def": 31, "spa": 31, "spd": 31, "spe": 31}, "item": "Chesto Berry", "teraType": "Fighting", "role": "Fast Bulky Setup", "bvs": {"hp": 86, "atk": 92, "def": 88, "spa": 68, "spd": 75, "spe": 73}, "stats": {"hp": 275, "atk": 198, "def": 191, "spa": 159, "spd": 170, "spe": 167}, "types": ["Dark", "Psychic"]}, "Iron Treads": {"name": "Iron Treads", "species": "Iron Treads", "speciesId": "irontreads", "gender": "N", "shiny": false, "level": 77, "moves": ["earthquake", "ironhead", "stealthrock", "rapidspin"], "ability": "Quark Drive", "evs": {"hp": 85, "atk": 85, "def": 85, "spa": 85, "spd": 85, "spe": 85}, "ivs": {"hp": 31, "atk": 31, "def": 31, "spa": 31, "spd": 31, "spe": 31}, "item": "Leftovers", "teraType": "Ghost", "role": "Bulky Support", "bvs": {"hp": 90, "atk": 112, "def": 120, "spa": 72, "spd": 70, "spe": 106}, "stats": {"hp": 265, "atk": 217, "def": 229, "spa": 155, "spd": 152, "spe": 208}, "types": ["Ground", "Steel"]}, "Hitmontop": {"name": "Hitmontop", "species": "Hitmontop", "speciesId": "hitmontop", "gender": "M", "shiny": false, "level": 88, "moves": ["closecombat", "tripleaxel", "bulkup", "rapidspin"], "ability": "Technician", "evs": {"hp": 85, "atk": 85, "def": 85, "spa": 85, "spd": 85, "spe": 85}, "ivs": {"hp": 31, "atk": 31, "def": 31, "spa": 31, "spd": 31, "spe": 31}, "item": "Leftovers", "teraType": "Ice", "role": "Bulky Setup", "bvs": {"hp": 50, "atk": 95, "def": 95, "spa": 35, "spd": 110, "spe": 70}, "stats": {"hp": 231, "atk": 217, "def": 217, "spa": 112, "spd": 244, "spe": 173}, "types": ["Fighting"]}, "Hydreigon": {"name": "Hydreigon", "species": "Hydreigon", "speciesId": "hydreigon", "gender": "M", "shiny": false, "level": 79, "moves": ["darkpulse", "uturn", "dracometeor", "fireblast"], "ability": "Levitate", "evs": {"hp": 85, "atk": 85, "def": 85, "spa": 85, "spd": 85, "spe": 85}, "ivs": {"hp": 31, "atk": 31, "def": 31, "spa": 31, "spd": 31, "spe": 31}, "item": "Choice Specs", "teraType": "Dark", "role": "Fast Attacker", "bvs": {"hp": 92, "atk": 105, "def": 90, "spa": 125, "spd": 90, "spe": 98}, "stats": {"hp": 275, "atk": 211, "def": 188, "spa": 243, "spd": 188, "spe": 200}, "types": ["Dark", "Dragon"]}, "Bastiodon": {"name": "Bastiodon", "species": "Bastiodon", "speciesId": "bastiodon", "gender": "F", "shiny": false, "level": 89, "moves": ["bodypress", "rest", "irondefense", "foulplay"], "ability": "Soundproof", "evs": {"hp": 85, "atk": 0, "def": 85, "spa": 85, "spd": 85, "spe": 85}, "ivs": {"hp": 31, "atk": 0, "def": 31, "spa": 31, "spd": 31, "spe": 31}, "item": "Chesto Berry", "teraType": "Fighting", "role": "Bulky Setup", "bvs": {"hp": 60, "atk": 52, "def": 168, "spa": 47, "spd": 138, "spe": 30}, "stats": {"hp": 252, "atk": 97, "def": 350, "spa": 134, "spd": 296, "spe": 104}, "types": ["Rock", "Steel"]}, "Entei": {"name": "Entei", "species": "Entei", "speciesId": "entei", "gender": "N", "shiny": false, "level": 78, "moves": ["sacredfire", "stompingtantrum", "flareblitz", "extremespeed"], "ability": "Inner Focus", "evs": {"hp": 85, "atk": 85, "def": 85, "spa": 85, "spd": 85, "spe": 85}, "ivs": {"hp": 31, "atk": 31, "def": 31, "spa": 31, "spd": 31, "spe": 31}, "item": "Choice Band", "teraType": "Normal", "role": "Wallbreaker", "bvs": {"hp": 115, "atk": 115, "def": 85, "spa": 90, "spd": 75, "spe": 100}, "stats": {"hp": 307, "atk": 224, "def": 178, "spa": 185, "spd": 162, "spe": 201}, "types": ["Fire"]}}, {"Wyrdeer": {"name": "Wyrdeer", "species": "Wyrdeer", "speciesId": "wyrdeer", "gender": "F", "shiny": false, "level": 87, "moves": ["megahorn", "thunderwave", "earthquake", "psychicnoise"], "ability": "Intimidate", "evs": {"hp": 85, "atk": 85, "def": 85, "spa": 85, "spd": 85, "spe": 85}, "ivs": {"hp": 31, "atk": 31, "def": 31, "spa": 31, "spd": 31, "spe": 31}, "item": "Leftovers", "teraType": "Ground", "role": "Bulky Attacker", "bvs": {"hp": 103, "atk": 105, "def": 72, "spa": 105, "spd": 75, "spe": 65}, "stats": {"hp": 321, "atk": 232, "def": 175, "spa": 232, "spd": 180, "spe": 163}, "types": ["Normal", "Psychic"]}, "Sandslash": {"name": "Sandslash", "species": "Sandslash", "speciesId": "sandslash", "gender": "M", "shiny": false, "level": 89, "moves": ["spikes", "knockoff", "rapidspin", "earthquake"], "ability": "Sand Rush", "evs": {"hp": 85, "atk": 85, "def": 85, "spa": 85, "spd": 85, "spe": 85}, "ivs": {"hp": 31, "atk": 31, "def": 31, "spa": 31, "spd": 31, "spe": 31}, "item": "Leftovers", "teraType": "Dragon", "role": "Bulky Support", "bvs": {"hp": 75, "atk": 100, "def": 110, "spa": 45, "spd": 55, "spe": 65}, "stats": {"hp": 278, "atk": 229, "def": 247, "spa": 131, "spd": 149, "spe": 166}, "types": ["Ground"]}, "Hariyama": {"name": "Hariyama", "species": "Hariyama", "speciesId": "hariyama", "gender": "F", "shiny": false, "level": 87, "moves": ["heavyslam", "closecombat", "headlongrush", "knockoff"], "ability": "Thick Fat", "evs": {"hp": 85, "atk": 85, "def": 85, "spa": 85, "spd": 85, "spe": 85}, "ivs": {"hp": 31, "atk": 31, "def": 31, "spa": 31, "spd": 31, "spe": 31}, "item": "Assault Vest", "teraType": "Steel", "role": "AV Pivot", "bvs": {"hp": 144, "atk": 120, "def": 60, "spa": 40, "spd": 60, "spe": 50}, "stats": {"hp": 392, "atk": 259, "def": 154, "spa": 119, "spd": 154, "spe": 137}, "types": ["Fighting"]}, "Meowscarada": {"name": "Meowscarada", "species": "Meowscarada", "speciesId": "meowscarada", "gender": "M", "shiny": false, "level": 78, "moves": ["flowertrick", "knockoff", "uturn", "tripleaxel"], "ability": "Protean", "evs": {"hp": 85, "atk": 85, "def": 85, "spa": 85, "spd": 85, "spe": 85}, "ivs": {"hp": 31, "atk": 31, "def": 31, "spa": 31, "spd": 31, "spe": 31}, "item": "Choice Band", "teraType": "Dark", "role": "Fast Support", "bvs": {"hp": 76, "atk": 110, "def": 70, "spa": 81, "spd": 70, "spe": 123}, "stats": {"hp": 247, "atk": 217, "def": 154, "spa": 171, "spd": 154, "spe": 237}, "types": ["Grass", "Dark"]}, "Crawdaunt": {"name": "Crawdaunt", "species": "Crawdaunt", "speciesId": "crawdaunt", "gender": "F", "shiny": false, "level": 84, "moves": ["crabhammer", "knockoff", "dragondance", "closecombat"], "ability": "Adaptability", "evs": {"hp": 85, "atk": 85, "def": 85, "spa": 85, "spd": 85, "spe": 85}, "ivs": {"hp": 31, "atk": 31, "def": 31, "spa": 31, "spd": 31, "spe": 31}, "item": "Life Orb", "teraType": "Fighting", "role": "Fast Attacker", "bvs": {"hp": 63, "atk": 120, "def": 85, "spa": 90, "spd": 55, "spe": 55}, "stats": {"hp": 243, "atk": 250, "def": 191, "spa": 199, "spd": 141, "spe": 141}, "types": ["Water", "Dark"]}, "Vaporeon": {"name": "Vaporeon", "species": "Vaporeon", "speciesId": "vaporeon", "gender": "F", "shiny": false, "level": 86, "moves": ["protect", "calmmind", "scald", "wish"], "ability": "Water Absorb", "evs": {"hp": 85, "atk": 0, "def": 85, "spa": 85, "spd": 85, "spe": 85}, "ivs": {"hp": 31, "atk": 0, "def": 31, "spa": 31, "spd": 31, "spe": 31}, "item": "Leftovers", "teraType": "Ghost", "role": "Bulky Setup", "bvs": {"hp": 130, "atk": 65, "def": 60, "spa": 110, "spd": 95, "spe": 65}, "stats": {"hp": 364, "atk": 116, "def": 152, "spa": 238, "spd": 213, "spe": 161}, "types": ["Water"]}}]}