{"id": "gen9randombattle-2641722428", "format": "[Gen 9] Random Battle", "players": ["LiggyLiggy", "Marferno"], "log": "|j|\u203dLiggyLiggy\n|j|\u2606Marferno\n|t:|1782834144\n|gametype|singles\n|player|p1|LiggyLiggy|1|1929\n|player|p2|Marferno|lucas-gen4pt|1920\n|gen|9\n|tier|[Gen 9] Random Battle\n|rated|\n|rule|Species Clause: Limit one of each Pok\u00e9mon\n|rule|HP Percentage Mod: HP is shown in percentages\n|rule|Sleep Clause Mod: Limit one foe put to sleep\n|rule|Illusion Level Mod: Illusion disguises the Pok\u00e9mon's true level\n|\n|t:|1782834144\n|teamsize|p1|6\n|teamsize|p2|6\n|start\n|switch|p1a: Arceus|Arceus-Electric, L70|284/284\n|switch|p2a: Smeargle|Smeargle, L95, F|258/258\n|turn|1\n|inactive|Battle timer is ON: inactive players will automatically lose when time's up. (requested by Marferno)\n|inactive|LiggyLiggy has 120 seconds left.\n|inactive|LiggyLiggy has 90 seconds left.\n|\n|t:|1782834205\n|switch|p2a: Rhydon|Rhydon, L85, F|317/317\n|move|p1a: Arceus|Judgment|p2a: Rhydon\n|-ability|p2a: Rhydon|Lightning Rod|boost\n|-boost|p2a: Rhydon|spa|1\n|\n|upkeep\n|turn|2\n|\n|t:|1782834214\n|switch|p1a: Volbeat|Volbeat, L90, M|263/263\n|move|p2a: Rhydon|Stealth Rock|p1a: Volbeat\n|-sidestart|p1: LiggyLiggy|move: Stealth Rock\n|\n|upkeep\n|turn|3\n|\n|t:|1782834218\n|switch|p2a: Mandibuzz|Mandibuzz, L85, F|326/326\n|move|p1a: Volbeat|Lunge|p2a: Mandibuzz\n|-damage|p2a: Mandibuzz|257/326\n|-unboost|p2a: Mandibuzz|atk|1\n|\n|upkeep\n|turn|4\n|\n|t:|1782834221\n|move|p1a: Volbeat|Lunge|p2a: Mandibuzz\n|-damage|p2a: Mandibuzz|184/326\n|-unboost|p2a: Mandibuzz|atk|1\n|move|p2a: Mandibuzz|Knock Off|p1a: Volbeat\n|-damage|p1a: Volbeat|223/263\n|-enditem|p1a: Volbeat|Heavy-Duty Boots|[from] move: Knock Off|[of] p2a: Mandibuzz\n|\n|upkeep\n|turn|5\n|\n|t:|1782834233\n|move|p1a: Volbeat|Lunge|p2a: Mandibuzz\n|-damage|p2a: Mandibuzz|120/326\n|-unboost|p2a: Mandibuzz|atk|1\n|move|p2a: Mandibuzz|Roost|p2a: Mandibuzz\n|-heal|p2a: Mandibuzz|283/326\n|-singleturn|p2a: Mandibuzz|move: Roost\n|\n|upkeep\n|turn|6\n|inactive|LiggyLiggy has 120 seconds left.\n|\n|t:|1782834276\n|move|p1a: Volbeat|Lunge|p2a: Mandibuzz\n|-damage|p2a: Mandibuzz|219/326\n|-unboost|p2a: Mandibuzz|atk|1\n|move|p2a: Mandibuzz|Brave Bird|p1a: Volbeat\n|-supereffective|p1a: Volbeat\n|-crit|p1a: Volbeat\n|-damage|p1a: Volbeat|0 fnt\n|faint|p1a: Volbeat\n|-damage|p2a: Mandibuzz|145/326|[from] Recoil\n|\n|upkeep\n|\n|t:|1782834291\n|switch|p1a: Arceus|Arceus-Electric, L70|284/284\n|-damage|p1a: Arceus|249/284|[from] Stealth Rock\n|turn|7\n|\n|t:|1782834296\n|switch|p2a: Rhydon|Rhydon, L85, F|317/317\n|move|p1a: Arceus|Calm Mind|p1a: Arceus\n|-boost|p1a: Arceus|spa|1\n|-boost|p1a: Arceus|spd|1\n|\n|upkeep\n|turn|8\n|\n|t:|1782834300\n|-terastallize|p1a: Arceus|Ice\n|move|p1a: Arceus|Ice Beam|p2a: Rhydon\n|-supereffective|p2a: Rhydon\n|-damage|p2a: Rhydon|57/317\n|-status|p2a: Rhydon|frz\n|-curestatus|p2a: Rhydon|frz|[msg]\n|move|p2a: Rhydon|Earthquake|p1a: Arceus\n|-damage|p1a: Arceus|117/284\n|\n|upkeep\n|turn|9\n|\n|t:|1782834304\n|move|p1a: Arceus|Ice Beam|p2a: Rhydon\n|-supereffective|p2a: Rhydon\n|-damage|p2a: Rhydon|0 fnt\n|faint|p2a: Rhydon\n|\n|upkeep\n|\n|t:|1782834307\n|switch|p2a: Gumshoos|Gumshoos, L95, F|321/321\n|turn|10\n|\n|t:|1782834311\n|move|p1a: Arceus|Ice Beam|p2a: Gumshoos\n|-damage|p2a: Gumshoos|177/321\n|move|p2a: Gumshoos|Double-Edge|p1a: Arceus\n|-damage|p1a: Arceus|0 fnt\n|faint|p1a: Arceus\n|-damage|p2a: Gumshoos|138/321|[from] Recoil\n|\n|upkeep\n|\n|t:|1782834318\n|switch|p1a: Yanmega|Yanmega, L82, F|275/275\n|turn|11\n|\n|t:|1782834322\n|move|p1a: Yanmega|Air Slash|p2a: Gumshoos\n|-damage|p2a: Gumshoos|41/321\n|move|p2a: Gumshoos|Double-Edge|p1a: Yanmega\n|-damage|p1a: Yanmega|0 fnt\n|faint|p1a: Yanmega\n|-damage|p2a: Gumshoos|0 fnt|[from] Recoil\n|faint|p2a: Gumshoos\n|\n|upkeep\n|\n|t:|1782834330\n|switch|p1a: Veluza|Veluza, L85, F|292/292\n|switch|p2a: Smeargle|Smeargle, L95, F|258/258\n|-damage|p1a: Veluza|256/292|[from] Stealth Rock\n|turn|12\n|\n|t:|1782834336\n|move|p2a: Smeargle|Spore|p1a: Veluza\n|-status|p1a: Veluza|slp|[from] move: Spore\n|cant|p1a: Veluza|slp\n|\n|upkeep\n|turn|13\n|\n|t:|1782834348\n|move|p2a: Smeargle|Shell Smash|p2a: Smeargle\n|-unboost|p2a: Smeargle|def|1\n|-unboost|p2a: Smeargle|spd|1\n|-boost|p2a: Smeargle|atk|2\n|-boost|p2a: Smeargle|spa|2\n|-boost|p2a: Smeargle|spe|2\n|-curestatus|p1a: Veluza|slp|[msg]\n|move|p1a: Veluza|Fillet Away|p1a: Veluza\n|-boost|p1a: Veluza|atk|2\n|-boost|p1a: Veluza|spa|2\n|-boost|p1a: Veluza|spe|2\n|-damage|p1a: Veluza|110/292\n|-enditem|p1a: Veluza|Sitrus Berry|[eat]\n|-heal|p1a: Veluza|183/292|[from] item: Sitrus Berry\n|\n|upkeep\n|turn|14\n|\n|t:|1782834357\n|move|p2a: Smeargle|Population Bomb|p1a: Veluza\n|-damage|p1a: Veluza|149/292\n|-damage|p1a: Veluza|112/292\n|-damage|p1a: Veluza|73/292\n|-damage|p1a: Veluza|34/292\n|-damage|p1a: Veluza|0 fnt\n|faint|p1a: Veluza\n|-hitcount|p1: Veluza|5\n|\n|upkeep\n|\n|t:|1782834359\n|switch|p1a: Dedenne|Dedenne, L88, F|261/261\n|-damage|p1a: Dedenne|229/261|[from] Stealth Rock\n|turn|15\n|\n|t:|1782834371\n|-terastallize|p2a: Smeargle|Normal\n|move|p2a: Smeargle|Population Bomb|p1a: Dedenne\n|-damage|p1a: Dedenne|169/261\n|-damage|p1a: Dedenne|109/261\n|-enditem|p1a: Dedenne|Sitrus Berry|[eat]\n|-heal|p1a: Dedenne|174/261|[from] item: Sitrus Berry\n|-heal|p1a: Dedenne|261/261|[from] ability: Cheek Pouch\n|-damage|p1a: Dedenne|201/261\n|-damage|p1a: Dedenne|149/261\n|-damage|p1a: Dedenne|93/261\n|-damage|p1a: Dedenne|41/261\n|-damage|p1a: Dedenne|0 fnt\n|faint|p1a: Dedenne\n|-hitcount|p1: Dedenne|7\n|\n|upkeep\n|inactive|LiggyLiggy has 120 seconds left.\n|\n|t:|1782834401\n|switch|p1a: Chansey|Chansey, L85, F|564/564\n|-damage|p1a: Chansey|494/564|[from] Stealth Rock\n|turn|16\n|\n|t:|1782834405\n|move|p2a: Smeargle|Population Bomb|p1a: Chansey\n|-crit|p1a: Chansey\n|-damage|p1a: Chansey|336/564\n|-crit|p1a: Chansey\n|-damage|p1a: Chansey|192/564\n|-damage|p1a: Chansey|102/564\n|-damage|p1a: Chansey|12/564\n|-damage|p1a: Chansey|0 fnt\n|faint|p1a: Chansey\n|-hitcount|p1: Chansey|5\n|\n|win|Marferno\n", "inputlog": ">version f8ac14003a5f27e1bdc8d8c59608a773c1cb96e5\n>start {\"formatid\":\"gen9randombattle\",\"seed\":\"sodium,41de6fe87448a4b76a0b6584ed4b740a\",\"rated\":\"Rated battle\"}\n>player p1 {\"name\":\"LiggyLiggy\",\"avatar\":\"1\",\"rating\":1929,\"seed\":\"sodium,ed134ee73d796c4386137269ead604eb\"}\n>player p2 {\"name\":\"Marferno\",\"avatar\":\"lucas-gen4pt\",\"rating\":1920,\"seed\":\"sodium,30759357712795ed76c6e09f07eaa40f\"}\n>p1 move judgment\n>p2 switch 5\n>p1 switch 6\n>p2 move stealthrock\n>p1 move lunge\n>p2 switch 6\n>p1 move lunge\n>p2 move knockoff\n>p1 move lunge\n>p2 move roost\n>p1 move lunge\n>p2 move bravebird\n>p1 switch 6\n>p1 move calmmind\n>p2 switch 6\n>p1 move icebeam terastallize\n>p2 move earthquake\n>p1 move icebeam\n>p2 move earthquake\n>p2 switch 3\n>p1 move icebeam\n>p2 move doubleedge\n>p1 switch 3\n>p1 move airslash\n>p2 move doubleedge\n>p1 switch 4\n>p2 switch 5\n>p1 move filletaway\n>p2 move spore\n>p1 move filletaway\n>p2 move shellsmash\n>p1 move aquacutter\n>p2 move populationbomb\n>p1 switch 5\n>p1 move thunderbolt\n>p2 move populationbomb terastallize\n>p1 switch 2\n>p1 move thunderwave\n>p2 move populationbomb", "uploadtime": 1782834149, "views": 5, "formatid": "gen9randombattle", "rating": null, "private": 0, "password": null, "player_dets": [{"name": "LiggyLiggy", "avatar": "1", "rating": 1929, "seed": "sodium,ed134ee73d796c4386137269ead604eb"}, {"name": "Marferno", "avatar": "lucas-gen4pt", "rating": 1920, "seed": "sodium,30759357712795ed76c6e09f07eaa40f"}], "teams_full": [{"Arceus": {"name": "Arceus", "species": "Arceus-Electric", "speciesId": "arceuselectric", "gender": "N", "shiny": false, "level": 70, "moves": ["recover", "calmmind", "icebeam", "judgment"], "ability": "Multitype", "evs": {"hp": 85, "atk": 0, "def": 85, "spa": 85, "spd": 85, "spe": 85}, "ivs": {"hp": 31, "atk": 0, "def": 31, "spa": 31, "spd": 31, "spe": 31}, "item": "Zap Plate", "teraType": "Ice", "role": "Bulky Setup", "bvs": {"hp": 120, "atk": 120, "def": 120, "spa": 120, "spd": 120, "spe": 120}, "stats": {"hp": 284, "atk": 173, "def": 209, "spa": 209, "spd": 209, "spe": 209}, "types": ["Electric"]}, "Chansey": {"name": "Chansey", "species": "Chansey", "speciesId": "chansey", "gender": "F", "shiny": false, "level": 85, "moves": ["softboiled", "healbell", "seismictoss", "thunderwave"], "ability": "Natural Cure", "evs": {"hp": 85, "atk": 0, "def": 85, "spa": 85, "spd": 85, "spe": 85}, "ivs": {"hp": 31, "atk": 0, "def": 31, "spa": 31, "spd": 31, "spe": 31}, "item": "Eviolite", "teraType": "Ghost", "role": "Bulky Support", "bvs": {"hp": 250, "atk": 5, "def": 5, "spa": 35, "spd": 105, "spe": 50}, "stats": {"hp": 564, "atk": 13, "def": 57, "spa": 108, "spd": 227, "spe": 134}, "types": ["Normal"]}, "Yanmega": {"name": "Yanmega", "species": "Yanmega", "speciesId": "yanmega", "gender": "F", "shiny": false, "level": 82, "moves": ["protect", "terablast", "bugbuzz", "airslash"], "ability": "Speed Boost", "evs": {"hp": 85, "atk": 0, "def": 85, "spa": 85, "spd": 85, "spe": 85}, "ivs": {"hp": 31, "atk": 0, "def": 31, "spa": 31, "spd": 31, "spe": 31}, "item": "Heavy-Duty Boots", "teraType": "Ground", "role": "Tera Blast user", "bvs": {"hp": 86, "atk": 76, "def": 86, "spa": 116, "spd": 56, "spe": 95}, "stats": {"hp": 275, "atk": 129, "def": 188, "spa": 237, "spd": 139, "spe": 203}, "types": ["Bug", "Flying"]}, "Veluza": {"name": "Veluza", "species": "Veluza", "speciesId": "veluza", "gender": "F", "shiny": false, "level": 85, "moves": ["nightslash", "psychocut", "filletaway", "aquacutter"], "ability": "Sharpness", "evs": {"hp": 85, "atk": 85, "def": 85, "spa": 85, "spd": 85, "spe": 85}, "ivs": {"hp": 31, "atk": 31, "def": 31, "spa": 31, "spd": 31, "spe": 31}, "item": "Sitrus Berry", "teraType": "Psychic", "role": "Setup Sweeper", "bvs": {"hp": 90, "atk": 102, "def": 73, "spa": 78, "spd": 65, "spe": 70}, "stats": {"hp": 292, "atk": 222, "def": 173, "spa": 181, "spd": 159, "spe": 168}, "types": ["Water", "Psychic"]}, "Dedenne": {"name": "Dedenne", "species": "Dedenne", "speciesId": "dedenne", "gender": "F", "shiny": false, "level": 88, "moves": ["dazzlinggleam", "thunderbolt", "uturn", "superfang"], "ability": "Cheek Pouch", "evs": {"hp": 85, "atk": 85, "def": 85, "spa": 85, "spd": 85, "spe": 85}, "ivs": {"hp": 31, "atk": 31, "def": 31, "spa": 31, "spd": 31, "spe": 31}, "item": "Sitrus Berry", "teraType": "Flying", "role": "Fast Support", "bvs": {"hp": 67, "atk": 58, "def": 57, "spa": 81, "spd": 67, "spe": 101}, "stats": {"hp": 261, "atk": 152, "def": 151, "spa": 193, "spd": 168, "spe": 228}, "types": ["Electric", "Fairy"]}, "Volbeat": {"name": "Volbeat", "species": "Volbeat", "speciesId": "volbeat", "gender": "M", "shiny": false, "level": 90, "moves": ["roost", "thunderwave", "lunge", "encore"], "ability": "Prankster", "evs": {"hp": 85, "atk": 85, "def": 85, "spa": 85, "spd": 85, "spe": 85}, "ivs": {"hp": 31, "atk": 31, "def": 31, "spa": 31, "spd": 31, "spe": 31}, "item": "Heavy-Duty Boots", "teraType": "Water", "role": "Bulky Attacker", "bvs": {"hp": 65, "atk": 73, "def": 75, "spa": 47, "spd": 85, "spe": 85}, "stats": {"hp": 263, "atk": 183, "def": 186, "spa": 136, "spd": 204, "spe": 204}, "types": ["Bug"]}}, {"Smeargle": {"name": "Smeargle", "species": "Smeargle", "speciesId": "smeargle", "gender": "F", "shiny": false, "level": 95, "moves": ["shellsmash", "powertrip", "populationbomb", "spore"], "ability": "Technician", "evs": {"hp": 85, "atk": 85, "def": 85, "spa": 85, "spd": 85, "spe": 85}, "ivs": {"hp": 31, "atk": 31, "def": 31, "spa": 31, "spd": 31, "spe": 31}, "item": "Wide Lens", "teraType": "Normal", "role": "Setup Sweeper", "bvs": {"hp": 55, "atk": 20, "def": 35, "spa": 20, "spd": 45, "spe": 75}, "stats": {"hp": 258, "atk": 92, "def": 120, "spa": 92, "spd": 139, "spe": 196}, "types": ["Normal"]}, "Cresselia": {"name": "Cresselia", "species": "Cresselia", "speciesId": "cresselia", "gender": "F", "shiny": false, "level": 80, "moves": ["calmmind", "moonlight", "moonblast", "psyshock"], "ability": "Levitate", "evs": {"hp": 85, "atk": 0, "def": 85, "spa": 85, "spd": 85, "spe": 85}, "ivs": {"hp": 31, "atk": 0, "def": 31, "spa": 31, "spd": 31, "spe": 31}, "item": "Leftovers", "teraType": "Steel", "role": "Bulky Setup", "bvs": {"hp": 120, "atk": 70, "def": 110, "spa": 75, "spd": 120, "spe": 85}, "stats": {"hp": 323, "atk": 117, "def": 222, "spa": 166, "spd": 238, "spe": 182}, "types": ["Psychic"]}, "Gumshoos": {"name": "Gumshoos", "species": "Gumshoos", "speciesId": "gumshoos", "gender": "F", "shiny": false, "level": 95, "moves": ["uturn", "knockoff", "earthquake", "doubleedge"], "ability": "Stakeout", "evs": {"hp": 85, "atk": 85, "def": 85, "spa": 85, "spd": 85, "spe": 85}, "ivs": {"hp": 31, "atk": 31, "def": 31, "spa": 31, "spd": 31, "spe": 31}, "item": "Choice Band", "teraType": "Normal", "role": "Wallbreaker", "bvs": {"hp": 88, "atk": 110, "def": 60, "spa": 55, "spd": 60, "spe": 45}, "stats": {"hp": 321, "atk": 263, "def": 168, "spa": 158, "spd": 168, "spe": 139}, "types": ["Normal"]}, "Jirachi": {"name": "Jirachi", "species": "Jirachi", "speciesId": "jirachi", "gender": "N", "shiny": false, "level": 80, "moves": ["drainpunch", "ironhead", "bodyslam", "uturn"], "ability": "Serene Grace", "evs": {"hp": 85, "atk": 85, "def": 85, "spa": 85, "spd": 85, "spe": 85}, "ivs": {"hp": 31, "atk": 31, "def": 31, "spa": 31, "spd": 31, "spe": 31}, "item": "Assault Vest", "teraType": "Fighting", "role": "Bulky Attacker", "bvs": {"hp": 100, "atk": 100, "def": 100, "spa": 100, "spd": 100, "spe": 100}, "stats": {"hp": 291, "atk": 206, "def": 206, "spa": 206, "spd": 206, "spe": 206}, "types": ["Steel", "Psychic"]}, "Rhydon": {"name": "Rhydon", "species": "Rhydon", "speciesId": "rhydon", "gender": "F", "shiny": false, "level": 85, "moves": ["stoneedge", "earthquake", "megahorn", "stealthrock"], "ability": "Lightning Rod", "evs": {"hp": 85, "atk": 85, "def": 85, "spa": 85, "spd": 85, "spe": 85}, "ivs": {"hp": 31, "atk": 31, "def": 31, "spa": 31, "spd": 31, "spe": 31}, "item": "Eviolite", "teraType": "Grass", "role": "Bulky Attacker", "bvs": {"hp": 105, "atk": 130, "def": 120, "spa": 45, "spd": 45, "spe": 40}, "stats": {"hp": 317, "atk": 270, "def": 253, "spa": 125, "spd": 125, "spe": 117}, "types": ["Ground", "Rock"]}, "Mandibuzz": {"name": "Mandibuzz", "species": "Mandibuzz", "speciesId": "mandibuzz", "gender": "F", "shiny": false, "level": 85, "moves": ["knockoff", "defog", "roost", "bravebird"], "ability": "Overcoat", "evs": {"hp": 85, "atk": 85, "def": 85, "spa": 85, "spd": 85, "spe": 85}, "ivs": {"hp": 31, "atk": 31, "def": 31, "spa": 31, "spd": 31, "spe": 31}, "item": "Heavy-Duty Boots", "teraType": "Steel", "role": "Bulky Attacker", "bvs": {"hp": 110, "atk": 65, "def": 105, "spa": 55, "spd": 95, "spe": 80}, "stats": {"hp": 326, "atk": 159, "def": 227, "spa": 142, "spd": 210, "spe": 185}, "types": ["Dark", "Flying"]}}]}