{"id": "gen9randombattle-2641530108", "format": "[Gen 9] Random Battle", "players": ["Aoi531", "YUNGCORV"], "log": "|j|\u2606Aoi531\n|j|\u2606YUNGCORV\n|t:|1782801681\n|gametype|singles\n|player|p1|Aoi531|jasmine|2103\n|player|p2|YUNGCORV|266|2104\n|gen|9\n|tier|[Gen 9] Random Battle\n|rated|\n|rule|Species Clause: Limit one of each Pok\u00e9mon\n|rule|HP Percentage Mod: HP is shown in percentages\n|rule|Sleep Clause Mod: Limit one foe put to sleep\n|rule|Illusion Level Mod: Illusion disguises the Pok\u00e9mon's true level\n|\n|t:|1782801681\n|teamsize|p1|6\n|teamsize|p2|6\n|start\n|switch|p1a: Stonjourner|Stonjourner, L91, M|330/330\n|switch|p2a: Basculegion|Basculegion, L80, M|323/323\n|turn|1\n|inactive|Battle timer is ON: inactive players will automatically lose when time's up. (requested by YUNGCORV)\n|\n|t:|1782801702\n|move|p1a: Stonjourner|Stone Edge|p2a: Basculegion|[miss]\n|-miss|p1a: Stonjourner|p2a: Basculegion\n|move|p2a: Basculegion|Wave Crash|p1a: Stonjourner\n|-supereffective|p1a: Stonjourner\n|-damage|p1a: Stonjourner|94/330\n|-damage|p2a: Basculegion|245/323|[from] Recoil\n|\n|upkeep\n|turn|2\n|\n|t:|1782801716\n|move|p1a: Stonjourner|Earthquake|p2a: Basculegion\n|-damage|p2a: Basculegion|66/323\n|-damage|p1a: Stonjourner|61/330|[from] item: Life Orb\n|move|p2a: Basculegion|Wave Crash|p1a: Stonjourner\n|-supereffective|p1a: Stonjourner\n|-damage|p1a: Stonjourner|0 fnt\n|faint|p1a: Stonjourner\n|-damage|p2a: Basculegion|46/323|[from] Recoil\n|\n|upkeep\n|\n|t:|1782801723\n|switch|p1a: Serperior|Serperior, L79, F|248/248\n|turn|3\n|\n|t:|1782801735\n|switch|p2a: Seviper|Seviper, L93, F|287/287\n|move|p1a: Serperior|Leaf Storm|p2a: Seviper\n|-resisted|p2a: Seviper\n|-damage|p2a: Seviper|205/287\n|-boost|p1a: Serperior|spa|2\n|-damage|p1a: Serperior|224/248|[from] item: Life Orb\n|\n|-heal|p2a: Seviper|222/287|[from] item: Leftovers\n|upkeep\n|turn|4\n|\n|t:|1782801750\n|-terastallize|p1a: Serperior|Rock\n|move|p1a: Serperior|Leaf Storm|p2a: Seviper\n|-resisted|p2a: Seviper\n|-damage|p2a: Seviper|70/287\n|-boost|p1a: Serperior|spa|2\n|-damage|p1a: Serperior|200/248|[from] item: Life Orb\n|move|p2a: Seviper|Trailblaze|p1a: Serperior\n|-supereffective|p1a: Serperior\n|-damage|p1a: Serperior|116/248\n|-boost|p2a: Seviper|spe|1\n|\n|-heal|p2a: Seviper|87/287|[from] item: Leftovers\n|upkeep\n|turn|5\n|\n|t:|1782801765\n|move|p2a: Seviper|Earthquake|p1a: Serperior\n|-supereffective|p1a: Serperior\n|-damage|p1a: Serperior|0 fnt\n|faint|p1a: Serperior\n|\n|-heal|p2a: Seviper|104/287|[from] item: Leftovers\n|upkeep\n|\n|t:|1782801775\n|switch|p1a: Kricketune|Kricketune, L99, M|312/312\n|turn|6\n|\n|t:|1782801785\n|move|p2a: Seviper|Gunk Shot|p1a: Kricketune\n|-damage|p1a: Kricketune|120/312\n|move|p1a: Kricketune|Pounce|p2a: Seviper\n|-resisted|p2a: Seviper\n|-damage|p2a: Seviper|45/287\n|-unboost|p2a: Seviper|spe|1\n|\n|-heal|p2a: Seviper|62/287|[from] item: Leftovers\n|upkeep\n|turn|7\n|\n|t:|1782801795\n|move|p1a: Kricketune|Knock Off|p2a: Seviper\n|-damage|p2a: Seviper|0 fnt\n|-enditem|p2a: Seviper|Leftovers|[from] move: Knock Off|[of] p1a: Kricketune\n|faint|p2a: Seviper\n|\n|upkeep\n|\n|t:|1782801818\n|switch|p2a: Sceptile|Sceptile, L87, F|264/264\n|turn|8\n|\n|t:|1782801823\n|move|p2a: Sceptile|Rock Slide|p1a: Kricketune\n|-supereffective|p1a: Kricketune\n|-damage|p1a: Kricketune|0 fnt\n|faint|p1a: Kricketune\n|-damage|p2a: Sceptile|238/264|[from] item: Life Orb\n|\n|upkeep\n|\n|t:|1782801836\n|switch|p1a: Scream Tail|Scream Tail, L84|330/330\n|turn|9\n|\n|t:|1782801852\n|move|p2a: Sceptile|Shed Tail|p2a: Sceptile\n|-start|p2a: Sceptile|Substitute|[from] move: Shed Tail\n|-damage|p2a: Sceptile|106/264\n|\n|t:|1782801855\n|switch|p2a: Darkrai|Darkrai, L77|234/234|[from] Shed Tail\n|move|p1a: Scream Tail|Wish|p1a: Scream Tail\n|\n|upkeep\n|turn|10\n|\n|t:|1782801864\n|move|p2a: Darkrai|Nasty Plot|p2a: Darkrai\n|-boost|p2a: Darkrai|spa|2\n|move|p1a: Scream Tail|Play Rough|p2a: Darkrai\n|-supereffective|p2a: Darkrai\n|-end|p2a: Darkrai|Substitute\n|\n|upkeep\n|turn|11\n|\n|t:|1782801875\n|-terastallize|p2a: Darkrai|Poison\n|move|p2a: Darkrai|Sludge Bomb|p1a: Scream Tail\n|-supereffective|p1a: Scream Tail\n|-damage|p1a: Scream Tail|18/330\n|move|p1a: Scream Tail|Encore|p2a: Darkrai\n|-start|p2a: Darkrai|Encore\n|\n|-heal|p1a: Scream Tail|38/330|[from] item: Leftovers\n|upkeep\n|turn|12\n|-message|Aoi531 forfeited.\n|\n|win|YUNGCORV\n", "inputlog": ">version f8ac14003a5f27e1bdc8d8c59608a773c1cb96e5\n>start {\"formatid\":\"gen9randombattle\",\"seed\":\"sodium,056f80c41ae05fa6b90b1eb0d07005bb\",\"rated\":\"Rated battle\"}\n>player p1 {\"name\":\"Aoi531\",\"avatar\":\"jasmine\",\"rating\":2103,\"seed\":\"sodium,9705dda4f118372a1de337314f4a68fa\"}\n>player p2 {\"name\":\"YUNGCORV\",\"avatar\":\"266\",\"rating\":2104,\"seed\":\"sodium,145c24228125d85ab451129d1df567ca\"}\n>p1 move stoneedge\n>p2 move wavecrash\n>p1 move earthquake\n>p2 move wavecrash\n>p1 switch 2\n>p1 move leafstorm\n>p2 switch 2\n>p1 move leafstorm terastallize\n>p2 move trailblaze\n>p1 move glare\n>p2 move earthquake\n>p1 switch 3\n>p1 move pounce\n>p2 move gunkshot\n>p1 move knockoff\n>p2 move trailblaze\n>p2 switch 5\n>p1 move stickyweb\n>p2 move rockslide\n>p1 switch 4\n>p1 move wish\n>p2 move shedtail\n>p2 switch 6\n>p1 move playrough\n>p2 move nastyplot\n>p1 move encore\n>p2 move sludgebomb terastallize\n>forcelose p1", "uploadtime": 1782801685, "views": 3, "formatid": "gen9randombattle", "rating": null, "private": 0, "password": null, "player_dets": [{"name": "Aoi531", "avatar": "jasmine", "rating": 2103, "seed": "sodium,9705dda4f118372a1de337314f4a68fa"}, {"name": "YUNGCORV", "avatar": "266", "rating": 2104, "seed": "sodium,145c24228125d85ab451129d1df567ca"}], "teams_full": [{"Stonjourner": {"name": "Stonjourner", "species": "Stonjourner", "speciesId": "stonjourner", "gender": "M", "shiny": false, "level": 91, "moves": ["stoneedge", "earthquake", "heatcrash", "stealthrock"], "ability": "Power Spot", "evs": {"hp": 85, "atk": 85, "def": 85, "spa": 85, "spd": 85, "spe": 85}, "ivs": {"hp": 31, "atk": 31, "def": 31, "spa": 31, "spd": 31, "spe": 31}, "item": "Life Orb", "teraType": "Ground", "role": "Fast Attacker", "bvs": {"hp": 100, "atk": 125, "def": 135, "spa": 20, "spd": 20, "spe": 70}, "stats": {"hp": 330, "atk": 279, "def": 298, "spa": 88, "spd": 88, "spe": 179}, "types": ["Rock"]}, "Serperior": {"name": "Serperior", "species": "Serperior", "speciesId": "serperior", "gender": "F", "shiny": false, "level": 79, "moves": ["glare", "terablast", "synthesis", "leafstorm"], "ability": "Contrary", "evs": {"hp": 85, "atk": 85, "def": 85, "spa": 85, "spd": 85, "spe": 85}, "ivs": {"hp": 31, "atk": 31, "def": 31, "spa": 31, "spd": 31, "spe": 31}, "item": "Life Orb", "teraType": "Rock", "role": "Tera Blast user", "bvs": {"hp": 75, "atk": 75, "def": 95, "spa": 75, "spd": 95, "spe": 113}, "stats": {"hp": 248, "atk": 164, "def": 196, "spa": 164, "spd": 196, "spe": 224}, "types": ["Grass"]}, "Kricketune": {"name": "Kricketune", "species": "Kricketune", "speciesId": "kricketune", "gender": "M", "shiny": false, "level": 99, "moves": ["pounce", "taunt", "knockoff", "stickyweb"], "ability": "Technician", "evs": {"hp": 85, "atk": 85, "def": 85, "spa": 85, "spd": 85, "spe": 85}, "ivs": {"hp": 31, "atk": 31, "def": 31, "spa": 31, "spd": 31, "spe": 31}, "item": "Heavy-Duty Boots", "teraType": "Ghost", "role": "Fast Support", "bvs": {"hp": 77, "atk": 85, "def": 51, "spa": 55, "spd": 51, "spe": 65}, "stats": {"hp": 312, "atk": 224, "def": 157, "spa": 165, "spd": 157, "spe": 185}, "types": ["Bug"]}, "Scream Tail": {"name": "Scream Tail", "species": "Scream Tail", "speciesId": "screamtail", "gender": "N", "shiny": false, "level": 84, "moves": ["wish", "playrough", "encore", "protect"], "ability": "Protosynthesis", "evs": {"hp": 85, "atk": 85, "def": 85, "spa": 85, "spd": 85, "spe": 85}, "ivs": {"hp": 31, "atk": 31, "def": 31, "spa": 31, "spd": 31, "spe": 31}, "item": "Leftovers", "teraType": "Steel", "role": "Bulky Support", "bvs": {"hp": 115, "atk": 65, "def": 99, "spa": 65, "spd": 115, "spe": 111}, "stats": {"hp": 330, "atk": 157, "def": 215, "spa": 157, "spd": 241, "spe": 235}, "types": ["Fairy", "Psychic"]}, "Ambipom": {"name": "Ambipom", "species": "Ambipom", "speciesId": "ambipom", "gender": "F", "shiny": false, "level": 84, "moves": ["uturn", "fakeout", "knockoff", "doubleedge"], "ability": "Technician", "evs": {"hp": 85, "atk": 85, "def": 85, "spa": 85, "spd": 85, "spe": 85}, "ivs": {"hp": 31, "atk": 31, "def": 31, "spa": 31, "spd": 31, "spe": 31}, "item": "Silk Scarf", "teraType": "Normal", "role": "Wallbreaker", "bvs": {"hp": 75, "atk": 100, "def": 66, "spa": 60, "spd": 66, "spe": 115}, "stats": {"hp": 263, "atk": 216, "def": 159, "spa": 149, "spd": 159, "spe": 241}, "types": ["Normal"]}, "Pincurchin": {"name": "Pincurchin", "species": "Pincurchin", "speciesId": "pincurchin", "gender": "M", "shiny": false, "level": 100, "moves": ["toxicspikes", "thunderbolt", "scald", "recover"], "ability": "Electric Surge", "evs": {"hp": 85, "atk": 0, "def": 85, "spa": 85, "spd": 85, "spe": 85}, "ivs": {"hp": 31, "atk": 0, "def": 31, "spa": 31, "spd": 31, "spe": 31}, "item": "Leftovers", "teraType": "Water", "role": "Bulky Attacker", "bvs": {"hp": 48, "atk": 101, "def": 95, "spa": 91, "spd": 85, "spe": 15}, "stats": {"hp": 258, "atk": 207, "def": 247, "spa": 239, "spd": 227, "spe": 87}, "types": ["Electric"]}}, {"Basculegion": {"name": "Basculegion", "species": "Basculegion", "speciesId": "basculegion", "gender": "M", "shiny": false, "level": 80, "moves": ["wavecrash", "shadowball", "aquajet", "flipturn"], "ability": "Adaptability", "evs": {"hp": 85, "atk": 85, "def": 85, "spa": 85, "spd": 85, "spe": 85}, "ivs": {"hp": 31, "atk": 31, "def": 31, "spa": 31, "spd": 31, "spe": 31}, "item": "Assault Vest", "teraType": "Water", "role": "AV Pivot", "bvs": {"hp": 120, "atk": 112, "def": 65, "spa": 80, "spd": 75, "spe": 78}, "stats": {"hp": 323, "atk": 225, "def": 150, "spa": 174, "spd": 166, "spe": 171}, "types": ["Water", "Ghost"]}, "Seviper": {"name": "Seviper", "species": "Seviper", "speciesId": "seviper", "gender": "F", "shiny": false, "level": 93, "moves": ["gunkshot", "earthquake", "swordsdance", "trailblaze"], "ability": "Shed Skin", "evs": {"hp": 85, "atk": 85, "def": 85, "spa": 85, "spd": 85, "spe": 85}, "ivs": {"hp": 31, "atk": 31, "def": 31, "spa": 31, "spd": 31, "spe": 31}, "item": "Leftovers", "teraType": "Grass", "role": "Bulky Setup", "bvs": {"hp": 73, "atk": 100, "def": 60, "spa": 100, "spd": 60, "spe": 65}, "stats": {"hp": 287, "atk": 239, "def": 164, "spa": 239, "spd": 164, "spe": 174}, "types": ["Poison"]}, "Shiftry": {"name": "Shiftry", "species": "Shiftry", "speciesId": "shiftry", "gender": "M", "shiny": false, "level": 89, "moves": ["willowisp", "suckerpunch", "leafstorm", "knockoff"], "ability": "Wind Rider", "evs": {"hp": 85, "atk": 85, "def": 85, "spa": 85, "spd": 85, "spe": 85}, "ivs": {"hp": 31, "atk": 31, "def": 31, "spa": 31, "spd": 31, "spe": 31}, "item": "Life Orb", "teraType": "Dark", "role": "Fast Support", "bvs": {"hp": 90, "atk": 100, "def": 60, "spa": 90, "spd": 60, "spe": 80}, "stats": {"hp": 305, "atk": 229, "def": 158, "spa": 211, "spd": 158, "spe": 193}, "types": ["Grass", "Dark"]}, "Phione": {"name": "Phione", "species": "Phione", "speciesId": "phione", "gender": "N", "shiny": false, "level": 91, "moves": ["grassknot", "takeheart", "icebeam", "scald"], "ability": "Hydration", "evs": {"hp": 85, "atk": 0, "def": 85, "spa": 85, "spd": 85, "spe": 85}, "ivs": {"hp": 31, "atk": 0, "def": 31, "spa": 31, "spd": 31, "spe": 31}, "item": "Leftovers", "teraType": "Steel", "role": "Bulky Attacker", "bvs": {"hp": 80, "atk": 80, "def": 80, "spa": 80, "spd": 80, "spe": 80}, "stats": {"hp": 293, "atk": 150, "def": 197, "spa": 197, "spd": 197, "spe": 197}, "types": ["Water"]}, "Sceptile": {"name": "Sceptile", "species": "Sceptile", "speciesId": "sceptile", "gender": "F", "shiny": false, "level": 87, "moves": ["leafstorm", "shedtail", "earthquake", "rockslide"], "ability": "Overgrow", "evs": {"hp": 85, "atk": 85, "def": 85, "spa": 85, "spd": 85, "spe": 85}, "ivs": {"hp": 31, "atk": 31, "def": 31, "spa": 31, "spd": 31, "spe": 31}, "item": "Life Orb", "teraType": "Steel", "role": "Fast Attacker", "bvs": {"hp": 70, "atk": 85, "def": 65, "spa": 105, "spd": 85, "spe": 120}, "stats": {"hp": 264, "atk": 198, "def": 163, "spa": 232, "spd": 198, "spe": 259}, "types": ["Grass"]}, "Darkrai": {"name": "Darkrai", "species": "Darkrai", "speciesId": "darkrai", "gender": "N", "shiny": false, "level": 77, "moves": ["substitute", "sludgebomb", "darkpulse", "nastyplot"], "ability": "Bad Dreams", "evs": {"hp": 85, "atk": 0, "def": 85, "spa": 85, "spd": 85, "spe": 85}, "ivs": {"hp": 31, "atk": 0, "def": 31, "spa": 31, "spd": 31, "spe": 31}, "item": "Leftovers", "teraType": "Poison", "role": "Setup Sweeper", "bvs": {"hp": 70, "atk": 90, "def": 90, "spa": 135, "spd": 90, "spe": 125}, "stats": {"hp": 234, "atk": 143, "def": 183, "spa": 252, "spd": 183, "spe": 237}, "types": ["Dark"]}}]}