{"id": "gen9randombattle-2641476990", "format": "[Gen 9] Random Battle", "players": ["anoncowboy", "Mundilloo"], "log": "|j|\u2606anoncowboy\n|j|\u2606Mundilloo\n|t:|1782790936\n|gametype|singles\n|player|p1|anoncowboy|pokemonranger-gen4|1943\n|player|p2|Mundilloo|2|1916\n|gen|9\n|tier|[Gen 9] Random Battle\n|rated|\n|rule|Species Clause: Limit one of each Pok\u00e9mon\n|rule|HP Percentage Mod: HP is shown in percentages\n|rule|Sleep Clause Mod: Limit one foe put to sleep\n|rule|Illusion Level Mod: Illusion disguises the Pok\u00e9mon's true level\n|\n|t:|1782790936\n|teamsize|p1|6\n|teamsize|p2|6\n|start\n|switch|p1a: Raikou|Raikou, L81|278/278\n|switch|p2a: Iron Valiant|Iron Valiant, L78|244/244\n|-ability|p1a: Raikou|Pressure\n|turn|1\n|inactive|Battle timer is ON: inactive players will automatically lose when time's up. (requested by anoncowboy)\n|\n|t:|1782790954\n|-end|p2a: Iron Valiant|Quark Drive|[silent]\n|switch|p2a: Dachsbun|Dachsbun, L92, F|254/254\n|move|p1a: Raikou|Thunderbolt|p2a: Dachsbun\n|-damage|p2a: Dachsbun|146/254\n|\n|-heal|p2a: Dachsbun|161/254|[from] item: Leftovers\n|upkeep\n|turn|2\n|\n|t:|1782790960\n|move|p2a: Dachsbun|Protect|p2a: Dachsbun\n|-singleturn|p2a: Dachsbun|Protect\n|move|p1a: Raikou|Scald|p2a: Dachsbun\n|-activate|p2a: Dachsbun|move: Protect\n|\n|-heal|p2a: Dachsbun|176/254|[from] item: Leftovers\n|upkeep\n|turn|3\n|\n|t:|1782790972\n|move|p1a: Raikou|Scald|p2a: Dachsbun\n|-damage|p2a: Dachsbun|115/254\n|-status|p2a: Dachsbun|brn\n|move|p2a: Dachsbun|Wish|p2a: Dachsbun\n|\n|-heal|p2a: Dachsbun|130/254 brn|[from] item: Leftovers\n|-damage|p2a: Dachsbun|115/254 brn|[from] brn\n|upkeep\n|turn|4\n|\n|t:|1782790981\n|switch|p2a: Darkrai|Darkrai, L77|234/234\n|move|p1a: Raikou|Calm Mind|p1a: Raikou\n|-boost|p1a: Raikou|spa|1\n|-boost|p1a: Raikou|spd|1\n|\n|upkeep\n|turn|5\n|\n|t:|1782790985\n|move|p2a: Darkrai|Sludge Bomb|p1a: Raikou\n|-damage|p1a: Raikou|230/278\n|-status|p1a: Raikou|psn\n|move|p1a: Raikou|Thunderbolt|p2a: Darkrai\n|-damage|p2a: Darkrai|63/234\n|\n|-heal|p2a: Darkrai|77/234|[from] item: Leftovers\n|-heal|p1a: Raikou|247/278 psn|[from] item: Leftovers\n|-damage|p1a: Raikou|213/278 psn|[from] psn\n|upkeep\n|turn|6\n|\n|t:|1782790992\n|switch|p2a: Dachsbun|Dachsbun, L92, F|115/254 brn\n|move|p1a: Raikou|Thunderbolt|p2a: Dachsbun\n|-damage|p2a: Dachsbun|0 fnt\n|faint|p2a: Dachsbun\n|\n|-heal|p1a: Raikou|230/278 psn|[from] item: Leftovers\n|-damage|p1a: Raikou|196/278 psn|[from] psn\n|upkeep\n|\n|t:|1782791001\n|switch|p2a: Avalugg|Avalugg-Hisui, L90, M|317/317\n|turn|7\n|\n|t:|1782791003\n|move|p1a: Raikou|Scald|p2a: Avalugg\n|-supereffective|p2a: Avalugg\n|-damage|p2a: Avalugg|37/317\n|move|p2a: Avalugg|Avalanche|p1a: Raikou\n|-damage|p1a: Raikou|0 fnt\n|faint|p1a: Raikou\n|\n|upkeep\n|\n|t:|1782791024\n|switch|p1a: Vigoroth|Vigoroth, L85, M|275/275\n|turn|8\n|\n|t:|1782791037\n|switch|p2a: Scyther|Scyther, L82, M|249/249\n|move|p1a: Vigoroth|Bulk Up|p1a: Vigoroth\n|-boost|p1a: Vigoroth|atk|1\n|-boost|p1a: Vigoroth|def|1\n|\n|upkeep\n|turn|9\n|\n|t:|1782791042\n|move|p2a: Scyther|Close Combat|p1a: Vigoroth\n|-supereffective|p1a: Vigoroth\n|-damage|p1a: Vigoroth|187/275\n|-unboost|p2a: Scyther|def|1\n|-unboost|p2a: Scyther|spd|1\n|move|p1a: Vigoroth|Body Slam|p2a: Scyther\n|-damage|p2a: Scyther|44/249\n|\n|upkeep\n|turn|10\n|\n|t:|1782791047\n|move|p2a: Scyther|Close Combat|p1a: Vigoroth\n|-supereffective|p1a: Vigoroth\n|-damage|p1a: Vigoroth|105/275\n|-unboost|p2a: Scyther|def|1\n|-unboost|p2a: Scyther|spd|1\n|move|p1a: Vigoroth|Slack Off|p1a: Vigoroth\n|-heal|p1a: Vigoroth|243/275\n|\n|upkeep\n|turn|11\n|\n|t:|1782791050\n|move|p2a: Scyther|Close Combat|p1a: Vigoroth\n|-supereffective|p1a: Vigoroth\n|-damage|p1a: Vigoroth|159/275\n|-unboost|p2a: Scyther|def|1\n|-unboost|p2a: Scyther|spd|1\n|move|p1a: Vigoroth|Bulk Up|p1a: Vigoroth\n|-boost|p1a: Vigoroth|atk|1\n|-boost|p1a: Vigoroth|def|1\n|\n|upkeep\n|turn|12\n|\n|t:|1782791053\n|move|p2a: Scyther|Close Combat|p1a: Vigoroth\n|-supereffective|p1a: Vigoroth\n|-damage|p1a: Vigoroth|97/275\n|-unboost|p2a: Scyther|def|1\n|-unboost|p2a: Scyther|spd|1\n|move|p1a: Vigoroth|Slack Off|p1a: Vigoroth\n|-heal|p1a: Vigoroth|235/275\n|\n|upkeep\n|turn|13\n|\n|t:|1782791056\n|move|p2a: Scyther|Close Combat|p1a: Vigoroth\n|-supereffective|p1a: Vigoroth\n|-damage|p1a: Vigoroth|177/275\n|-unboost|p2a: Scyther|def|1\n|-unboost|p2a: Scyther|spd|1\n|move|p1a: Vigoroth|Body Slam|p2a: Scyther\n|-damage|p2a: Scyther|0 fnt\n|faint|p2a: Scyther\n|\n|upkeep\n|\n|t:|1782791064\n|switch|p2a: Phione|Phione, L91|293/293\n|turn|14\n|\n|t:|1782791069\n|move|p1a: Vigoroth|Body Slam|p2a: Phione\n|-damage|p2a: Phione|134/293\n|-status|p2a: Phione|par\n|move|p2a: Phione|Scald|p1a: Vigoroth\n|-damage|p1a: Vigoroth|95/275\n|\n|-heal|p2a: Phione|152/293 par|[from] item: Leftovers\n|upkeep\n|turn|15\n|\n|t:|1782791080\n|move|p1a: Vigoroth|Slack Off|p1a: Vigoroth\n|-heal|p1a: Vigoroth|233/275\n|move|p2a: Phione|Scald|p1a: Vigoroth\n|-damage|p1a: Vigoroth|149/275\n|-status|p1a: Vigoroth|brn\n|\n|-heal|p2a: Phione|170/293 par|[from] item: Leftovers\n|-damage|p1a: Vigoroth|132/275 brn|[from] brn\n|upkeep\n|turn|16\n|\n|t:|1782791087\n|move|p1a: Vigoroth|Bulk Up|p1a: Vigoroth\n|-boost|p1a: Vigoroth|atk|1\n|-boost|p1a: Vigoroth|def|1\n|cant|p2a: Phione|par\n|\n|-heal|p2a: Phione|188/293 par|[from] item: Leftovers\n|-damage|p1a: Vigoroth|115/275 brn|[from] brn\n|upkeep\n|turn|17\n|\n|t:|1782791092\n|move|p1a: Vigoroth|Knock Off|p2a: Phione\n|-damage|p2a: Phione|113/293 par\n|-enditem|p2a: Phione|Leftovers|[from] move: Knock Off|[of] p1a: Vigoroth\n|move|p2a: Phione|Rest|p2a: Phione\n|-status|p2a: Phione|slp|[from] move: Rest\n|-heal|p2a: Phione|293/293 slp|[silent]\n|\n|-damage|p1a: Vigoroth|98/275 brn|[from] brn\n|upkeep\n|turn|18\n|\n|t:|1782791098\n|move|p1a: Vigoroth|Body Slam|p2a: Phione\n|-damage|p2a: Phione|197/293 slp\n|cant|p2a: Phione|slp\n|move|p2a: Phione|Sleep Talk|p2a: Phione\n|move|p2a: Phione|Rest||[from] move: Sleep Talk|[still]\n|-fail|p2a: Phione\n|\n|-damage|p1a: Vigoroth|81/275 brn|[from] brn\n|upkeep\n|turn|19\n|\n|t:|1782791102\n|move|p1a: Vigoroth|Slack Off|p1a: Vigoroth\n|-heal|p1a: Vigoroth|219/275 brn\n|cant|p2a: Phione|slp\n|move|p2a: Phione|Sleep Talk|p2a: Phione\n|move|p2a: Phione|Take Heart|p2a: Phione|[from] move: Sleep Talk\n|-boost|p2a: Phione|spa|1\n|-boost|p2a: Phione|spd|1\n|-curestatus|p2a: Phione|slp|[msg]\n|\n|-damage|p1a: Vigoroth|202/275 brn|[from] brn\n|upkeep\n|turn|20\n|\n|t:|1782791105\n|move|p1a: Vigoroth|Body Slam|p2a: Phione\n|-damage|p2a: Phione|95/293\n|-status|p2a: Phione|par\n|move|p2a: Phione|Rest|p2a: Phione\n|-status|p2a: Phione|slp|[from] move: Rest\n|-heal|p2a: Phione|293/293 slp|[silent]\n|\n|-damage|p1a: Vigoroth|185/275 brn|[from] brn\n|upkeep\n|turn|21\n|\n|t:|1782791109\n|move|p1a: Vigoroth|Bulk Up|p1a: Vigoroth\n|-boost|p1a: Vigoroth|atk|1\n|-boost|p1a: Vigoroth|def|1\n|cant|p2a: Phione|slp\n|move|p2a: Phione|Sleep Talk|p2a: Phione\n|move|p2a: Phione|Take Heart|p2a: Phione|[from] move: Sleep Talk\n|-boost|p2a: Phione|spa|1\n|-boost|p2a: Phione|spd|1\n|-curestatus|p2a: Phione|slp|[msg]\n|\n|-damage|p1a: Vigoroth|168/275 brn|[from] brn\n|upkeep\n|turn|22\n|\n|t:|1782791119\n|move|p1a: Vigoroth|Body Slam|p2a: Phione\n|-damage|p2a: Phione|178/293\n|-status|p2a: Phione|par\n|move|p2a: Phione|Take Heart|p2a: Phione\n|-boost|p2a: Phione|spa|1\n|-boost|p2a: Phione|spd|1\n|-curestatus|p2a: Phione|par|[msg]\n|\n|-damage|p1a: Vigoroth|151/275 brn|[from] brn\n|upkeep\n|turn|23\n|\n|t:|1782791124\n|move|p1a: Vigoroth|Body Slam|p2a: Phione\n|-damage|p2a: Phione|58/293\n|move|p2a: Phione|Rest|p2a: Phione\n|-status|p2a: Phione|slp|[from] move: Rest\n|-heal|p2a: Phione|293/293 slp|[silent]\n|\n|-damage|p1a: Vigoroth|134/275 brn|[from] brn\n|upkeep\n|turn|24\n|\n|t:|1782791131\n|move|p1a: Vigoroth|Body Slam|p2a: Phione\n|-damage|p2a: Phione|179/293 slp\n|cant|p2a: Phione|slp\n|move|p2a: Phione|Sleep Talk|p2a: Phione\n|move|p2a: Phione|Scald|p1a: Vigoroth|[from] move: Sleep Talk\n|-damage|p1a: Vigoroth|0 fnt\n|faint|p1a: Vigoroth\n|\n|upkeep\n|\n|t:|1782791139\n|switch|p1a: Maushold|Maushold-Four, L76|238/238\n|turn|25\n|\n|t:|1782791144\n|move|p1a: Maushold|Tidy Up|p1a: Maushold\n|-boost|p1a: Maushold|atk|1\n|-boost|p1a: Maushold|spe|1\n|cant|p2a: Phione|slp\n|move|p2a: Phione|Sleep Talk|p2a: Phione\n|move|p2a: Phione|Scald|p1a: Maushold|[from] move: Sleep Talk\n|-damage|p1a: Maushold|0 fnt\n|faint|p1a: Maushold\n|\n|upkeep\n|\n|t:|1782791148\n|switch|p1a: Swanna|Swanna, L89, M|278/278\n|turn|26\n|\n|t:|1782791154\n|move|p1a: Swanna|Brave Bird|p2a: Phione\n|-damage|p2a: Phione|52/293 slp\n|-damage|p1a: Swanna|236/278|[from] Recoil\n|-curestatus|p2a: Phione|slp|[msg]\n|move|p2a: Phione|Rest|p2a: Phione\n|-status|p2a: Phione|slp|[from] move: Rest\n|-heal|p2a: Phione|293/293 slp|[silent]\n|\n|upkeep\n|turn|27\n|\n|t:|1782791160\n|move|p1a: Swanna|Brave Bird|p2a: Phione\n|-damage|p2a: Phione|166/293 slp\n|-damage|p1a: Swanna|194/278|[from] Recoil\n|cant|p2a: Phione|slp\n|move|p2a: Phione|Sleep Talk|p2a: Phione\n|move|p2a: Phione|Take Heart|p2a: Phione|[from] move: Sleep Talk\n|-boost|p2a: Phione|spa|1\n|-boost|p2a: Phione|spd|1\n|-curestatus|p2a: Phione|slp|[msg]\n|\n|upkeep\n|turn|28\n|\n|t:|1782791164\n|move|p1a: Swanna|Brave Bird|p2a: Phione\n|-damage|p2a: Phione|46/293\n|-damage|p1a: Swanna|154/278|[from] Recoil\n|move|p2a: Phione|Rest|p2a: Phione\n|-status|p2a: Phione|slp|[from] move: Rest\n|-heal|p2a: Phione|293/293 slp|[silent]\n|\n|upkeep\n|turn|29\n|\n|t:|1782791169\n|move|p1a: Swanna|Brave Bird|p2a: Phione\n|-damage|p2a: Phione|172/293 slp\n|-damage|p1a: Swanna|114/278|[from] Recoil\n|cant|p2a: Phione|slp\n|move|p2a: Phione|Sleep Talk|p2a: Phione\n|move|p2a: Phione|Rest||[from] move: Sleep Talk|[still]\n|-fail|p2a: Phione\n|\n|upkeep\n|turn|30\n|\n|t:|1782791174\n|move|p1a: Swanna|Roost|p1a: Swanna\n|-heal|p1a: Swanna|253/278\n|-singleturn|p1a: Swanna|move: Roost\n|cant|p2a: Phione|slp\n|move|p2a: Phione|Sleep Talk|p2a: Phione\n|move|p2a: Phione|Rest||[from] move: Sleep Talk|[still]\n|-fail|p2a: Phione\n|\n|upkeep\n|turn|31\n|\n|t:|1782791182\n|move|p1a: Swanna|Brave Bird|p2a: Phione\n|-damage|p2a: Phione|40/293 slp\n|-damage|p1a: Swanna|209/278|[from] Recoil\n|-curestatus|p2a: Phione|slp|[msg]\n|move|p2a: Phione|Rest|p2a: Phione\n|-status|p2a: Phione|slp|[from] move: Rest\n|-heal|p2a: Phione|293/293 slp|[silent]\n|\n|upkeep\n|turn|32\n|\n|t:|1782791187\n|move|p1a: Swanna|Brave Bird|p2a: Phione\n|-damage|p2a: Phione|161/293 slp\n|-damage|p1a: Swanna|165/278|[from] Recoil\n|cant|p2a: Phione|slp\n|move|p2a: Phione|Sleep Talk|p2a: Phione\n|move|p2a: Phione|Rest||[from] move: Sleep Talk|[still]\n|-fail|p2a: Phione\n|\n|upkeep\n|turn|33\n|\n|t:|1782791191\n|move|p1a: Swanna|Brave Bird|p2a: Phione\n|-damage|p2a: Phione|23/293 slp\n|-damage|p1a: Swanna|119/278|[from] Recoil\n|cant|p2a: Phione|slp\n|move|p2a: Phione|Sleep Talk|p2a: Phione\n|move|p2a: Phione|Scald|p1a: Swanna|[from] move: Sleep Talk\n|-resisted|p1a: Swanna\n|-damage|p1a: Swanna|0 fnt\n|faint|p1a: Swanna\n|\n|upkeep\n|\n|t:|1782791197\n|switch|p1a: Hitmonlee|Hitmonlee, L85, M|224/224\n|turn|34\n|\n|t:|1782791203\n|move|p1a: Hitmonlee|Close Combat|p2a: Phione\n|-damage|p2a: Phione|0 fnt\n|-unboost|p1a: Hitmonlee|def|1\n|-unboost|p1a: Hitmonlee|spd|1\n|faint|p2a: Phione\n|-enditem|p1a: Hitmonlee|White Herb\n|-clearnegativeboost|p1a: Hitmonlee|[silent]\n|\n|upkeep\n|\n|t:|1782791212\n|switch|p2a: Iron Valiant|Iron Valiant, L78|244/244\n|turn|35\n|\n|t:|1782791221\n|move|p1a: Hitmonlee|Close Combat|p2a: Iron Valiant\n|-resisted|p2a: Iron Valiant\n|-damage|p2a: Iron Valiant|162/244\n|-unboost|p1a: Hitmonlee|def|1\n|-unboost|p1a: Hitmonlee|spd|1\n|move|p2a: Iron Valiant|Close Combat|p1a: Hitmonlee\n|-damage|p1a: Hitmonlee|0 fnt\n|-unboost|p2a: Iron Valiant|def|1\n|-unboost|p2a: Iron Valiant|spd|1\n|faint|p1a: Hitmonlee\n|-damage|p2a: Iron Valiant|138/244|[from] item: Life Orb\n|\n|upkeep\n|\n|t:|1782791224\n|switch|p1a: Avalugg|Avalugg-Hisui, L90, M|317/317\n|turn|36\n|\n|t:|1782791242\n|-end|p2a: Iron Valiant|Quark Drive|[silent]\n|switch|p2a: Avalugg|Avalugg-Hisui, L90, M|37/317\n|-terastallize|p1a: Avalugg|Flying\n|move|p1a: Avalugg|Avalanche|p2a: Avalugg\n|-resisted|p2a: Avalugg\n|-damage|p2a: Avalugg|13/317\n|\n|upkeep\n|turn|37\n|\n|t:|1782791251\n|move|p1a: Avalugg|Stone Edge|p2a: Avalugg\n|-supereffective|p2a: Avalugg\n|-damage|p2a: Avalugg|0 fnt\n|faint|p2a: Avalugg\n|\n|upkeep\n|\n|t:|1782791257\n|switch|p2a: Darkrai|Darkrai, L77|77/234\n|turn|38\n|\n|t:|1782791262\n|move|p2a: Darkrai|Sludge Bomb|p1a: Avalugg\n|-damage|p1a: Avalugg|192/317\n|move|p1a: Avalugg|Avalanche|p2a: Darkrai\n|-damage|p2a: Darkrai|0 fnt\n|faint|p2a: Darkrai\n|\n|upkeep\n|\n|t:|1782791268\n|switch|p2a: Iron Valiant|Iron Valiant, L78|138/244\n|turn|39\n|\n|t:|1782791272\n|move|p2a: Iron Valiant|Moonblast|p1a: Avalugg\n|-damage|p1a: Avalugg|0 fnt\n|faint|p1a: Avalugg\n|-damage|p2a: Iron Valiant|114/244|[from] item: Life Orb\n|\n|win|Mundilloo\n", "inputlog": ">version f8ac14003a5f27e1bdc8d8c59608a773c1cb96e5\n>start {\"formatid\":\"gen9randombattle\",\"seed\":\"sodium,e57066ff0d02843f6014d4d4a27c5708\",\"rated\":\"Rated battle\"}\n>player p1 {\"name\":\"anoncowboy\",\"avatar\":\"pokemonranger-gen4\",\"rating\":1943,\"seed\":\"sodium,94d6726503e1baafcf58580319215eef\"}\n>player p2 {\"name\":\"Mundilloo\",\"avatar\":\"2\",\"rating\":1916,\"seed\":\"sodium,7739427719b14c9da75303fe529eed4b\"}\n>p1 move thunderbolt\n>p2 switch 5\n>p1 move scald\n>p2 move protect\n>p1 move scald\n>p2 move wish\n>p1 move calmmind\n>p2 switch 2\n>p1 move thunderbolt\n>p2 move sludgebomb\n>p1 move thunderbolt\n>p2 switch 2\n>p2 switch 4\n>p1 move scald\n>p2 move avalanche\n>p1 switch 5\n>p1 move bulkup\n>p2 switch 3\n>p1 move bodyslam\n>p2 move closecombat\n>p1 move slackoff\n>p2 move closecombat\n>p1 move bulkup\n>p2 move closecombat\n>p1 move slackoff\n>p2 move closecombat\n>p1 move bodyslam\n>p2 move closecombat\n>p2 switch 6\n>p1 move bodyslam\n>p2 move scald\n>p1 move slackoff\n>p2 move scald\n>p1 move bulkup\n>p2 move rest\n>p1 move knockoff\n>p2 move rest\n>p1 move bodyslam\n>p2 move sleeptalk\n>p1 move slackoff\n>p2 move sleeptalk\n>p1 move bodyslam\n>p2 move rest\n>p1 move bulkup\n>p2 move sleeptalk\n>p1 move bodyslam\n>p2 move takeheart\n>p1 move bodyslam\n>p2 move rest\n>p1 move bodyslam\n>p2 move sleeptalk\n>p1 switch 4\n>p1 move tidyup\n>p2 move sleeptalk\n>p1 switch 3\n>p1 move bravebird\n>p2 move rest\n>p1 move bravebird\n>p2 move sleeptalk\n>p1 move bravebird\n>p2 move rest\n>p1 move bravebird\n>p2 move sleeptalk\n>p1 move roost\n>p2 move sleeptalk\n>p1 move bravebird\n>p2 move rest\n>p1 move bravebird\n>p2 move sleeptalk\n>p1 move bravebird\n>p2 move sleeptalk\n>p1 switch 6\n>p1 move closecombat\n>p2 move scald\n>p2 switch 5\n>p1 move closecombat\n>p2 move closecombat\n>p1 switch 2\n>p1 move avalanche terastallize\n>p2 switch 3\n>p1 move stoneedge\n>p2 move recover\n>p2 switch 2\n>p1 move avalanche\n>p2 move sludgebomb\n>p2 switch 3\n>p1 move avalanche\n>p2 move moonblast", "uploadtime": 1782790938, "views": 8, "formatid": "gen9randombattle", "rating": null, "private": 0, "password": null, "player_dets": [{"name": "anoncowboy", "avatar": "pokemonranger-gen4", "rating": 1943, "seed": "sodium,94d6726503e1baafcf58580319215eef"}, {"name": "Mundilloo", "avatar": "2", "rating": 1916, "seed": "sodium,7739427719b14c9da75303fe529eed4b"}], "teams_full": [{"Raikou": {"name": "Raikou", "species": "Raikou", "speciesId": "raikou", "gender": "N", "shiny": false, "level": 81, "moves": ["substitute", "thunderbolt", "calmmind", "scald"], "ability": "Pressure", "evs": {"hp": 85, "atk": 0, "def": 85, "spa": 85, "spd": 85, "spe": 85}, "ivs": {"hp": 31, "atk": 0, "def": 31, "spa": 31, "spd": 31, "spe": 31}, "item": "Leftovers", "teraType": "Water", "role": "Bulky Setup", "bvs": {"hp": 90, "atk": 85, "def": 75, "spa": 115, "spd": 100, "spe": 115}, "stats": {"hp": 278, "atk": 142, "def": 168, "spa": 233, "spd": 209, "spe": 233}, "types": ["Electric"]}, "Avalugg": {"name": "Avalugg", "species": "Avalugg-Hisui", "speciesId": "avalugghisui", "gender": "M", "shiny": false, "level": 90, "moves": ["rapidspin", "avalanche", "recover", "stoneedge"], "ability": "Sturdy", "evs": {"hp": 85, "atk": 85, "def": 85, "spa": 85, "spd": 85, "spe": 85}, "ivs": {"hp": 31, "atk": 31, "def": 31, "spa": 31, "spd": 31, "spe": 31}, "item": "Heavy-Duty Boots", "teraType": "Flying", "role": "Bulky Attacker", "bvs": {"hp": 95, "atk": 127, "def": 184, "spa": 34, "spd": 36, "spe": 38}, "stats": {"hp": 317, "atk": 280, "def": 383, "spa": 113, "spd": 116, "spe": 120}, "types": ["Ice", "Rock"]}, "Swanna": {"name": "Swanna", "species": "Swanna", "speciesId": "swanna", "gender": "M", "shiny": false, "level": 89, "moves": ["roost", "hydropump", "flipturn", "bravebird"], "ability": "Hydration", "evs": {"hp": 85, "atk": 85, "def": 85, "spa": 85, "spd": 85, "spe": 85}, "ivs": {"hp": 31, "atk": 31, "def": 31, "spa": 31, "spd": 31, "spe": 31}, "item": "Heavy-Duty Boots", "teraType": "Ground", "role": "Bulky Support", "bvs": {"hp": 75, "atk": 87, "def": 63, "spa": 87, "spd": 63, "spe": 98}, "stats": {"hp": 278, "atk": 206, "def": 163, "spa": 206, "spd": 163, "spe": 225}, "types": ["Water", "Flying"]}, "Maushold": {"name": "Maushold", "species": "Maushold-Four", "speciesId": "maushold", "gender": "N", "shiny": false, "level": 76, "moves": ["encore", "bite", "tidyup", "populationbomb"], "ability": "Technician", "evs": {"hp": 85, "atk": 85, "def": 85, "spa": 85, "spd": 85, "spe": 85}, "ivs": {"hp": 31, "atk": 31, "def": 31, "spa": 31, "spd": 31, "spe": 31}, "item": "Wide Lens", "teraType": "Normal", "role": "Setup Sweeper", "bvs": {"hp": 74, "atk": 75, "def": 70, "spa": 65, "spd": 75, "spe": 111}, "stats": {"hp": 238, "atk": 158, "def": 150, "spa": 143, "spd": 158, "spe": 213}, "types": ["Normal"]}, "Vigoroth": {"name": "Vigoroth", "species": "Vigoroth", "speciesId": "vigoroth", "gender": "M", "shiny": false, "level": 85, "moves": ["bodyslam", "bulkup", "slackoff", "knockoff"], "ability": "Vital Spirit", "evs": {"hp": 85, "atk": 85, "def": 85, "spa": 85, "spd": 85, "spe": 85}, "ivs": {"hp": 31, "atk": 31, "def": 31, "spa": 31, "spd": 31, "spe": 31}, "item": "Eviolite", "teraType": "Ghost", "role": "Bulky Setup", "bvs": {"hp": 80, "atk": 80, "def": 80, "spa": 55, "spd": 55, "spe": 90}, "stats": {"hp": 275, "atk": 185, "def": 185, "spa": 142, "spd": 142, "spe": 202}, "types": ["Normal"]}, "Hitmonlee": {"name": "Hitmonlee", "species": "Hitmonlee", "speciesId": "hitmonlee", "gender": "M", "shiny": false, "level": 85, "moves": ["knockoff", "swordsdance", "closecombat", "stoneedge"], "ability": "Unburden", "evs": {"hp": 85, "atk": 85, "def": 85, "spa": 85, "spd": 85, "spe": 85}, "ivs": {"hp": 31, "atk": 31, "def": 31, "spa": 31, "spd": 31, "spe": 31}, "item": "White Herb", "teraType": "Fighting", "role": "Setup Sweeper", "bvs": {"hp": 50, "atk": 120, "def": 53, "spa": 35, "spd": 110, "spe": 87}, "stats": {"hp": 224, "atk": 253, "def": 139, "spa": 108, "spd": 236, "spe": 197}, "types": ["Fighting"]}}, {"Iron Valiant": {"name": "Iron Valiant", "species": "Iron Valiant", "speciesId": "ironvaliant", "gender": "N", "shiny": false, "level": 78, "moves": ["closecombat", "moonblast", "encore", "knockoff"], "ability": "Quark Drive", "evs": {"hp": 85, "atk": 85, "def": 85, "spa": 85, "spd": 85, "spe": 85}, "ivs": {"hp": 31, "atk": 31, "def": 31, "spa": 31, "spd": 31, "spe": 31}, "item": "Life Orb", "teraType": "Steel", "role": "Wallbreaker", "bvs": {"hp": 74, "atk": 130, "def": 90, "spa": 120, "spd": 60, "spe": 116}, "stats": {"hp": 244, "atk": 248, "def": 185, "spa": 232, "spd": 139, "spe": 226}, "types": ["Fairy", "Fighting"]}, "Darkrai": {"name": "Darkrai", "species": "Darkrai", "speciesId": "darkrai", "gender": "N", "shiny": false, "level": 77, "moves": ["substitute", "darkpulse", "nastyplot", "sludgebomb"], "ability": "Bad Dreams", "evs": {"hp": 85, "atk": 0, "def": 85, "spa": 85, "spd": 85, "spe": 85}, "ivs": {"hp": 31, "atk": 0, "def": 31, "spa": 31, "spd": 31, "spe": 31}, "item": "Leftovers", "teraType": "Poison", "role": "Setup Sweeper", "bvs": {"hp": 70, "atk": 90, "def": 90, "spa": 135, "spd": 90, "spe": 125}, "stats": {"hp": 234, "atk": 143, "def": 183, "spa": 252, "spd": 183, "spe": 237}, "types": ["Dark"]}, "Scyther": {"name": "Scyther", "species": "Scyther", "speciesId": "scyther", "gender": "M", "shiny": false, "level": 82, "moves": ["uturn", "closecombat", "defog", "dualwingbeat"], "ability": "Technician", "evs": {"hp": 85, "atk": 85, "def": 85, "spa": 85, "spd": 85, "spe": 85}, "ivs": {"hp": 31, "atk": 31, "def": 31, "spa": 31, "spd": 31, "spe": 31}, "item": "Heavy-Duty Boots", "teraType": "Fighting", "role": "Fast Support", "bvs": {"hp": 70, "atk": 110, "def": 80, "spa": 55, "spd": 80, "spe": 105}, "stats": {"hp": 249, "atk": 228, "def": 178, "spa": 137, "spd": 178, "spe": 219}, "types": ["Bug", "Flying"]}, "Avalugg": {"name": "Avalugg", "species": "Avalugg-Hisui", "speciesId": "avalugghisui", "gender": "M", "shiny": false, "level": 90, "moves": ["stoneedge", "bodypress", "avalanche", "recover"], "ability": "Sturdy", "evs": {"hp": 85, "atk": 85, "def": 85, "spa": 85, "spd": 85, "spe": 85}, "ivs": {"hp": 31, "atk": 31, "def": 31, "spa": 31, "spd": 31, "spe": 31}, "item": "Heavy-Duty Boots", "teraType": "Flying", "role": "Bulky Attacker", "bvs": {"hp": 95, "atk": 127, "def": 184, "spa": 34, "spd": 36, "spe": 38}, "stats": {"hp": 317, "atk": 280, "def": 383, "spa": 113, "spd": 116, "spe": 120}, "types": ["Ice", "Rock"]}, "Dachsbun": {"name": "Dachsbun", "species": "Dachsbun", "speciesId": "dachsbun", "gender": "F", "shiny": false, "level": 92, "moves": ["bodypress", "wish", "protect", "playrough"], "ability": "Well-Baked Body", "evs": {"hp": 85, "atk": 85, "def": 85, "spa": 85, "spd": 85, "spe": 85}, "ivs": {"hp": 31, "atk": 31, "def": 31, "spa": 31, "spd": 31, "spe": 31}, "item": "Leftovers", "teraType": "Steel", "role": "Bulky Support", "bvs": {"hp": 57, "atk": 80, "def": 115, "spa": 50, "spd": 80, "spe": 95}, "stats": {"hp": 254, "atk": 200, "def": 264, "spa": 144, "spd": 200, "spe": 227}, "types": ["Fairy"]}, "Phione": {"name": "Phione", "species": "Phione", "speciesId": "phione", "gender": "N", "shiny": false, "level": 91, "moves": ["scald", "rest", "takeheart", "sleeptalk"], "ability": "Hydration", "evs": {"hp": 85, "atk": 0, "def": 85, "spa": 85, "spd": 85, "spe": 85}, "ivs": {"hp": 31, "atk": 0, "def": 31, "spa": 31, "spd": 31, "spe": 31}, "item": "Leftovers", "teraType": "Steel", "role": "Bulky Setup", "bvs": {"hp": 80, "atk": 80, "def": 80, "spa": 80, "spd": 80, "spe": 80}, "stats": {"hp": 293, "atk": 150, "def": 197, "spa": 197, "spd": 197, "spe": 197}, "types": ["Water"]}}]}