{"id": "gen9randombattle-2641546071", "format": "[Gen 9] Random Battle", "players": ["Obaidelphox", "Jadasteel"], "log": "|j|\u2606Obaidelphox\n|j|\u2606Jadasteel\n|t:|1782805086\n|gametype|singles\n|player|p1|Obaidelphox|266|1926\n|player|p2|Jadasteel|fantina|2071\n|gen|9\n|tier|[Gen 9] Random Battle\n|rated|\n|rule|Species Clause: Limit one of each Pok\u00e9mon\n|rule|HP Percentage Mod: HP is shown in percentages\n|rule|Sleep Clause Mod: Limit one foe put to sleep\n|rule|Illusion Level Mod: Illusion disguises the Pok\u00e9mon's true level\n|\n|t:|1782805086\n|teamsize|p1|6\n|teamsize|p2|6\n|start\n|switch|p1a: Polteageist|Polteageist, L78|222/222\n|switch|p2a: Luvdisc|Luvdisc, F|247/247\n|turn|1\n|inactive|Battle timer is ON: inactive players will automatically lose when time's up. (requested by Jadasteel)\n|\n|t:|1782805113\n|switch|p1a: Kilowattrel|Kilowattrel, L83, F|252/252\n|move|p2a: Luvdisc|Flip Turn|p1a: Kilowattrel\n|-damage|p1a: Kilowattrel|191/252\n|\n|t:|1782805125\n|switch|p2a: Ting-Lu|Ting-Lu, L78|370/370|[from] Flip Turn\n|-ability|p2a: Ting-Lu|Vessel of Ruin\n|\n|upkeep\n|turn|2\n|\n|t:|1782805143\n|move|p1a: Kilowattrel|U-turn|p2a: Ting-Lu\n|-supereffective|p2a: Ting-Lu\n|-damage|p2a: Ting-Lu|306/370\n|\n|t:|1782805147\n|switch|p1a: Glaceon|Glaceon, L94, F|275/275|[from] U-turn\n|move|p2a: Ting-Lu|Spikes|p1a: Glaceon\n|-sidestart|p1: Obaidelphox|Spikes\n|\n|-heal|p2a: Ting-Lu|329/370|[from] item: Leftovers\n|upkeep\n|turn|3\n|\n|t:|1782805157\n|switch|p2a: Uxie|Uxie, L83|260/260\n|move|p1a: Glaceon|Freeze-Dry|p2a: Uxie\n|-damage|p2a: Uxie|175/260\n|\n|-heal|p2a: Uxie|191/260|[from] item: Leftovers\n|upkeep\n|turn|4\n|inactive|Obaidelphox has 120 seconds left.\n|\n|t:|1782805204\n|switch|p1a: Kilowattrel|Kilowattrel, L83, F|191/252\n|move|p2a: Uxie|Stealth Rock|p1a: Kilowattrel\n|-sidestart|p1: Obaidelphox|move: Stealth Rock\n|\n|-heal|p2a: Uxie|207/260|[from] item: Leftovers\n|upkeep\n|turn|5\n|\n|t:|1782805215\n|switch|p2a: Ting-Lu|Ting-Lu, L78|329/370\n|-ability|p2a: Ting-Lu|Vessel of Ruin\n|move|p1a: Kilowattrel|U-turn|p2a: Ting-Lu\n|-supereffective|p2a: Ting-Lu\n|-damage|p2a: Ting-Lu|265/370\n|\n|t:|1782805220\n|switch|p1a: Glaceon|Glaceon, L94, F|275/275|[from] U-turn\n|\n|-heal|p2a: Ting-Lu|288/370|[from] item: Leftovers\n|upkeep\n|turn|6\n|\n|t:|1782805227\n|move|p1a: Glaceon|Freeze-Dry|p2a: Ting-Lu\n|-supereffective|p2a: Ting-Lu\n|-crit|p2a: Ting-Lu\n|-damage|p2a: Ting-Lu|0 fnt\n|faint|p2a: Ting-Lu\n|\n|upkeep\n|\n|t:|1782805244\n|switch|p2a: Toxapex|Toxapex, L82, F|216/216\n|turn|7\n|\n|t:|1782805251\n|-terastallize|p2a: Toxapex|Fairy\n|move|p1a: Glaceon|Calm Mind|p1a: Glaceon\n|-boost|p1a: Glaceon|spa|1\n|-boost|p1a: Glaceon|spd|1\n|move|p2a: Toxapex|Toxic|p1a: Glaceon\n|-status|p1a: Glaceon|tox\n|\n|-damage|p1a: Glaceon|258/275 tox|[from] psn\n|upkeep\n|turn|8\n|\n|t:|1782805258\n|move|p1a: Glaceon|Freeze-Dry|p2a: Toxapex\n|-damage|p2a: Toxapex|83/216\n|move|p2a: Toxapex|Haze|p2a: Toxapex\n|-clearallboost\n|\n|-heal|p2a: Toxapex|96/216|[from] item: Leftovers\n|-damage|p1a: Glaceon|224/275 tox|[from] psn\n|upkeep\n|turn|9\n|\n|t:|1782805272\n|switch|p2a: Uxie|Uxie, L83|207/260\n|move|p1a: Glaceon|Freeze-Dry|p2a: Uxie\n|-damage|p2a: Uxie|126/260\n|\n|-heal|p2a: Uxie|142/260|[from] item: Leftovers\n|-damage|p1a: Glaceon|173/275 tox|[from] psn\n|upkeep\n|turn|10\n|\n|t:|1782805278\n|move|p2a: Uxie|Psychic Noise|p1a: Glaceon\n|-damage|p1a: Glaceon|122/275 tox\n|-start|p1a: Glaceon|move: Heal Block\n|move|p1a: Glaceon|Freeze-Dry|p2a: Uxie\n|-damage|p2a: Uxie|55/260\n|\n|-heal|p2a: Uxie|71/260|[from] item: Leftovers\n|-damage|p1a: Glaceon|54/275 tox|[from] psn\n|upkeep\n|turn|11\n|inactive|Obaidelphox has 120 seconds left.\n|\n|t:|1782805326\n|move|p2a: Uxie|Psychic Noise|p1a: Glaceon\n|-damage|p1a: Glaceon|3/275 tox\n|move|p1a: Glaceon|Freeze-Dry|p2a: Uxie\n|-damage|p2a: Uxie|0 fnt\n|faint|p2a: Uxie\n|\n|-damage|p1a: Glaceon|0 fnt|[from] psn\n|faint|p1a: Glaceon\n|upkeep\n|inactive|Obaidelphox has 90 seconds left.\n|\n|t:|1782805350\n|switch|p2a: Toxapex|Toxapex, L82, F, tera:Fairy|168/216\n|switch|p1a: Kilowattrel|Kilowattrel, L83, F|191/252\n|turn|12\n|\n|t:|1782805360\n|move|p1a: Kilowattrel|Discharge|p2a: Toxapex\n|-damage|p2a: Toxapex|107/216\n|-status|p2a: Toxapex|par\n|move|p2a: Toxapex|Toxic|p1a: Kilowattrel\n|-status|p1a: Kilowattrel|tox\n|\n|-heal|p2a: Toxapex|120/216 par|[from] item: Leftovers\n|-damage|p1a: Kilowattrel|176/252 tox|[from] psn\n|upkeep\n|turn|13\n|\n|t:|1782805379\n|move|p1a: Kilowattrel|Hurricane|p2a: Toxapex\n|-damage|p2a: Toxapex|30/216 par\n|-start|p2a: Toxapex|confusion\n|-activate|p2a: Toxapex|confusion\n|cant|p2a: Toxapex|par\n|\n|-heal|p2a: Toxapex|43/216 par|[from] item: Leftovers\n|-damage|p1a: Kilowattrel|146/252 tox|[from] psn\n|upkeep\n|turn|14\n|\n|t:|1782805392\n|switch|p2a: Luvdisc|Luvdisc, F|247/247\n|move|p1a: Kilowattrel|Discharge|p2a: Luvdisc\n|-supereffective|p2a: Luvdisc\n|-damage|p2a: Luvdisc|49/247\n|\n|-damage|p1a: Kilowattrel|101/252 tox|[from] psn\n|upkeep\n|turn|15\n|inactive|Obaidelphox has 90 seconds left.\n|\n|t:|1782805431\n|switch|p2a: Toxapex|Toxapex, L82, F, tera:Fairy|115/216 par\n|move|p1a: Kilowattrel|Discharge|p2a: Toxapex\n|-damage|p2a: Toxapex|52/216 par\n|\n|-heal|p2a: Toxapex|65/216 par|[from] item: Leftovers\n|-damage|p1a: Kilowattrel|41/252 tox|[from] psn\n|upkeep\n|turn|16\n|\n|t:|1782805437\n|move|p1a: Kilowattrel|Discharge|p2a: Toxapex\n|-damage|p2a: Toxapex|2/216 par\n|move|p2a: Toxapex|Liquidation|p1a: Kilowattrel\n|-damage|p1a: Kilowattrel|0 fnt\n|faint|p1a: Kilowattrel\n|\n|-heal|p2a: Toxapex|15/216 par|[from] item: Leftovers\n|upkeep\n|\n|t:|1782805452\n|switch|p1a: Koraidon|Koraidon, L64|235/235\n|-damage|p1a: Koraidon|206/235|[from] Spikes\n|-damage|p1a: Koraidon|192/235|[from] Stealth Rock\n|-weather|SunnyDay|[from] ability: Orichalcum Pulse|[of] p1a: Koraidon\n|-activate|p1a: Koraidon|Orichalcum Pulse|[source]\n|turn|17\n|\n|t:|1782805462\n|move|p1a: Koraidon|Collision Course|p2a: Toxapex\n|-resisted|p2a: Toxapex\n|-damage|p2a: Toxapex|0 fnt\n|faint|p2a: Toxapex\n|\n|-weather|SunnyDay|[upkeep]\n|upkeep\n|\n|t:|1782805472\n|switch|p2a: Volbeat|Volbeat, L90, M|263/263\n|turn|18\n|\n|t:|1782805479\n|switch|p1a: Pawmot|Pawmot, L80, M|243/243\n|-damage|p1a: Pawmot|213/243|[from] Spikes\n|-damage|p1a: Pawmot|198/243|[from] Stealth Rock\n|move|p2a: Volbeat|Thunder Wave|p1a: Pawmot\n|-immune|p1a: Pawmot\n|\n|-weather|SunnyDay|[upkeep]\n|upkeep\n|turn|19\n|inactive|Jadasteel has 120 seconds left.\n|\n|t:|1782805511\n|move|p1a: Pawmot|Revival Blessing|p1a: Pawmot\n|\n|t:|1782805518\n|-heal|p1: Kilowattrel|126/252|[from] move: Revival Blessing\n|move|p2a: Volbeat|U-turn|p1a: Pawmot\n|-resisted|p1a: Pawmot\n|-damage|p1a: Pawmot|156/243\n|inactive|Jadasteel has 120 seconds left.\n|\n|t:|1782805538\n|switch|p2a: Torterra|Torterra, L78, M|276/276|[from] U-turn\n|\n|-weather|SunnyDay|[upkeep]\n|upkeep\n|turn|20\n|\n|t:|1782805548\n|move|p1a: Pawmot|Ice Punch|p2a: Torterra\n|-supereffective|p2a: Torterra\n|-crit|p2a: Torterra\n|-damage|p2a: Torterra|0 fnt\n|faint|p2a: Torterra\n|-damage|p1a: Pawmot|132/243|[from] item: Life Orb\n|\n|-weather|SunnyDay|[upkeep]\n|upkeep\n|inactive|Jadasteel has 120 seconds left.\n|\n|t:|1782805576\n|switch|p2a: Luvdisc|Luvdisc, F|49/247\n|turn|21\n|\n|t:|1782805592\n|move|p2a: Luvdisc|Flip Turn|p1a: Pawmot\n|-damage|p1a: Pawmot|108/243\n|\n|t:|1782805604\n|switch|p2a: Volbeat|Volbeat, L90, M|263/263|[from] Flip Turn\n|move|p1a: Pawmot|Double Shock|p2a: Volbeat\n|-damage|p2a: Volbeat|72/263\n|-start|p1a: Pawmot|typechange|???/Fighting|[from] move: Double Shock\n|-damage|p1a: Pawmot|84/243|[from] item: Life Orb\n|\n|-weather|none\n|upkeep\n|turn|22\n|inactive|Obaidelphox has 90 seconds left.\n|inactive|Jadasteel has 90 seconds left.\n|l|\u2606Jadasteel\n|inactive|Jadasteel disconnected and has a minute to reconnect!\n|player|p2|\n|j|\u2606Jadasteel\n|inactive|Jadasteel reconnected and has 65 seconds left.\n|player|p2|Jadasteel|fantina|\n|inactive|Jadasteel has 60 seconds left.\n|\n|t:|1782805668\n|switch|p1a: Rabsca|Rabsca, L91, F|284/284\n|move|p2a: Volbeat|U-turn|p1a: Rabsca\n|-supereffective|p1a: Rabsca\n|-damage|p1a: Rabsca|140/284\n|\n|t:|1782805672\n|switch|p2a: Luvdisc|Luvdisc, F|49/247|[from] U-turn\n|\n|upkeep\n|turn|23\n|\n|t:|1782805682\n|move|p2a: Luvdisc|Surf|p1a: Rabsca\n|-damage|p1a: Rabsca|71/284\n|move|p1a: Rabsca|Psychic|p2a: Luvdisc\n|-damage|p2a: Luvdisc|0 fnt\n|faint|p2a: Luvdisc\n|\n|upkeep\n|inactive|Jadasteel has 60 seconds left.\n|\n|t:|1782805704\n|switch|p2a: Volbeat|Volbeat, L90, M|72/263\n|turn|24\n|\n|t:|1782805713\n|move|p2a: Volbeat|U-turn|p1a: Rabsca\n|-supereffective|p1a: Rabsca\n|-damage|p1a: Rabsca|0 fnt\n|faint|p1a: Rabsca\n|\n|upkeep\n|\n|t:|1782805716\n|switch|p1a: Koraidon|Koraidon, L64|192/235\n|-damage|p1a: Koraidon|163/235|[from] Spikes\n|-damage|p1a: Koraidon|149/235|[from] Stealth Rock\n|-weather|SunnyDay|[from] ability: Orichalcum Pulse|[of] p1a: Koraidon\n|-activate|p1a: Koraidon|Orichalcum Pulse|[source]\n|turn|25\n|\n|t:|1782805719\n|move|p2a: Volbeat|Thunder Wave|p1a: Koraidon\n|-status|p1a: Koraidon|par\n|move|p1a: Koraidon|Flare Blitz|p2a: Volbeat\n|-supereffective|p2a: Volbeat\n|-damage|p2a: Volbeat|0 fnt\n|faint|p2a: Volbeat\n|-damage|p1a: Koraidon|125/235 par|[from] Recoil\n|\n|win|Obaidelphox\n", "inputlog": ">version f8ac14003a5f27e1bdc8d8c59608a773c1cb96e5\n>start {\"formatid\":\"gen9randombattle\",\"seed\":\"sodium,96e5bd6326efd2297dd8bc214de76ef4\",\"rated\":\"Rated battle\"}\n>player p1 {\"name\":\"Obaidelphox\",\"avatar\":\"266\",\"rating\":1926,\"seed\":\"sodium,7b326c04a1120013a5efb2353ce389c3\"}\n>player p2 {\"name\":\"Jadasteel\",\"avatar\":\"fantina\",\"rating\":2071,\"seed\":\"sodium,c3ba9fbe73fce88787610271bc86fb9a\"}\n>p1 switch 4\n>p2 move flipturn\n>p2 switch 4\n>p1 move uturn\n>p2 move spikes\n>p1 switch 2\n>p1 move freezedry\n>p2 switch 2\n>p1 switch 2\n>p2 move stealthrock\n>p1 move uturn\n>p2 switch 2\n>p1 switch 2\n>p1 move freezedry\n>p2 move whirlwind\n>p2 switch 6\n>p1 move calmmind\n>p2 move toxic terastallize\n>p1 move freezedry\n>p2 move haze\n>p1 move freezedry\n>p2 switch 2\n>p1 move freezedry\n>p2 move psychicnoise\n>p1 move freezedry\n>p2 move psychicnoise\n>p1 switch 2\n>p2 switch 2\n>p1 move discharge\n>p2 move toxic\n>p1 move hurricane\n>p2 move recover\n>p1 move discharge\n>p2 switch 4\n>p1 move discharge\n>p2 switch 4\n>p1 move discharge\n>p2 move liquidation\n>p1 switch 6\n>p1 move collisioncourse\n>p2 move toxic\n>p2 switch 3\n>p1 switch 5\n>p2 move thunderwave\n>p1 move revivalblessing\n>p2 move uturn\n>p1 switch 6\n>p2 switch 5\n>p1 move icepunch\n>p2 move shellsmash\n>p2 switch 4\n>p1 move doubleshock\n>p2 move flipturn\n>p2 switch 5\n>p1 switch 3\n>p2 move uturn\n>p2 switch 5\n>p1 move psychic\n>p2 move surf\n>p2 switch 5\n>p1 move psychic\n>p2 move uturn\n>p1 switch 5\n>p1 move flareblitz\n>p2 move thunderwave", "uploadtime": 1782805089, "views": 3, "formatid": "gen9randombattle", "rating": null, "private": 0, "password": null, "player_dets": [{"name": "Obaidelphox", "avatar": "266", "rating": 1926, "seed": "sodium,7b326c04a1120013a5efb2353ce389c3"}, {"name": "Jadasteel", "avatar": "fantina", "rating": 2071, "seed": "sodium,c3ba9fbe73fce88787610271bc86fb9a"}], "teams_full": [{"Polteageist": {"name": "Polteageist", "species": "Polteageist", "speciesId": "polteageist", "gender": "N", "shiny": false, "level": 78, "moves": ["shellsmash", "strengthsap", "storedpower", "shadowball"], "ability": "Cursed Body", "evs": {"hp": 85, "atk": 0, "def": 85, "spa": 85, "spd": 85, "spe": 85}, "ivs": {"hp": 31, "atk": 0, "def": 31, "spa": 31, "spd": 31, "spe": 31}, "item": "White Herb", "teraType": "Dark", "role": "Setup Sweeper", "bvs": {"hp": 60, "atk": 65, "def": 65, "spa": 134, "spd": 114, "spe": 70}, "stats": {"hp": 222, "atk": 106, "def": 146, "spa": 254, "spd": 223, "spe": 154}, "types": ["Ghost"]}, "Glaceon": {"name": "Glaceon", "species": "Glaceon", "speciesId": "glaceon", "gender": "F", "shiny": false, "level": 94, "moves": ["freezedry", "protect", "calmmind", "wish"], "ability": "Ice Body", "evs": {"hp": 85, "atk": 0, "def": 85, "spa": 85, "spd": 85, "spe": 85}, "ivs": {"hp": 31, "atk": 0, "def": 31, "spa": 31, "spd": 31, "spe": 31}, "item": "Heavy-Duty Boots", "teraType": "Water", "role": "Bulky Setup", "bvs": {"hp": 65, "atk": 60, "def": 110, "spa": 130, "spd": 95, "spe": 65}, "stats": {"hp": 275, "atk": 117, "def": 260, "spa": 298, "spd": 232, "spe": 176}, "types": ["Ice"]}, "Rabsca": {"name": "Rabsca", "species": "Rabsca", "speciesId": "rabsca", "gender": "F", "shiny": false, "level": 91, "moves": ["bugbuzz", "psychic", "revivalblessing", "earthpower"], "ability": "Synchronize", "evs": {"hp": 85, "atk": 0, "def": 85, "spa": 85, "spd": 85, "spe": 85}, "ivs": {"hp": 31, "atk": 0, "def": 31, "spa": 31, "spd": 31, "spe": 31}, "item": "Heavy-Duty Boots", "teraType": "Steel", "role": "Wallbreaker", "bvs": {"hp": 75, "atk": 50, "def": 85, "spa": 115, "spd": 100, "spe": 45}, "stats": {"hp": 284, "atk": 96, "def": 207, "spa": 261, "spd": 234, "spe": 134}, "types": ["Bug", "Psychic"]}, "Kilowattrel": {"name": "Kilowattrel", "species": "Kilowattrel", "speciesId": "kilowattrel", "gender": "F", "shiny": false, "level": 83, "moves": ["roost", "uturn", "hurricane", "discharge"], "ability": "Volt Absorb", "evs": {"hp": 85, "atk": 85, "def": 85, "spa": 85, "spd": 85, "spe": 85}, "ivs": {"hp": 31, "atk": 31, "def": 31, "spa": 31, "spd": 31, "spe": 31}, "item": "Heavy-Duty Boots", "teraType": "Steel", "role": "Bulky Attacker", "bvs": {"hp": 70, "atk": 70, "def": 60, "spa": 105, "spd": 60, "spe": 125}, "stats": {"hp": 252, "atk": 164, "def": 147, "spa": 222, "spd": 147, "spe": 255}, "types": ["Electric", "Flying"]}, "Pawmot": {"name": "Pawmot", "species": "Pawmot", "speciesId": "pawmot", "gender": "M", "shiny": false, "level": 80, "moves": ["doubleshock", "icepunch", "closecombat", "revivalblessing"], "ability": "Iron Fist", "evs": {"hp": 85, "atk": 85, "def": 85, "spa": 85, "spd": 85, "spe": 85}, "ivs": {"hp": 31, "atk": 31, "def": 31, "spa": 31, "spd": 31, "spe": 31}, "item": "Life Orb", "teraType": "Electric", "role": "Wallbreaker", "bvs": {"hp": 70, "atk": 115, "def": 70, "spa": 70, "spd": 60, "spe": 105}, "stats": {"hp": 243, "atk": 230, "def": 158, "spa": 158, "spd": 142, "spe": 214}, "types": ["Electric", "Fighting"]}, "Koraidon": {"name": "Koraidon", "species": "Koraidon", "speciesId": "koraidon", "gender": "N", "shiny": false, "level": 64, "moves": ["swordsdance", "collisioncourse", "scaleshot", "flareblitz"], "ability": "Orichalcum Pulse", "evs": {"hp": 85, "atk": 85, "def": 85, "spa": 85, "spd": 85, "spe": 85}, "ivs": {"hp": 31, "atk": 31, "def": 31, "spa": 31, "spd": 31, "spe": 31}, "item": "Loaded Dice", "teraType": "Fire", "role": "Setup Sweeper", "bvs": {"hp": 100, "atk": 135, "def": 115, "spa": 85, "spd": 100, "spe": 135}, "stats": {"hp": 235, "atk": 211, "def": 185, "spa": 147, "spd": 166, "spe": 211}, "types": ["Fighting", "Dragon"]}}, {"Luvdisc": {"name": "Luvdisc", "species": "Luvdisc", "speciesId": "luvdisc", "gender": "F", "shiny": false, "level": 100, "moves": ["endeavor", "flipturn", "surf", "substitute"], "ability": "Swift Swim", "evs": {"hp": 81, "atk": 85, "def": 85, "spa": 85, "spd": 85, "spe": 85}, "ivs": {"hp": 31, "atk": 31, "def": 31, "spa": 31, "spd": 31, "spe": 31}, "item": "Heavy-Duty Boots", "teraType": "Ground", "role": "Fast Support", "bvs": {"hp": 43, "atk": 30, "def": 55, "spa": 40, "spd": 65, "spe": 97}, "stats": {"hp": 247, "atk": 117, "def": 167, "spa": 137, "spd": 187, "spe": 251}, "types": ["Water"]}, "Uxie": {"name": "Uxie", "species": "Uxie", "speciesId": "uxie", "gender": "N", "shiny": false, "level": 83, "moves": ["encore", "psychicnoise", "yawn", "stealthrock"], "ability": "Levitate", "evs": {"hp": 85, "atk": 0, "def": 85, "spa": 85, "spd": 85, "spe": 85}, "ivs": {"hp": 31, "atk": 0, "def": 31, "spa": 31, "spd": 31, "spe": 31}, "item": "Leftovers", "teraType": "Dark", "role": "Bulky Support", "bvs": {"hp": 75, "atk": 75, "def": 130, "spa": 75, "spd": 130, "spe": 95}, "stats": {"hp": 260, "atk": 129, "def": 263, "spa": 172, "spd": 263, "spe": 205}, "types": ["Psychic"]}, "Volbeat": {"name": "Volbeat", "species": "Volbeat", "speciesId": "volbeat", "gender": "M", "shiny": false, "level": 90, "moves": ["roost", "uturn", "encore", "thunderwave"], "ability": "Prankster", "evs": {"hp": 85, "atk": 85, "def": 85, "spa": 85, "spd": 85, "spe": 85}, "ivs": {"hp": 31, "atk": 31, "def": 31, "spa": 31, "spd": 31, "spe": 31}, "item": "Heavy-Duty Boots", "teraType": "Water", "role": "Bulky Support", "bvs": {"hp": 65, "atk": 73, "def": 75, "spa": 47, "spd": 85, "spe": 85}, "stats": {"hp": 263, "atk": 183, "def": 186, "spa": 136, "spd": 204, "spe": 204}, "types": ["Bug"]}, "Ting-Lu": {"name": "Ting-Lu", "species": "Ting-Lu", "speciesId": "tinglu", "gender": "N", "shiny": false, "level": 78, "moves": ["whirlwind", "spikes", "earthquake", "throatchop"], "ability": "Vessel of Ruin", "evs": {"hp": 85, "atk": 85, "def": 85, "spa": 85, "spd": 85, "spe": 85}, "ivs": {"hp": 31, "atk": 31, "def": 31, "spa": 31, "spd": 31, "spe": 31}, "item": "Leftovers", "teraType": "Ghost", "role": "Bulky Support", "bvs": {"hp": 155, "atk": 110, "def": 125, "spa": 55, "spd": 80, "spe": 45}, "stats": {"hp": 370, "atk": 217, "def": 240, "spa": 131, "spd": 170, "spe": 115}, "types": ["Dark", "Ground"]}, "Torterra": {"name": "Torterra", "species": "Torterra", "speciesId": "torterra", "gender": "M", "shiny": false, "level": 78, "moves": ["shellsmash", "headlongrush", "bulletseed", "rockblast"], "ability": "Overgrow", "evs": {"hp": 85, "atk": 85, "def": 85, "spa": 85, "spd": 85, "spe": 85}, "ivs": {"hp": 31, "atk": 31, "def": 31, "spa": 31, "spd": 31, "spe": 31}, "item": "Loaded Dice", "teraType": "Ground", "role": "Setup Sweeper", "bvs": {"hp": 95, "atk": 109, "def": 105, "spa": 75, "spd": 85, "spe": 56}, "stats": {"hp": 276, "atk": 215, "def": 209, "spa": 162, "spd": 178, "spe": 132}, "types": ["Grass", "Ground"]}, "Toxapex": {"name": "Toxapex", "species": "Toxapex", "speciesId": "toxapex", "gender": "F", "shiny": false, "level": 82, "moves": ["recover", "haze", "toxic", "liquidation"], "ability": "Regenerator", "evs": {"hp": 85, "atk": 85, "def": 85, "spa": 85, "spd": 85, "spe": 85}, "ivs": {"hp": 31, "atk": 31, "def": 31, "spa": 31, "spd": 31, "spe": 31}, "item": "Leftovers", "teraType": "Fairy", "role": "Bulky Support", "bvs": {"hp": 50, "atk": 63, "def": 152, "spa": 53, "spd": 142, "spe": 35}, "stats": {"hp": 216, "atk": 150, "def": 296, "spa": 134, "spd": 280, "spe": 105}, "types": ["Poison", "Water"]}}]}