{"id": "gen9randombattle-2641591333", "format": "[Gen 9] Random Battle", "players": ["Ylilith", "Mitza01"], "log": "|j|\u2606Ylilith\n|j|\u2606Mitza01\n|t:|1782814561\n|gametype|singles\n|player|p1|Ylilith|parasollady|2020\n|player|p2|Mitza01|2|1962\n|gen|9\n|tier|[Gen 9] Random Battle\n|rated|\n|rule|Species Clause: Limit one of each Pok\u00e9mon\n|rule|HP Percentage Mod: HP is shown in percentages\n|rule|Sleep Clause Mod: Limit one foe put to sleep\n|rule|Illusion Level Mod: Illusion disguises the Pok\u00e9mon's true level\n|\n|t:|1782814561\n|teamsize|p1|6\n|teamsize|p2|6\n|start\n|switch|p1a: Cobalion|Cobalion, L80|277/277\n|switch|p2a: Deoxys|Deoxys, L74|196/196\n|-ability|p2a: Deoxys|Pressure\n|turn|1\n|inactive|Battle timer is ON: inactive players will automatically lose when time's up. (requested by Ylilith)\n|\n|t:|1782814581\n|move|p2a: Deoxys|Superpower|p1a: Cobalion\n|-supereffective|p1a: Cobalion\n|-damage|p1a: Cobalion|77/277\n|-unboost|p2a: Deoxys|atk|1\n|-unboost|p2a: Deoxys|def|1\n|-damage|p2a: Deoxys|177/196|[from] item: Life Orb\n|move|p1a: Cobalion|Iron Head|p2a: Deoxys\n|-damage|p2a: Deoxys|0 fnt\n|faint|p2a: Deoxys\n|-damage|p1a: Cobalion|50/277|[from] item: Life Orb\n|\n|upkeep\n|\n|t:|1782814597\n|switch|p2a: Dugtrio|Dugtrio, L84, M|196/196\n|turn|2\n|\n|t:|1782814603\n|move|p2a: Dugtrio|Earthquake|p1a: Cobalion\n|-supereffective|p1a: Cobalion\n|-damage|p1a: Cobalion|0 fnt\n|faint|p1a: Cobalion\n|\n|upkeep\n|\n|t:|1782814615\n|switch|p1a: Flamigo|Flamigo, L82, M|269/269\n|turn|3\n|\n|t:|1782814625\n|switch|p2a: Regirock|Regirock, L83|268/268\n|move|p1a: Flamigo|Swords Dance|p1a: Flamigo\n|-boost|p1a: Flamigo|atk|2\n|\n|upkeep\n|turn|4\n|\n|t:|1782814648\n|move|p1a: Flamigo|Close Combat|p2a: Regirock\n|-supereffective|p2a: Regirock\n|-damage|p2a: Regirock|0 fnt\n|-unboost|p1a: Flamigo|def|1\n|-unboost|p1a: Flamigo|spd|1\n|faint|p2a: Regirock\n|-damage|p1a: Flamigo|243/269|[from] item: Life Orb\n|\n|upkeep\n|\n|t:|1782814651\n|switch|p2a: Raikou|Raikou, L81|278/278\n|-ability|p2a: Raikou|Pressure\n|turn|5\n|\n|t:|1782814657\n|switch|p1a: Quagsire|Quagsire, L84, F|297/297\n|move|p2a: Raikou|Substitute|p2a: Raikou\n|-start|p2a: Raikou|Substitute\n|-damage|p2a: Raikou|209/278\n|\n|-heal|p2a: Raikou|226/278|[from] item: Leftovers\n|upkeep\n|turn|6\n|\n|t:|1782814665\n|move|p2a: Raikou|Scald|p1a: Quagsire\n|-damage|p1a: Quagsire|219/297\n|move|p1a: Quagsire|Spikes|p2a: Raikou\n|-sidestart|p2: Mitza01|Spikes\n|\n|-heal|p2a: Raikou|243/278|[from] item: Leftovers\n|-heal|p1a: Quagsire|237/297|[from] item: Leftovers\n|upkeep\n|turn|7\n|\n|t:|1782814672\n|move|p2a: Raikou|Scald|p1a: Quagsire\n|-damage|p1a: Quagsire|163/297\n|move|p1a: Quagsire|Spikes|p2a: Raikou\n|-sidestart|p2: Mitza01|Spikes\n|\n|-heal|p2a: Raikou|260/278|[from] item: Leftovers\n|-heal|p1a: Quagsire|181/297|[from] item: Leftovers\n|upkeep\n|turn|8\n|\n|t:|1782814678\n|move|p2a: Raikou|Scald|p1a: Quagsire\n|-damage|p1a: Quagsire|109/297\n|-status|p1a: Quagsire|brn\n|move|p1a: Quagsire|Spikes|p2a: Raikou\n|-sidestart|p2: Mitza01|Spikes\n|\n|-heal|p2a: Raikou|277/278|[from] item: Leftovers\n|-heal|p1a: Quagsire|127/297 brn|[from] item: Leftovers\n|-damage|p1a: Quagsire|109/297 brn|[from] brn\n|upkeep\n|turn|9\n|\n|t:|1782814694\n|move|p2a: Raikou|Scald|p1a: Quagsire\n|-damage|p1a: Quagsire|29/297 brn\n|move|p1a: Quagsire|Recover|p1a: Quagsire\n|-heal|p1a: Quagsire|178/297 brn\n|\n|-heal|p2a: Raikou|278/278|[from] item: Leftovers\n|-heal|p1a: Quagsire|196/297 brn|[from] item: Leftovers\n|-damage|p1a: Quagsire|178/297 brn|[from] brn\n|upkeep\n|turn|10\n|\n|t:|1782814699\n|move|p2a: Raikou|Scald|p1a: Quagsire\n|-damage|p1a: Quagsire|108/297 brn\n|move|p1a: Quagsire|Recover|p1a: Quagsire\n|-heal|p1a: Quagsire|257/297 brn\n|\n|-heal|p1a: Quagsire|275/297 brn|[from] item: Leftovers\n|-damage|p1a: Quagsire|257/297 brn|[from] brn\n|upkeep\n|turn|11\n|l|\u2606Mitza01\n|inactive|Mitza01 disconnected and has a minute to reconnect!\n|player|p2|\n|inactive|Mitza01 has 30 seconds to reconnect!\n|inactive|Mitza01 has 20 seconds to reconnect!\n|inactive|Mitza01 has 15 seconds to reconnect!\n|inactive|Mitza01 has 10 seconds to reconnect!\n|inactive|Mitza01 has 5 seconds to reconnect!\n|-message|Mitza01 lost due to inactivity.\n|\n|win|Ylilith\n", "inputlog": ">version f8ac14003a5f27e1bdc8d8c59608a773c1cb96e5\n>start {\"formatid\":\"gen9randombattle\",\"seed\":\"sodium,c45190731c80329731f6efc2a79645e4\",\"rated\":\"Rated battle\"}\n>player p1 {\"name\":\"Ylilith\",\"avatar\":\"parasollady\",\"rating\":2020,\"seed\":\"sodium,b2be91aeef952dacbc78b8ca77d1b17c\"}\n>player p2 {\"name\":\"Mitza01\",\"avatar\":\"2\",\"rating\":1962,\"seed\":\"sodium,4055a175175a9dc93c1535be2951c150\"}\n>p1 move ironhead\n>p2 move superpower\n>p2 switch 5\n>p1 move closecombat\n>p2 move earthquake\n>p1 switch 4\n>p1 move swordsdance\n>p2 switch 4\n>p1 move closecombat\n>p2 move stoneedge\n>p2 switch 6\n>p1 switch 3\n>p2 move substitute\n>p1 move spikes\n>p2 move scald\n>p1 move spikes\n>p2 move scald\n>p1 move spikes\n>p2 move scald\n>p1 move recover\n>p2 move scald\n>p1 move recover\n>p2 move scald\n>forcelose p2", "uploadtime": 1782814564, "views": 9, "formatid": "gen9randombattle", "rating": null, "private": 0, "password": null, "player_dets": [{"name": "Ylilith", "avatar": "parasollady", "rating": 2020, "seed": "sodium,b2be91aeef952dacbc78b8ca77d1b17c"}, {"name": "Mitza01", "avatar": "2", "rating": 1962, "seed": "sodium,4055a175175a9dc93c1535be2951c150"}], "teams_full": [{"Cobalion": {"name": "Cobalion", "species": "Cobalion", "speciesId": "cobalion", "gender": "N", "shiny": false, "level": 80, "moves": ["ironhead", "stoneedge", "swordsdance", "closecombat"], "ability": "Justified", "evs": {"hp": 85, "atk": 85, "def": 85, "spa": 85, "spd": 85, "spe": 85}, "ivs": {"hp": 31, "atk": 31, "def": 31, "spa": 31, "spd": 31, "spe": 31}, "item": "Life Orb", "teraType": "Fighting", "role": "Fast Bulky Setup", "bvs": {"hp": 91, "atk": 90, "def": 129, "spa": 90, "spd": 72, "spe": 108}, "stats": {"hp": 277, "atk": 190, "def": 253, "spa": 190, "spd": 161, "spe": 219}, "types": ["Steel", "Fighting"]}, "Vivillon": {"name": "Vivillon", "species": "Vivillon-River", "speciesId": "vivillon", "gender": "M", "shiny": false, "level": 83, "moves": ["hurricane", "quiverdance", "sleeppowder", "bugbuzz"], "ability": "Compound Eyes", "evs": {"hp": 85, "atk": 0, "def": 85, "spa": 85, "spd": 85, "spe": 85}, "ivs": {"hp": 31, "atk": 0, "def": 31, "spa": 31, "spd": 31, "spe": 31}, "item": "Heavy-Duty Boots", "teraType": "Steel", "role": "Fast Bulky Setup", "bvs": {"hp": 80, "atk": 52, "def": 50, "spa": 90, "spd": 50, "spe": 89}, "stats": {"hp": 268, "atk": 91, "def": 131, "spa": 197, "spd": 131, "spe": 195}, "types": ["Bug", "Flying"]}, "Quagsire": {"name": "Quagsire", "species": "Quagsire", "speciesId": "quagsire", "gender": "F", "shiny": false, "level": 84, "moves": ["earthquake", "spikes", "recover", "toxic"], "ability": "Unaware", "evs": {"hp": 85, "atk": 85, "def": 85, "spa": 85, "spd": 85, "spe": 85}, "ivs": {"hp": 31, "atk": 31, "def": 31, "spa": 31, "spd": 31, "spe": 31}, "item": "Leftovers", "teraType": "Poison", "role": "Bulky Support", "bvs": {"hp": 95, "atk": 85, "def": 85, "spa": 65, "spd": 65, "spe": 35}, "stats": {"hp": 297, "atk": 191, "def": 191, "spa": 157, "spd": 157, "spe": 107}, "types": ["Water", "Ground"]}, "Flamigo": {"name": "Flamigo", "species": "Flamigo", "speciesId": "flamigo", "gender": "M", "shiny": false, "level": 82, "moves": ["roost", "swordsdance", "bravebird", "closecombat"], "ability": "Scrappy", "evs": {"hp": 85, "atk": 85, "def": 85, "spa": 85, "spd": 85, "spe": 85}, "ivs": {"hp": 31, "atk": 31, "def": 31, "spa": 31, "spd": 31, "spe": 31}, "item": "Life Orb", "teraType": "Steel", "role": "Setup Sweeper", "bvs": {"hp": 82, "atk": 115, "def": 74, "spa": 75, "spd": 64, "spe": 90}, "stats": {"hp": 269, "atk": 236, "def": 169, "spa": 170, "spd": 152, "spe": 195}, "types": ["Flying", "Fighting"]}, "Jirachi": {"name": "Jirachi", "species": "Jirachi", "speciesId": "jirachi", "gender": "N", "shiny": false, "level": 80, "moves": ["healingwish", "uturn", "ironhead", "psychic"], "ability": "Serene Grace", "evs": {"hp": 85, "atk": 85, "def": 85, "spa": 85, "spd": 85, "spe": 85}, "ivs": {"hp": 31, "atk": 31, "def": 31, "spa": 31, "spd": 31, "spe": 31}, "item": "Choice Scarf", "teraType": "Water", "role": "Bulky Support", "bvs": {"hp": 100, "atk": 100, "def": 100, "spa": 100, "spd": 100, "spe": 100}, "stats": {"hp": 291, "atk": 206, "def": 206, "spa": 206, "spd": 206, "spe": 206}, "types": ["Steel", "Psychic"]}, "Meloetta": {"name": "Meloetta", "species": "Meloetta", "speciesId": "meloetta", "gender": "N", "shiny": false, "level": 82, "moves": ["psyshock", "focusblast", "uturn", "hypervoice"], "ability": "Serene Grace", "evs": {"hp": 85, "atk": 85, "def": 85, "spa": 85, "spd": 85, "spe": 85}, "ivs": {"hp": 31, "atk": 31, "def": 31, "spa": 31, "spd": 31, "spe": 31}, "item": "Choice Specs", "teraType": "Normal", "role": "Bulky Attacker", "bvs": {"hp": 100, "atk": 77, "def": 77, "spa": 128, "spd": 128, "spe": 90}, "stats": {"hp": 298, "atk": 173, "def": 173, "spa": 257, "spd": 257, "spe": 195}, "types": ["Normal", "Psychic"]}}, {"Deoxys": {"name": "Deoxys", "species": "Deoxys", "speciesId": "deoxys", "gender": "N", "shiny": false, "level": 74, "moves": ["superpower", "psychoboost", "extremespeed", "knockoff"], "ability": "Pressure", "evs": {"hp": 85, "atk": 85, "def": 85, "spa": 85, "spd": 85, "spe": 85}, "ivs": {"hp": 31, "atk": 31, "def": 31, "spa": 31, "spd": 31, "spe": 31}, "item": "Life Orb", "teraType": "Normal", "role": "Fast Attacker", "bvs": {"hp": 50, "atk": 150, "def": 50, "spa": 150, "spd": 50, "spe": 150}, "stats": {"hp": 196, "atk": 265, "def": 117, "spa": 265, "spd": 117, "spe": 265}, "types": ["Psychic"]}, "Sudowoodo": {"name": "Sudowoodo", "species": "Sudowoodo", "speciesId": "sudowoodo", "gender": "M", "shiny": false, "level": 94, "moves": ["woodhammer", "earthquake", "suckerpunch", "headsmash"], "ability": "Rock Head", "evs": {"hp": 85, "atk": 85, "def": 85, "spa": 85, "spd": 85, "spe": 85}, "ivs": {"hp": 31, "atk": 31, "def": 31, "spa": 31, "spd": 31, "spe": 31}, "item": "Choice Band", "teraType": "Grass", "role": "Bulky Attacker", "bvs": {"hp": 70, "atk": 100, "def": 115, "spa": 30, "spd": 65, "spe": 30}, "stats": {"hp": 284, "atk": 241, "def": 270, "spa": 110, "spd": 176, "spe": 110}, "types": ["Rock"]}, "Beartic": {"name": "Beartic", "species": "Beartic", "speciesId": "beartic", "gender": "M", "shiny": false, "level": 91, "moves": ["iciclecrash", "earthquake", "closecombat", "snowscape"], "ability": "Slush Rush", "evs": {"hp": 85, "atk": 85, "def": 85, "spa": 85, "spd": 85, "spe": 85}, "ivs": {"hp": 31, "atk": 31, "def": 31, "spa": 31, "spd": 31, "spe": 31}, "item": "Heavy-Duty Boots", "teraType": "Ground", "role": "Wallbreaker", "bvs": {"hp": 95, "atk": 130, "def": 80, "spa": 70, "spd": 80, "spe": 50}, "stats": {"hp": 321, "atk": 288, "def": 197, "spa": 179, "spd": 197, "spe": 143}, "types": ["Ice"]}, "Regirock": {"name": "Regirock", "species": "Regirock", "speciesId": "regirock", "gender": "N", "shiny": false, "level": 83, "moves": ["rest", "irondefense", "bodypress", "stoneedge"], "ability": "Clear Body", "evs": {"hp": 85, "atk": 85, "def": 85, "spa": 85, "spd": 85, "spe": 85}, "ivs": {"hp": 31, "atk": 31, "def": 31, "spa": 31, "spd": 31, "spe": 31}, "item": "Chesto Berry", "teraType": "Fighting", "role": "Bulky Setup", "bvs": {"hp": 80, "atk": 100, "def": 200, "spa": 50, "spd": 100, "spe": 50}, "stats": {"hp": 268, "atk": 214, "def": 380, "spa": 131, "spd": 214, "spe": 131}, "types": ["Rock"]}, "Dugtrio": {"name": "Dugtrio", "species": "Dugtrio", "speciesId": "dugtrio", "gender": "M", "shiny": false, "level": 84, "moves": ["throatchop", "earthquake", "suckerpunch", "stoneedge"], "ability": "Arena Trap", "evs": {"hp": 85, "atk": 85, "def": 85, "spa": 85, "spd": 85, "spe": 85}, "ivs": {"hp": 31, "atk": 31, "def": 31, "spa": 31, "spd": 31, "spe": 31}, "item": "Choice Band", "teraType": "Ground", "role": "Wallbreaker", "bvs": {"hp": 35, "atk": 100, "def": 50, "spa": 50, "spd": 70, "spe": 120}, "stats": {"hp": 196, "atk": 216, "def": 132, "spa": 132, "spd": 166, "spe": 250}, "types": ["Ground"]}, "Raikou": {"name": "Raikou", "species": "Raikou", "speciesId": "raikou", "gender": "N", "shiny": false, "level": 81, "moves": ["calmmind", "substitute", "scald", "thunderbolt"], "ability": "Pressure", "evs": {"hp": 85, "atk": 0, "def": 85, "spa": 85, "spd": 85, "spe": 85}, "ivs": {"hp": 31, "atk": 0, "def": 31, "spa": 31, "spd": 31, "spe": 31}, "item": "Leftovers", "teraType": "Water", "role": "Bulky Setup", "bvs": {"hp": 90, "atk": 85, "def": 75, "spa": 115, "spd": 100, "spe": 115}, "stats": {"hp": 278, "atk": 142, "def": 168, "spa": 233, "spd": 209, "spe": 233}, "types": ["Electric"]}}]}