{"id": "gen9randombattle-2641471277", "format": "[Gen 9] Random Battle", "players": ["shamu142", "dracomisses"], "log": "|j|\u2606shamu142\n|j|\u2606dracomisses\n|t:|1782789954\n|gametype|singles\n|player|p1|shamu142|baker|2079\n|player|p2|dracomisses|2|2091\n|gen|9\n|tier|[Gen 9] Random Battle\n|rated|\n|rule|Species Clause: Limit one of each Pok\u00e9mon\n|rule|HP Percentage Mod: HP is shown in percentages\n|rule|Sleep Clause Mod: Limit one foe put to sleep\n|rule|Illusion Level Mod: Illusion disguises the Pok\u00e9mon's true level\n|\n|t:|1782789954\n|teamsize|p1|6\n|teamsize|p2|6\n|start\n|switch|p1a: Luxray|Luxray, L88, F|284/284\n|switch|p2a: Lanturn|Lanturn, L89, F|367/367\n|-ability|p1a: Luxray|Intimidate|boost\n|-unboost|p2a: Lanturn|atk|1\n|turn|1\n|inactive|Battle timer is ON: inactive players will automatically lose when time's up. (requested by dracomisses)\n|\n|t:|1782790006\n|move|p1a: Luxray|Play Rough|p2a: Lanturn\n|-damage|p2a: Lanturn|264/367\n|move|p2a: Lanturn|Scald|p1a: Luxray\n|-damage|p1a: Luxray|230/284\n|-status|p1a: Luxray|brn\n|\n|-heal|p2a: Lanturn|286/367|[from] item: Leftovers\n|-damage|p1a: Luxray|213/284 brn|[from] brn\n|upkeep\n|turn|2\n|\n|t:|1782790027\n|switch|p2a: Muk|Muk, L86, M|321/321\n|move|p1a: Luxray|Play Rough|p2a: Muk|[miss]\n|-miss|p1a: Luxray|p2a: Muk\n|\n|-damage|p1a: Luxray|196/284 brn|[from] brn\n|upkeep\n|turn|3\n|\n|t:|1782790035\n|move|p1a: Luxray|Wild Charge|p2a: Muk\n|-damage|p2a: Muk|258/321\n|-damage|p1a: Luxray|180/284 brn|[from] Recoil\n|move|p2a: Muk|Gunk Shot|p1a: Luxray|[miss]\n|-miss|p2a: Muk|p1a: Luxray\n|\n|-damage|p1a: Luxray|163/284 brn|[from] brn\n|upkeep\n|turn|4\n|\n|t:|1782790045\n|switch|p2a: Lanturn|Lanturn, L89, F|286/367\n|move|p1a: Luxray|Wild Charge|p2a: Lanturn\n|-heal|p2a: Lanturn|367/367|[from] ability: Volt Absorb|[of] p1a: Luxray\n|\n|-damage|p1a: Luxray|146/284 brn|[from] brn\n|upkeep\n|turn|5\n|\n|t:|1782790051\n|move|p1a: Luxray|Play Rough|p2a: Lanturn\n|-damage|p2a: Lanturn|313/367\n|move|p2a: Lanturn|Scald|p1a: Luxray\n|-damage|p1a: Luxray|95/284 brn\n|\n|-heal|p2a: Lanturn|335/367|[from] item: Leftovers\n|-damage|p1a: Luxray|78/284 brn|[from] brn\n|upkeep\n|turn|6\n|\n|t:|1782790060\n|move|p1a: Luxray|Play Rough|p2a: Lanturn|[miss]\n|-miss|p1a: Luxray|p2a: Lanturn\n|move|p2a: Lanturn|Scald|p1a: Luxray\n|-damage|p1a: Luxray|27/284 brn\n|\n|-heal|p2a: Lanturn|357/367|[from] item: Leftovers\n|-damage|p1a: Luxray|10/284 brn|[from] brn\n|upkeep\n|turn|7\n|\n|t:|1782790065\n|move|p1a: Luxray|Play Rough|p2a: Lanturn\n|-damage|p2a: Lanturn|303/367\n|move|p2a: Lanturn|Thunderbolt|p1a: Luxray\n|-resisted|p1a: Luxray\n|-damage|p1a: Luxray|0 fnt\n|faint|p1a: Luxray\n|\n|-heal|p2a: Lanturn|325/367|[from] item: Leftovers\n|upkeep\n|\n|t:|1782790074\n|switch|p1a: Raikou|Raikou, L81|278/278\n|-ability|p1a: Raikou|Pressure\n|turn|8\n|\n|t:|1782790090\n|switch|p2a: Muk|Muk, L86, M|258/321\n|move|p1a: Raikou|Substitute|p1a: Raikou\n|-start|p1a: Raikou|Substitute\n|-damage|p1a: Raikou|209/278\n|\n|-heal|p1a: Raikou|226/278|[from] item: Leftovers\n|upkeep\n|turn|9\n|\n|t:|1782790109\n|move|p1a: Raikou|Scald|p2a: Muk\n|-damage|p2a: Muk|222/321\n|move|p2a: Muk|Knock Off|p1a: Raikou\n|-crit|p1a: Raikou\n|-end|p1a: Raikou|Substitute\n|\n|-heal|p1a: Raikou|243/278|[from] item: Leftovers\n|upkeep\n|turn|10\n|\n|t:|1782790118\n|move|p1a: Raikou|Scald|p2a: Muk\n|-damage|p2a: Muk|184/321\n|move|p2a: Muk|Knock Off|p1a: Raikou\n|-damage|p1a: Raikou|150/278\n|-enditem|p1a: Raikou|Leftovers|[from] move: Knock Off|[of] p2a: Muk\n|\n|upkeep\n|turn|11\n|\n|t:|1782790126\n|move|p1a: Raikou|Scald|p2a: Muk\n|-damage|p2a: Muk|146/321\n|move|p2a: Muk|Gunk Shot|p1a: Raikou\n|-damage|p1a: Raikou|0 fnt\n|faint|p1a: Raikou\n|\n|upkeep\n|\n|t:|1782790140\n|switch|p1a: Gallade|Gallade, L80, M|240/240\n|turn|12\n|\n|t:|1782790158\n|move|p1a: Gallade|Sacred Sword|p2a: Muk\n|-resisted|p2a: Muk\n|-damage|p2a: Muk|8/321\n|move|p2a: Muk|Knock Off|p1a: Gallade\n|-damage|p1a: Gallade|143/240\n|-status|p1a: Gallade|psn|[from] ability: Poison Touch|[of] p2a: Muk\n|-enditem|p1a: Gallade|Choice Band|[from] move: Knock Off|[of] p2a: Muk\n|\n|-damage|p1a: Gallade|113/240 psn|[from] psn\n|upkeep\n|turn|13\n|\n|t:|1782790166\n|move|p1a: Gallade|Sacred Sword|p2a: Muk\n|-resisted|p2a: Muk\n|-damage|p2a: Muk|0 fnt\n|faint|p2a: Muk\n|\n|-damage|p1a: Gallade|83/240 psn|[from] psn\n|upkeep\n|\n|t:|1782790174\n|switch|p2a: Shiftry|Shiftry, L89, M|305/305\n|turn|14\n|\n|t:|1782790176\n|switch|p1a: Noivern|Noivern, L82, M|274/274\n|move|p2a: Shiftry|Knock Off|p1a: Noivern\n|-damage|p1a: Noivern|105/274\n|-enditem|p1a: Noivern|Heavy-Duty Boots|[from] move: Knock Off|[of] p2a: Shiftry\n|-damage|p2a: Shiftry|275/305|[from] item: Life Orb\n|\n|upkeep\n|turn|15\n|\n|t:|1782790181\n|switch|p1a: Gallade|Gallade, L80, M|83/240 psn\n|move|p2a: Shiftry|Sucker Punch||[still]\n|-fail|p2a: Shiftry\n|\n|-damage|p1a: Gallade|53/240 psn|[from] psn\n|upkeep\n|turn|16\n|\n|t:|1782790186\n|move|p2a: Shiftry|Knock Off|p1a: Gallade\n|-damage|p1a: Gallade|0 fnt\n|faint|p1a: Gallade\n|-damage|p2a: Shiftry|245/305|[from] item: Life Orb\n|\n|upkeep\n|\n|t:|1782790189\n|switch|p1a: Ceruledge|Ceruledge, L78, F|245/245\n|turn|17\n|\n|t:|1782790211\n|-terastallize|p1a: Ceruledge|Fighting\n|move|p2a: Shiftry|Knock Off|p1a: Ceruledge\n|-resisted|p1a: Ceruledge\n|-damage|p1a: Ceruledge|159/245\n|-ability|p1a: Ceruledge|Weak Armor|boost\n|-unboost|p1a: Ceruledge|def|1\n|-boost|p1a: Ceruledge|spe|2\n|-enditem|p1a: Ceruledge|Heavy-Duty Boots|[from] move: Knock Off|[of] p2a: Shiftry\n|-damage|p2a: Shiftry|215/305|[from] item: Life Orb\n|move|p1a: Ceruledge|Swords Dance|p1a: Ceruledge\n|-boost|p1a: Ceruledge|atk|2\n|\n|upkeep\n|turn|18\n|inactive|dracomisses has 120 seconds left.\n|\n|t:|1782790235\n|move|p2a: Shiftry|Sucker Punch|p1a: Ceruledge\n|-resisted|p1a: Ceruledge\n|-damage|p1a: Ceruledge|62/245\n|-ability|p1a: Ceruledge|Weak Armor|boost\n|-unboost|p1a: Ceruledge|def|1\n|-boost|p1a: Ceruledge|spe|2\n|-damage|p2a: Shiftry|185/305|[from] item: Life Orb\n|move|p1a: Ceruledge|Bitter Blade|p2a: Shiftry\n|-supereffective|p2a: Shiftry\n|-damage|p2a: Shiftry|0 fnt\n|-heal|p1a: Ceruledge|155/245|[from] drain|[of] p2a: Shiftry\n|faint|p2a: Shiftry\n|\n|upkeep\n|inactive|dracomisses has 120 seconds left.\n|\n|t:|1782790255\n|switch|p2a: Regice|Regice, L88|284/284\n|turn|19\n|\n|t:|1782790285\n|-terastallize|p2a: Regice|Electric\n|move|p1a: Ceruledge|Bitter Blade|p2a: Regice\n|-damage|p2a: Regice|112/284\n|-heal|p1a: Ceruledge|241/245|[from] drain|[of] p2a: Regice\n|move|p2a: Regice|Body Press|p1a: Ceruledge\n|-damage|p1a: Ceruledge|94/245\n|-ability|p1a: Ceruledge|Weak Armor|boost\n|-unboost|p1a: Ceruledge|def|1\n|-boost|p1a: Ceruledge|spe|2\n|\n|upkeep\n|turn|20\n|-message|dracomisses forfeited.\n|\n|win|shamu142\n", "inputlog": ">version f8ac14003a5f27e1bdc8d8c59608a773c1cb96e5\n>start {\"formatid\":\"gen9randombattle\",\"seed\":\"sodium,2ee8d706b0685ad02070a4314fd3ef18\",\"rated\":\"Rated battle\"}\n>player p1 {\"name\":\"shamu142\",\"avatar\":\"baker\",\"rating\":2079,\"seed\":\"sodium,b1d2e3d212d42538a8195b25403ba409\"}\n>player p2 {\"name\":\"dracomisses\",\"avatar\":\"2\",\"rating\":2091,\"seed\":\"sodium,47ede636b9b7b1895a34b4455e5487f6\"}\n>p1 move playrough\n>p2 move scald\n>p1 move playrough\n>p2 switch 6\n>p1 move wildcharge\n>p2 move gunkshot\n>p1 move wildcharge\n>p2 switch 6\n>p1 move playrough\n>p2 move scald\n>p1 move playrough\n>p2 move scald\n>p1 move playrough\n>p2 move thunderbolt\n>p1 switch 5\n>p1 move substitute\n>p2 switch 6\n>p1 move scald\n>p2 move knockoff\n>p1 move scald\n>p2 move knockoff\n>p1 move scald\n>p2 move gunkshot\n>p1 switch 6\n>p1 move sacredsword\n>p2 move knockoff\n>p1 move sacredsword\n>p2 move knockoff\n>p2 switch 4\n>p1 switch 3\n>p2 move knockoff\n>p1 switch 3\n>p2 move suckerpunch\n>p1 move sacredsword\n>p2 move knockoff\n>p1 switch 4\n>p1 move swordsdance terastallize\n>p2 move knockoff\n>p1 move bitterblade\n>p2 move suckerpunch\n>p2 switch 3\n>p1 move bitterblade\n>p2 move bodypress terastallize\n>forcelose p2", "uploadtime": 1782789955, "views": 4, "formatid": "gen9randombattle", "rating": null, "private": 0, "password": null, "player_dets": [{"name": "shamu142", "avatar": "baker", "rating": 2079, "seed": "sodium,b1d2e3d212d42538a8195b25403ba409"}, {"name": "dracomisses", "avatar": "2", "rating": 2091, "seed": "sodium,47ede636b9b7b1895a34b4455e5487f6"}], "teams_full": [{"Luxray": {"name": "Luxray", "species": "Luxray", "speciesId": "luxray", "gender": "F", "shiny": false, "level": 88, "moves": ["throatchop", "voltswitch", "playrough", "wildcharge"], "ability": "Intimidate", "evs": {"hp": 85, "atk": 85, "def": 85, "spa": 85, "spd": 85, "spe": 85}, "ivs": {"hp": 31, "atk": 31, "def": 31, "spa": 31, "spd": 31, "spe": 31}, "item": "Assault Vest", "teraType": "Electric", "role": "AV Pivot", "bvs": {"hp": 80, "atk": 120, "def": 79, "spa": 95, "spd": 79, "spe": 70}, "stats": {"hp": 284, "atk": 261, "def": 189, "spa": 217, "spd": 189, "spe": 173}, "types": ["Electric"]}, "Farigiraf": {"name": "Farigiraf", "species": "Farigiraf", "speciesId": "farigiraf", "gender": "M", "shiny": false, "level": 90, "moves": ["wish", "psychicnoise", "bodyslam", "protect"], "ability": "Sap Sipper", "evs": {"hp": 85, "atk": 85, "def": 85, "spa": 85, "spd": 85, "spe": 85}, "ivs": {"hp": 31, "atk": 31, "def": 31, "spa": 31, "spd": 31, "spe": 31}, "item": "Leftovers", "teraType": "Fairy", "role": "Bulky Support", "bvs": {"hp": 120, "atk": 90, "def": 70, "spa": 110, "spd": 70, "spe": 60}, "stats": {"hp": 362, "atk": 213, "def": 177, "spa": 249, "spd": 177, "spe": 159}, "types": ["Normal", "Psychic"]}, "Noivern": {"name": "Noivern", "species": "Noivern", "speciesId": "noivern", "gender": "M", "shiny": false, "level": 82, "moves": ["hurricane", "flamethrower", "defog", "dracometeor"], "ability": "Infiltrator", "evs": {"hp": 85, "atk": 0, "def": 85, "spa": 85, "spd": 85, "spe": 85}, "ivs": {"hp": 31, "atk": 0, "def": 31, "spa": 31, "spd": 31, "spe": 31}, "item": "Heavy-Duty Boots", "teraType": "Fire", "role": "Fast Support", "bvs": {"hp": 85, "atk": 70, "def": 80, "spa": 97, "spd": 80, "spe": 123}, "stats": {"hp": 274, "atk": 119, "def": 178, "spa": 206, "spd": 178, "spe": 249}, "types": ["Flying", "Dragon"]}, "Ceruledge": {"name": "Ceruledge", "species": "Ceruledge", "speciesId": "ceruledge", "gender": "F", "shiny": false, "level": 78, "moves": ["closecombat", "swordsdance", "poltergeist", "bitterblade"], "ability": "Weak Armor", "evs": {"hp": 85, "atk": 85, "def": 85, "spa": 85, "spd": 85, "spe": 85}, "ivs": {"hp": 31, "atk": 31, "def": 31, "spa": 31, "spd": 31, "spe": 31}, "item": "Heavy-Duty Boots", "teraType": "Fighting", "role": "Setup Sweeper", "bvs": {"hp": 75, "atk": 125, "def": 80, "spa": 60, "spd": 100, "spe": 85}, "stats": {"hp": 245, "atk": 240, "def": 170, "spa": 139, "spd": 201, "spe": 178}, "types": ["Fire", "Ghost"]}, "Raikou": {"name": "Raikou", "species": "Raikou", "speciesId": "raikou", "gender": "N", "shiny": false, "level": 81, "moves": ["thunderbolt", "scald", "calmmind", "substitute"], "ability": "Pressure", "evs": {"hp": 85, "atk": 0, "def": 85, "spa": 85, "spd": 85, "spe": 85}, "ivs": {"hp": 31, "atk": 0, "def": 31, "spa": 31, "spd": 31, "spe": 31}, "item": "Leftovers", "teraType": "Grass", "role": "Bulky Setup", "bvs": {"hp": 90, "atk": 85, "def": 75, "spa": 115, "spd": 100, "spe": 115}, "stats": {"hp": 278, "atk": 142, "def": 168, "spa": 233, "spd": 209, "spe": 233}, "types": ["Electric"]}, "Gallade": {"name": "Gallade", "species": "Gallade", "speciesId": "gallade", "gender": "M", "shiny": false, "level": 80, "moves": ["psychocut", "leafblade", "sacredsword", "nightslash"], "ability": "Sharpness", "evs": {"hp": 85, "atk": 85, "def": 85, "spa": 85, "spd": 85, "spe": 85}, "ivs": {"hp": 31, "atk": 31, "def": 31, "spa": 31, "spd": 31, "spe": 31}, "item": "Choice Band", "teraType": "Grass", "role": "Fast Attacker", "bvs": {"hp": 68, "atk": 125, "def": 65, "spa": 65, "spd": 115, "spe": 80}, "stats": {"hp": 240, "atk": 246, "def": 150, "spa": 150, "spd": 230, "spe": 174}, "types": ["Psychic", "Fighting"]}}, {"Lanturn": {"name": "Lanturn", "species": "Lanturn", "speciesId": "lanturn", "gender": "F", "shiny": false, "level": 89, "moves": ["thunderwave", "scald", "icebeam", "thunderbolt"], "ability": "Volt Absorb", "evs": {"hp": 85, "atk": 0, "def": 85, "spa": 85, "spd": 85, "spe": 85}, "ivs": {"hp": 31, "atk": 0, "def": 31, "spa": 31, "spd": 31, "spe": 31}, "item": "Leftovers", "teraType": "Flying", "role": "Bulky Attacker", "bvs": {"hp": 125, "atk": 58, "def": 58, "spa": 76, "spd": 76, "spe": 67}, "stats": {"hp": 367, "atk": 108, "def": 154, "spa": 186, "spd": 186, "spe": 170}, "types": ["Water", "Electric"]}, "Zacian": {"name": "Zacian", "species": "Zacian", "speciesId": "zaciancrowned", "gender": "N", "shiny": false, "level": 64, "moves": ["behemothblade", "closecombat", "swordsdance", "playrough"], "ability": "Intrepid Sword", "evs": {"hp": 85, "atk": 85, "def": 85, "spa": 85, "spd": 85, "spe": 85}, "ivs": {"hp": 31, "atk": 31, "def": 31, "spa": 31, "spd": 31, "spe": 31}, "item": "Rusted Sword", "teraType": "Fighting", "role": "Setup Sweeper", "bvs": {"hp": 92, "atk": 150, "def": 115, "spa": 80, "spd": 115, "spe": 148}, "stats": {"hp": 225, "atk": 230, "def": 185, "spa": 140, "spd": 185, "spe": 227}, "types": ["Fairy", "Steel"]}, "Regice": {"name": "Regice", "species": "Regice", "speciesId": "regice", "gender": "N", "shiny": false, "level": 88, "moves": ["icebeam", "thunderwave", "bodypress", "thunderbolt"], "ability": "Clear Body", "evs": {"hp": 85, "atk": 0, "def": 85, "spa": 85, "spd": 85, "spe": 85}, "ivs": {"hp": 31, "atk": 0, "def": 31, "spa": 31, "spd": 31, "spe": 31}, "item": "Heavy-Duty Boots", "teraType": "Electric", "role": "Bulky Attacker", "bvs": {"hp": 80, "atk": 50, "def": 100, "spa": 100, "spd": 200, "spe": 50}, "stats": {"hp": 284, "atk": 93, "def": 226, "spa": 226, "spd": 402, "spe": 138}, "types": ["Ice"]}, "Shiftry": {"name": "Shiftry", "species": "Shiftry", "speciesId": "shiftry", "gender": "M", "shiny": false, "level": 89, "moves": ["leafblade", "swordsdance", "suckerpunch", "knockoff"], "ability": "Wind Rider", "evs": {"hp": 85, "atk": 85, "def": 85, "spa": 85, "spd": 85, "spe": 85}, "ivs": {"hp": 31, "atk": 31, "def": 31, "spa": 31, "spd": 31, "spe": 31}, "item": "Life Orb", "teraType": "Poison", "role": "Fast Bulky Setup", "bvs": {"hp": 90, "atk": 100, "def": 60, "spa": 90, "spd": 60, "spe": 80}, "stats": {"hp": 305, "atk": 229, "def": 158, "spa": 211, "spd": 158, "spe": 193}, "types": ["Grass", "Dark"]}, "Maushold": {"name": "Maushold", "species": "Maushold", "speciesId": "maushold", "gender": "N", "shiny": false, "level": 76, "moves": ["encore", "tidyup", "bite", "populationbomb"], "ability": "Technician", "evs": {"hp": 85, "atk": 85, "def": 85, "spa": 85, "spd": 85, "spe": 85}, "ivs": {"hp": 31, "atk": 31, "def": 31, "spa": 31, "spd": 31, "spe": 31}, "item": "Wide Lens", "teraType": "Normal", "role": "Setup Sweeper", "bvs": {"hp": 74, "atk": 75, "def": 70, "spa": 65, "spd": 75, "spe": 111}, "stats": {"hp": 238, "atk": 158, "def": 150, "spa": 143, "spd": 158, "spe": 213}, "types": ["Normal"]}, "Muk": {"name": "Muk", "species": "Muk", "speciesId": "muk", "gender": "M", "shiny": false, "level": 86, "moves": ["gunkshot", "knockoff", "icepunch", "drainpunch"], "ability": "Poison Touch", "evs": {"hp": 85, "atk": 85, "def": 85, "spa": 85, "spd": 85, "spe": 85}, "ivs": {"hp": 31, "atk": 31, "def": 31, "spa": 31, "spd": 31, "spe": 31}, "item": "Assault Vest", "teraType": "Dark", "role": "AV Pivot", "bvs": {"hp": 105, "atk": 105, "def": 75, "spa": 65, "spd": 100, "spe": 50}, "stats": {"hp": 321, "atk": 230, "def": 178, "spa": 161, "spd": 221, "spe": 135}, "types": ["Poison"]}}]}