{"id": "gen9randombattle-2641625890", "format": "[Gen 9] Random Battle", "players": ["Fortre", "notnotnotnotzpoon"], "log": "|j|\u2606Fortre\n|j|\u2606notnotnotnotzpoon\n|t:|1782821058\n|gametype|singles\n|player|p1|Fortre|101|2048\n|player|p2|notnotnotnotzpoon|170|1910\n|gen|9\n|tier|[Gen 9] Random Battle\n|rated|\n|rule|Species Clause: Limit one of each Pok\u00e9mon\n|rule|HP Percentage Mod: HP is shown in percentages\n|rule|Sleep Clause Mod: Limit one foe put to sleep\n|rule|Illusion Level Mod: Illusion disguises the Pok\u00e9mon's true level\n|\n|t:|1782821058\n|teamsize|p1|6\n|teamsize|p2|6\n|start\n|switch|p1a: Salazzle|Salazzle, L83, F|249/249\n|switch|p2a: Noivern|Noivern, L82, F|274/274\n|turn|1\n|inactive|Battle timer is ON: inactive players will automatically lose when time's up. (requested by notnotnotnotzpoon)\n|\n|t:|1782821087\n|move|p2a: Noivern|Draco Meteor|p1a: Salazzle\n|-damage|p1a: Salazzle|81/249\n|-unboost|p2a: Noivern|spa|2\n|move|p1a: Salazzle|Toxic|p2a: Noivern\n|-status|p2a: Noivern|tox\n|\n|-heal|p1a: Salazzle|96/249|[from] item: Leftovers\n|-damage|p2a: Noivern|257/274 tox|[from] psn\n|upkeep\n|turn|2\n|\n|t:|1782821109\n|switch|p2a: Glalie|Glalie, L96, F|309/309\n|move|p1a: Salazzle|Protect||[still]\n|-fail|p1a: Salazzle\n|\n|-heal|p1a: Salazzle|111/249|[from] item: Leftovers\n|upkeep\n|turn|3\n|\n|t:|1782821119\n|switch|p1a: Dunsparce|Dunsparce, L86, M|312/312\n|switch|p2a: Noivern|Noivern, L82, F|257/274 tox\n|\n|-damage|p2a: Noivern|240/274 tox|[from] psn\n|upkeep\n|turn|4\n|\n|t:|1782821133\n|switch|p2a: Maushold|Maushold-Four, L76|238/238\n|move|p1a: Dunsparce|Roost||[still]\n|-fail|p1a: Dunsparce|heal\n|\n|upkeep\n|turn|5\n|\n|t:|1782821154\n|switch|p1a: Hippowdon|Hippowdon, L82, F|311/311\n|-weather|Sandstorm|[from] ability: Sand Stream|[of] p1a: Hippowdon\n|move|p2a: Maushold|Encore||[still]\n|-fail|p2a: Maushold\n|\n|-weather|Sandstorm|[upkeep]\n|-damage|p2a: Maushold|224/238|[from] Sandstorm\n|upkeep\n|turn|6\n|\n|t:|1782821162\n|switch|p2a: Gogoat|Gogoat, L88, M|360/360\n|move|p1a: Hippowdon|Stone Edge|p2a: Gogoat|[miss]\n|-miss|p1a: Hippowdon|p2a: Gogoat\n|\n|-weather|Sandstorm|[upkeep]\n|-damage|p2a: Gogoat|338/360|[from] Sandstorm\n|-heal|p2a: Gogoat|360/360|[from] item: Leftovers\n|upkeep\n|turn|7\n|\n|t:|1782821182\n|switch|p1a: Shaymin|Shaymin-Sky, L73|266/266\n|move|p2a: Gogoat|Earthquake|p1a: Shaymin\n|-immune|p1a: Shaymin\n|\n|-weather|Sandstorm|[upkeep]\n|-damage|p1a: Shaymin|250/266|[from] Sandstorm\n|-damage|p2a: Gogoat|338/360|[from] Sandstorm\n|-heal|p1a: Shaymin|266/266|[from] item: Leftovers\n|-heal|p2a: Gogoat|360/360|[from] item: Leftovers\n|upkeep\n|turn|8\n|\n|t:|1782821197\n|switch|p2a: Glalie|Glalie, L96, F|309/309\n|move|p1a: Shaymin|Substitute|p1a: Shaymin\n|-start|p1a: Shaymin|Substitute\n|-damage|p1a: Shaymin|200/266\n|\n|-weather|Sandstorm|[upkeep]\n|-damage|p1a: Shaymin|184/266|[from] Sandstorm\n|-damage|p2a: Glalie|290/309|[from] Sandstorm\n|-heal|p1a: Shaymin|200/266|[from] item: Leftovers\n|upkeep\n|turn|9\n|\n|t:|1782821213\n|move|p1a: Shaymin|Air Slash|p2a: Glalie\n|-damage|p2a: Glalie|217/309\n|move|p2a: Glalie|Spikes|p1a: Shaymin\n|-sidestart|p1: Fortre|Spikes\n|\n|-weather|none\n|-heal|p1a: Shaymin|216/266|[from] item: Leftovers\n|upkeep\n|turn|10\n|inactive|Fortre has 120 seconds left.\n|\n|t:|1782821250\n|move|p1a: Shaymin|Air Slash|p2a: Glalie\n|-damage|p2a: Glalie|142/309\n|move|p2a: Glalie|Freeze-Dry|p1a: Shaymin\n|-supereffective|p1a: Shaymin\n|-end|p1a: Shaymin|Substitute\n|\n|-heal|p1a: Shaymin|232/266|[from] item: Leftovers\n|upkeep\n|turn|11\n|inactive|Fortre has 120 seconds left.\n|\n|t:|1782821266\n|switch|p1a: Salazzle|Salazzle, L83, F|111/249\n|-damage|p1a: Salazzle|80/249|[from] Spikes\n|move|p2a: Glalie|Freeze-Dry|p1a: Salazzle\n|-resisted|p1a: Salazzle\n|-damage|p1a: Salazzle|23/249\n|\n|-heal|p1a: Salazzle|38/249|[from] item: Leftovers\n|upkeep\n|turn|12\n|\n|t:|1782821271\n|move|p1a: Salazzle|Flamethrower|p2a: Glalie\n|-supereffective|p2a: Glalie\n|-damage|p2a: Glalie|0 fnt\n|faint|p2a: Glalie\n|\n|-heal|p1a: Salazzle|53/249|[from] item: Leftovers\n|upkeep\n|\n|t:|1782821280\n|switch|p2a: Jolteon|Jolteon, L84, M|246/246\n|turn|13\n|inactive|Fortre has 120 seconds left.\n|\n|t:|1782821301\n|move|p1a: Salazzle|Protect|p1a: Salazzle\n|-singleturn|p1a: Salazzle|Protect\n|move|p2a: Jolteon|Substitute|p2a: Jolteon\n|-start|p2a: Jolteon|Substitute\n|-damage|p2a: Jolteon|185/246\n|\n|-heal|p2a: Jolteon|200/246|[from] item: Leftovers\n|-heal|p1a: Salazzle|68/249|[from] item: Leftovers\n|upkeep\n|turn|14\n|\n|t:|1782821305\n|move|p2a: Jolteon|Calm Mind|p2a: Jolteon\n|-boost|p2a: Jolteon|spa|1\n|-boost|p2a: Jolteon|spd|1\n|move|p1a: Salazzle|Flamethrower|p2a: Jolteon\n|-end|p2a: Jolteon|Substitute\n|\n|-heal|p2a: Jolteon|215/246|[from] item: Leftovers\n|-heal|p1a: Salazzle|83/249|[from] item: Leftovers\n|upkeep\n|turn|15\n|\n|t:|1782821309\n|move|p2a: Jolteon|Thunderbolt|p1a: Salazzle\n|-damage|p1a: Salazzle|0 fnt\n|faint|p1a: Salazzle\n|\n|-heal|p2a: Jolteon|230/246|[from] item: Leftovers\n|upkeep\n|inactive|Fortre has 120 seconds left.\n|\n|t:|1782821336\n|switch|p1a: Hippowdon|Hippowdon, L82, F|311/311\n|-damage|p1a: Hippowdon|273/311|[from] Spikes\n|-weather|Sandstorm|[from] ability: Sand Stream|[of] p1a: Hippowdon\n|turn|16\n|\n|t:|1782821357\n|-terastallize|p2a: Jolteon|Ice\n|move|p2a: Jolteon|Tera Blast|p1a: Hippowdon|[anim] Tera Blast Ice\n|-supereffective|p1a: Hippowdon\n|-damage|p1a: Hippowdon|0 fnt\n|faint|p1a: Hippowdon\n|\n|-weather|Sandstorm|[upkeep]\n|-damage|p2a: Jolteon|215/246|[from] Sandstorm\n|-heal|p2a: Jolteon|230/246|[from] item: Leftovers\n|upkeep\n|\n|t:|1782821365\n|switch|p1a: Blaziken|Blaziken, L76, F|247/247\n|-damage|p1a: Blaziken|217/247|[from] Spikes\n|turn|17\n|\n|t:|1782821373\n|move|p1a: Blaziken|Protect|p1a: Blaziken\n|-singleturn|p1a: Blaziken|Protect\n|move|p2a: Jolteon|Thunderbolt|p1a: Blaziken\n|-activate|p1a: Blaziken|move: Protect\n|\n|-weather|Sandstorm|[upkeep]\n|-damage|p2a: Jolteon|215/246|[from] Sandstorm\n|-damage|p1a: Blaziken|202/247|[from] Sandstorm\n|-heal|p2a: Jolteon|230/246|[from] item: Leftovers\n|-ability|p1a: Blaziken|Speed Boost|boost\n|-boost|p1a: Blaziken|spe|1\n|upkeep\n|turn|18\n|\n|t:|1782821378\n|move|p2a: Jolteon|Thunderbolt|p1a: Blaziken\n|-damage|p1a: Blaziken|7/247\n|move|p1a: Blaziken|Flare Blitz|p2a: Jolteon\n|-supereffective|p2a: Jolteon\n|-damage|p2a: Jolteon|0 fnt\n|faint|p2a: Jolteon\n|-damage|p1a: Blaziken|0 fnt|[from] Recoil\n|faint|p1a: Blaziken\n|\n|-weather|Sandstorm|[upkeep]\n|upkeep\n|\n|t:|1782821403\n|switch|p2a: Noivern|Noivern, L82, F|240/274 tox\n|switch|p1a: Shaymin|Shaymin-Sky, L73|232/266\n|turn|19\n|\n|t:|1782821411\n|switch|p1a: Dunsparce|Dunsparce, L86, M|312/312\n|-damage|p1a: Dunsparce|273/312|[from] Spikes\n|move|p2a: Noivern|Hurricane|p1a: Dunsparce\n|-damage|p1a: Dunsparce|176/312\n|\n|-weather|Sandstorm|[upkeep]\n|-damage|p2a: Noivern|223/274 tox|[from] Sandstorm\n|-damage|p1a: Dunsparce|157/312|[from] Sandstorm\n|-damage|p2a: Noivern|206/274 tox|[from] psn\n|upkeep\n|turn|20\n|\n|t:|1782821422\n|switch|p2a: Houndstone|Houndstone, L86, M|264/264\n|move|p1a: Dunsparce|Roost|p1a: Dunsparce\n|-heal|p1a: Dunsparce|312/312\n|-singleturn|p1a: Dunsparce|move: Roost\n|\n|-weather|none\n|upkeep\n|turn|21\n|\n|t:|1782821430\n|move|p2a: Houndstone|Body Press|p1a: Dunsparce\n|-supereffective|p1a: Dunsparce\n|-damage|p1a: Dunsparce|226/312\n|move|p1a: Dunsparce|Coil|p1a: Dunsparce\n|-boost|p1a: Dunsparce|atk|1\n|-boost|p1a: Dunsparce|def|1\n|-boost|p1a: Dunsparce|accuracy|1\n|\n|upkeep\n|turn|22\n|\n|t:|1782821435\n|move|p2a: Houndstone|Body Press|p1a: Dunsparce\n|-supereffective|p1a: Dunsparce\n|-damage|p1a: Dunsparce|164/312\n|move|p1a: Dunsparce|Body Slam|p2a: Houndstone\n|-immune|p2a: Houndstone\n|\n|upkeep\n|turn|23\n|\n|t:|1782821439\n|move|p2a: Houndstone|Body Press|p1a: Dunsparce\n|-supereffective|p1a: Dunsparce\n|-damage|p1a: Dunsparce|104/312\n|move|p1a: Dunsparce|Roost|p1a: Dunsparce\n|-heal|p1a: Dunsparce|260/312\n|-singleturn|p1a: Dunsparce|move: Roost\n|\n|upkeep\n|turn|24\n|\n|t:|1782821455\n|move|p2a: Houndstone|Body Press|p1a: Dunsparce\n|-supereffective|p1a: Dunsparce\n|-damage|p1a: Dunsparce|200/312\n|move|p1a: Dunsparce|Earthquake|p2a: Houndstone\n|-damage|p2a: Houndstone|182/264\n|\n|-heal|p2a: Houndstone|198/264|[from] item: Leftovers\n|upkeep\n|turn|25\n|\n|t:|1782821461\n|move|p2a: Houndstone|Body Press|p1a: Dunsparce\n|-supereffective|p1a: Dunsparce\n|-damage|p1a: Dunsparce|132/312\n|move|p1a: Dunsparce|Earthquake|p2a: Houndstone\n|-crit|p2a: Houndstone\n|-damage|p2a: Houndstone|87/264\n|\n|-heal|p2a: Houndstone|103/264|[from] item: Leftovers\n|upkeep\n|turn|26\n|\n|t:|1782821475\n|switch|p2a: Maushold|Maushold-Four, L76|224/238\n|move|p1a: Dunsparce|Roost|p1a: Dunsparce\n|-heal|p1a: Dunsparce|288/312\n|-singleturn|p1a: Dunsparce|move: Roost\n|\n|upkeep\n|turn|27\n|\n|t:|1782821484\n|switch|p1a: Cloyster|Cloyster, L80, M|211/211\n|-damage|p1a: Cloyster|185/211|[from] Spikes\n|move|p2a: Maushold|Tidy Up|p2a: Maushold\n|-sideend|p1: Fortre|Spikes\n|-activate|p2a: Maushold|move: Tidy Up\n|-boost|p2a: Maushold|atk|1\n|-boost|p2a: Maushold|spe|1\n|\n|upkeep\n|turn|28\n|\n|t:|1782821493\n|-terastallize|p1a: Cloyster|Ice\n|move|p2a: Maushold|Tidy Up|p2a: Maushold\n|-boost|p2a: Maushold|atk|1\n|-boost|p2a: Maushold|spe|1\n|move|p1a: Cloyster|Icicle Spear|p2a: Maushold\n|-damage|p2a: Maushold|178/238\n|-damage|p2a: Maushold|136/238\n|-damage|p2a: Maushold|90/238\n|-damage|p2a: Maushold|46/238\n|-damage|p2a: Maushold|4/238\n|-hitcount|p2a: Maushold|5\n|\n|upkeep\n|turn|29\n|-message|Fortre forfeited.\n|\n|win|notnotnotnotzpoon\n", "inputlog": ">version f8ac14003a5f27e1bdc8d8c59608a773c1cb96e5\n>start {\"formatid\":\"gen9randombattle\",\"seed\":\"sodium,c69747440c438c5ce7bb040f5f72e5ce\",\"rated\":\"Rated battle\"}\n>player p1 {\"name\":\"Fortre\",\"avatar\":\"101\",\"rating\":2048,\"seed\":\"sodium,45e322afcfc1c0d9d3ed7ba5c16d8ebe\"}\n>player p2 {\"name\":\"notnotnotnotzpoon\",\"avatar\":\"170\",\"rating\":1910,\"seed\":\"sodium,94620bf451675ded7fb16c3c02c9f929\"}\n>p1 move toxic\n>p2 move dracometeor\n>p1 move protect\n>p2 switch 5\n>p1 switch 5\n>p2 switch 5\n>p1 move roost\n>p2 switch 4\n>p1 switch 6\n>p2 move encore\n>p1 move stoneedge\n>p2 switch 2\n>p1 switch 2\n>p2 move earthquake\n>p1 move substitute\n>p2 switch 5\n>p1 move airslash\n>p2 move spikes\n>p1 move airslash\n>p2 move freezedry\n>p1 switch 5\n>p2 move freezedry\n>p1 move flamethrower\n>p2 move freezedry\n>p2 switch 6\n>p1 move protect\n>p2 move substitute\n>p1 move flamethrower\n>p2 move calmmind\n>p1 move flamethrower\n>p2 move thunderbolt\n>p1 switch 2\n>p1 move earthquake\n>p2 move terablast terastallize\n>p1 switch 3\n>p1 move protect\n>p2 move thunderbolt\n>p1 move flareblitz\n>p2 move thunderbolt\n>p1 switch 5\n>p2 switch 4\n>p1 switch 6\n>p2 move hurricane\n>p1 move roost\n>p2 switch 3\n>p1 move coil\n>p2 move bodypress\n>p1 move bodyslam\n>p2 move bodypress\n>p1 move roost\n>p2 move bodypress\n>p1 move earthquake\n>p2 move bodypress\n>p1 move earthquake\n>p2 move bodypress\n>p1 move roost\n>p2 switch 2\n>p1 switch 4\n>p2 move tidyup\n>p1 move iciclespear terastallize\n>p2 move tidyup\n>forcelose p1", "uploadtime": 1782821061, "views": 3, "formatid": "gen9randombattle", "rating": null, "private": 0, "password": null, "player_dets": [{"name": "Fortre", "avatar": "101", "rating": 2048, "seed": "sodium,45e322afcfc1c0d9d3ed7ba5c16d8ebe"}, {"name": "notnotnotnotzpoon", "avatar": "170", "rating": 1910, "seed": "sodium,94620bf451675ded7fb16c3c02c9f929"}], "teams_full": [{"Salazzle": {"name": "Salazzle", "species": "Salazzle", "speciesId": "salazzle", "gender": "F", "shiny": false, "level": 83, "moves": ["toxic", "substitute", "protect", "flamethrower"], "ability": "Corrosion", "evs": {"hp": 85, "atk": 0, "def": 85, "spa": 85, "spd": 85, "spe": 85}, "ivs": {"hp": 31, "atk": 0, "def": 31, "spa": 31, "spd": 31, "spe": 31}, "item": "Leftovers", "teraType": "Grass", "role": "Fast Support", "bvs": {"hp": 68, "atk": 64, "def": 60, "spa": 111, "spd": 60, "spe": 117}, "stats": {"hp": 249, "atk": 111, "def": 147, "spa": 232, "spd": 147, "spe": 242}, "types": ["Poison", "Fire"]}, "Shaymin": {"name": "Shaymin", "species": "Shaymin-Sky", "speciesId": "shayminsky", "gender": "N", "shiny": false, "level": 73, "moves": ["seedflare", "airslash", "leechseed", "substitute"], "ability": "Serene Grace", "evs": {"hp": 85, "atk": 0, "def": 85, "spa": 85, "spd": 85, "spe": 85}, "ivs": {"hp": 31, "atk": 0, "def": 31, "spa": 31, "spd": 31, "spe": 31}, "item": "Leftovers", "teraType": "Steel", "role": "Bulky Support", "bvs": {"hp": 100, "atk": 103, "def": 75, "spa": 120, "spd": 75, "spe": 127}, "stats": {"hp": 266, "atk": 155, "def": 152, "spa": 218, "spd": 152, "spe": 228}, "types": ["Grass", "Flying"]}, "Blaziken": {"name": "Blaziken", "species": "Blaziken", "speciesId": "blaziken", "gender": "F", "shiny": false, "level": 76, "moves": ["protect", "swordsdance", "closecombat", "flareblitz"], "ability": "Speed Boost", "evs": {"hp": 85, "atk": 85, "def": 85, "spa": 85, "spd": 85, "spe": 85}, "ivs": {"hp": 31, "atk": 31, "def": 31, "spa": 31, "spd": 31, "spe": 31}, "item": "Life Orb", "teraType": "Fighting", "role": "Setup Sweeper", "bvs": {"hp": 80, "atk": 120, "def": 70, "spa": 110, "spd": 70, "spe": 80}, "stats": {"hp": 247, "atk": 226, "def": 150, "spa": 211, "spd": 150, "spe": 166}, "types": ["Fire", "Fighting"]}, "Cloyster": {"name": "Cloyster", "species": "Cloyster", "speciesId": "cloyster", "gender": "M", "shiny": false, "level": 80, "moves": ["hydropump", "iciclespear", "shellsmash", "rockblast"], "ability": "Skill Link", "evs": {"hp": 85, "atk": 85, "def": 85, "spa": 85, "spd": 85, "spe": 85}, "ivs": {"hp": 31, "atk": 31, "def": 31, "spa": 31, "spd": 31, "spe": 31}, "item": "White Herb", "teraType": "Ice", "role": "Setup Sweeper", "bvs": {"hp": 50, "atk": 95, "def": 180, "spa": 85, "spd": 45, "spe": 70}, "stats": {"hp": 211, "atk": 198, "def": 334, "spa": 182, "spd": 118, "spe": 158}, "types": ["Water", "Ice"]}, "Dunsparce": {"name": "Dunsparce", "species": "Dunsparce", "speciesId": "dunsparce", "gender": "M", "shiny": false, "level": 86, "moves": ["roost", "earthquake", "coil", "bodyslam"], "ability": "Serene Grace", "evs": {"hp": 85, "atk": 85, "def": 85, "spa": 85, "spd": 85, "spe": 85}, "ivs": {"hp": 31, "atk": 31, "def": 31, "spa": 31, "spd": 31, "spe": 31}, "item": "Eviolite", "teraType": "Ground", "role": "Bulky Setup", "bvs": {"hp": 100, "atk": 70, "def": 70, "spa": 65, "spd": 65, "spe": 45}, "stats": {"hp": 312, "atk": 170, "def": 170, "spa": 161, "spd": 161, "spe": 127}, "types": ["Normal"]}, "Hippowdon": {"name": "Hippowdon", "species": "Hippowdon", "speciesId": "hippowdon", "gender": "F", "shiny": false, "level": 82, "moves": ["curse", "slackoff", "earthquake", "stoneedge"], "ability": "Sand Stream", "evs": {"hp": 85, "atk": 85, "def": 85, "spa": 85, "spd": 85, "spe": 85}, "ivs": {"hp": 31, "atk": 31, "def": 31, "spa": 31, "spd": 31, "spe": 31}, "item": "Leftovers", "teraType": "Rock", "role": "Bulky Setup", "bvs": {"hp": 108, "atk": 112, "def": 118, "spa": 68, "spd": 72, "spe": 47}, "stats": {"hp": 311, "atk": 231, "def": 241, "spa": 159, "spd": 165, "spe": 124}, "types": ["Ground"]}}, {"Noivern": {"name": "Noivern", "species": "Noivern", "speciesId": "noivern", "gender": "F", "shiny": false, "level": 82, "moves": ["dracometeor", "defog", "flamethrower", "hurricane"], "ability": "Infiltrator", "evs": {"hp": 85, "atk": 0, "def": 85, "spa": 85, "spd": 85, "spe": 85}, "ivs": {"hp": 31, "atk": 0, "def": 31, "spa": 31, "spd": 31, "spe": 31}, "item": "Heavy-Duty Boots", "teraType": "Fire", "role": "Fast Support", "bvs": {"hp": 85, "atk": 70, "def": 80, "spa": 97, "spd": 80, "spe": 123}, "stats": {"hp": 274, "atk": 119, "def": 178, "spa": 206, "spd": 178, "spe": 249}, "types": ["Flying", "Dragon"]}, "Gogoat": {"name": "Gogoat", "species": "Gogoat", "speciesId": "gogoat", "gender": "M", "shiny": false, "level": 88, "moves": ["bulkup", "hornleech", "milkdrink", "earthquake"], "ability": "Sap Sipper", "evs": {"hp": 85, "atk": 85, "def": 85, "spa": 85, "spd": 85, "spe": 85}, "ivs": {"hp": 31, "atk": 31, "def": 31, "spa": 31, "spd": 31, "spe": 31}, "item": "Leftovers", "teraType": "Ground", "role": "Bulky Setup", "bvs": {"hp": 123, "atk": 100, "def": 62, "spa": 97, "spd": 81, "spe": 68}, "stats": {"hp": 360, "atk": 226, "def": 159, "spa": 221, "spd": 193, "spe": 170}, "types": ["Grass"]}, "Houndstone": {"name": "Houndstone", "species": "Houndstone", "speciesId": "houndstone", "gender": "M", "shiny": false, "level": 86, "moves": ["sleeptalk", "bodypress", "poltergeist", "rest"], "ability": "Fluffy", "evs": {"hp": 85, "atk": 85, "def": 85, "spa": 85, "spd": 85, "spe": 85}, "ivs": {"hp": 31, "atk": 31, "def": 31, "spa": 31, "spd": 31, "spe": 31}, "item": "Leftovers", "teraType": "Fighting", "role": "Bulky Support", "bvs": {"hp": 72, "atk": 101, "def": 100, "spa": 50, "spd": 97, "spe": 68}, "stats": {"hp": 264, "atk": 223, "def": 221, "spa": 135, "spd": 216, "spe": 166}, "types": ["Ghost"]}, "Maushold": {"name": "Maushold", "species": "Maushold-Four", "speciesId": "maushold", "gender": "N", "shiny": false, "level": 76, "moves": ["populationbomb", "bite", "tidyup", "encore"], "ability": "Technician", "evs": {"hp": 85, "atk": 85, "def": 85, "spa": 85, "spd": 85, "spe": 85}, "ivs": {"hp": 31, "atk": 31, "def": 31, "spa": 31, "spd": 31, "spe": 31}, "item": "Wide Lens", "teraType": "Normal", "role": "Setup Sweeper", "bvs": {"hp": 74, "atk": 75, "def": 70, "spa": 65, "spd": 75, "spe": 111}, "stats": {"hp": 238, "atk": 158, "def": 150, "spa": 143, "spd": 158, "spe": 213}, "types": ["Normal"]}, "Glalie": {"name": "Glalie", "species": "Glalie", "speciesId": "glalie", "gender": "F", "shiny": false, "level": 96, "moves": ["taunt", "freezedry", "spikes", "earthquake"], "ability": "Inner Focus", "evs": {"hp": 85, "atk": 85, "def": 85, "spa": 85, "spd": 85, "spe": 85}, "ivs": {"hp": 31, "atk": 31, "def": 31, "spa": 31, "spd": 31, "spe": 31}, "item": "Heavy-Duty Boots", "teraType": "Water", "role": "Fast Support", "bvs": {"hp": 80, "atk": 80, "def": 80, "spa": 80, "spd": 80, "spe": 80}, "stats": {"hp": 309, "atk": 208, "def": 208, "spa": 208, "spd": 208, "spe": 208}, "types": ["Ice"]}, "Jolteon": {"name": "Jolteon", "species": "Jolteon", "speciesId": "jolteon", "gender": "M", "shiny": false, "level": 84, "moves": ["calmmind", "thunderbolt", "terablast", "substitute"], "ability": "Volt Absorb", "evs": {"hp": 85, "atk": 0, "def": 85, "spa": 85, "spd": 85, "spe": 85}, "ivs": {"hp": 31, "atk": 0, "def": 31, "spa": 31, "spd": 31, "spe": 31}, "item": "Leftovers", "teraType": "Ice", "role": "Tera Blast user", "bvs": {"hp": 65, "atk": 65, "def": 60, "spa": 110, "spd": 95, "spe": 130}, "stats": {"hp": 246, "atk": 114, "def": 149, "spa": 233, "spd": 208, "spe": 267}, "types": ["Electric"]}}]}