{"id": "gen9randombattle-2641570399", "format": "[Gen 9] Random Battle", "players": ["Uday30", "Victory2000"], "log": "|j|\u2606Uday30\n|j|\u2606Victory2000\n|t:|1782810271\n|gametype|singles\n|player|p1|Uday30|ghetsis-gen5bw|2164\n|player|p2|Victory2000|hiker-gen4|2254\n|gen|9\n|tier|[Gen 9] Random Battle\n|rated|\n|rule|Species Clause: Limit one of each Pok\u00e9mon\n|rule|HP Percentage Mod: HP is shown in percentages\n|rule|Sleep Clause Mod: Limit one foe put to sleep\n|rule|Illusion Level Mod: Illusion disguises the Pok\u00e9mon's true level\n|\n|t:|1782810271\n|teamsize|p1|6\n|teamsize|p2|6\n|start\n|switch|p1a: Avalugg|Avalugg-Hisui, L90, F|317/317\n|switch|p2a: Spiritomb|Spiritomb, L89, M|234/234\n|turn|1\n|\n|t:|1782810285\n|switch|p2a: Forretress|Forretress, L84, F|263/263\n|move|p1a: Avalugg|Avalanche|p2a: Forretress\n|-resisted|p2a: Forretress\n|-damage|p2a: Forretress|233/263\n|\n|-heal|p2a: Forretress|249/263|[from] item: Leftovers\n|upkeep\n|turn|2\n|inactive|Battle timer is ON: inactive players will automatically lose when time's up. (requested by Uday30)\n|\n|t:|1782810296\n|move|p1a: Avalugg|Stone Edge|p2a: Forretress|[miss]\n|-miss|p1a: Avalugg|p2a: Forretress\n|move|p2a: Forretress|Iron Head|p1a: Avalugg\n|-supereffective|p1a: Avalugg\n|-damage|p1a: Avalugg|149/317\n|\n|-heal|p2a: Forretress|263/263|[from] item: Leftovers\n|upkeep\n|turn|3\n|\n|t:|1782810305\n|switch|p1a: Eternatus|Eternatus, L69|308/308\n|-ability|p1a: Eternatus|Pressure\n|move|p2a: Forretress|Toxic Spikes|p1a: Eternatus\n|-sidestart|p1: Uday30|move: Toxic Spikes\n|\n|upkeep\n|turn|4\n|\n|t:|1782810326\n|switch|p2a: Mightyena|Mightyena, L96, M|290/290\n|-ability|p2a: Mightyena|Intimidate|boost\n|-unboost|p1a: Eternatus|atk|1\n|move|p1a: Eternatus|Fire Blast|p2a: Mightyena\n|-damage|p2a: Mightyena|232/290\n|\n|upkeep\n|turn|5\n|\n|t:|1782810338\n|switch|p1a: Avalugg|Avalugg-Hisui, L90, F|149/317\n|move|p2a: Mightyena|Crunch|p1a: Avalugg\n|-damage|p1a: Avalugg|97/317\n|\n|upkeep\n|turn|6\n|\n|t:|1782810349\n|switch|p2a: Gallade|Gallade, L80, M|240/240\n|move|p1a: Avalugg|Recover|p1a: Avalugg\n|-heal|p1a: Avalugg|256/317\n|\n|upkeep\n|turn|7\n|\n|t:|1782810361\n|switch|p1a: Eternatus|Eternatus, L69|308/308\n|-sideend|p1: Uday30|move: Toxic Spikes|[of] p1a: Eternatus\n|-ability|p1a: Eternatus|Pressure\n|move|p2a: Gallade|Psycho Cut|p1a: Eternatus\n|-supereffective|p1a: Eternatus\n|-damage|p1a: Eternatus|0 fnt\n|faint|p1a: Eternatus\n|\n|upkeep\n|\n|t:|1782810369\n|switch|p1a: Necrozma|Necrozma-Dusk-Mane, L69|248/248\n|turn|8\n|\n|t:|1782810376\n|switch|p2a: Illumise|Illumise, L91, F|266/266\n|move|p1a: Necrozma|Dragon Dance|p1a: Necrozma\n|-boost|p1a: Necrozma|atk|1\n|-boost|p1a: Necrozma|spe|1\n|\n|upkeep\n|turn|9\n|\n|t:|1782810382\n|switch|p1a: Hippowdon|Hippowdon, L82, F|311/311\n|-weather|Sandstorm|[from] ability: Sand Stream|[of] p1a: Hippowdon\n|move|p2a: Illumise|Thunder Wave|p1a: Hippowdon\n|-immune|p1a: Hippowdon\n|\n|-weather|Sandstorm|[upkeep]\n|-damage|p2a: Illumise|250/266|[from] Sandstorm\n|upkeep\n|turn|10\n|\n|t:|1782810392\n|switch|p2a: Forretress|Forretress, L84, F|263/263\n|move|p1a: Hippowdon|Stone Edge|p2a: Forretress\n|-damage|p2a: Forretress|207/263\n|\n|-weather|Sandstorm|[upkeep]\n|-heal|p2a: Forretress|223/263|[from] item: Leftovers\n|upkeep\n|turn|11\n|\n|t:|1782810401\n|move|p1a: Hippowdon|Curse|p1a: Hippowdon\n|-unboost|p1a: Hippowdon|spe|1\n|-boost|p1a: Hippowdon|atk|1\n|-boost|p1a: Hippowdon|def|1\n|move|p2a: Forretress|Toxic Spikes|p1a: Hippowdon\n|-sidestart|p1: Uday30|move: Toxic Spikes\n|\n|-weather|Sandstorm|[upkeep]\n|-heal|p2a: Forretress|239/263|[from] item: Leftovers\n|upkeep\n|turn|12\n|\n|t:|1782810412\n|move|p2a: Forretress|Toxic Spikes|p1a: Hippowdon\n|-sidestart|p1: Uday30|move: Toxic Spikes\n|move|p1a: Hippowdon|Earthquake|p2a: Forretress\n|-damage|p2a: Forretress|115/263\n|\n|-weather|Sandstorm|[upkeep]\n|-heal|p2a: Forretress|131/263|[from] item: Leftovers\n|upkeep\n|turn|13\n|\n|t:|1782810421\n|switch|p2a: Mightyena|Mightyena, L96, M|232/290\n|-ability|p2a: Mightyena|Intimidate|boost\n|-unboost|p1a: Hippowdon|atk|1\n|move|p1a: Hippowdon|Stone Edge|p2a: Mightyena\n|-damage|p2a: Mightyena|159/290\n|\n|-weather|none\n|upkeep\n|turn|14\n|\n|t:|1782810428\n|move|p2a: Mightyena|Poison Fang|p1a: Hippowdon\n|-resisted|p1a: Hippowdon\n|-damage|p1a: Hippowdon|299/311\n|move|p1a: Hippowdon|Curse|p1a: Hippowdon\n|-unboost|p1a: Hippowdon|spe|1\n|-boost|p1a: Hippowdon|atk|1\n|-boost|p1a: Hippowdon|def|1\n|\n|-heal|p1a: Hippowdon|311/311|[from] item: Leftovers\n|upkeep\n|turn|15\n|\n|t:|1782810438\n|move|p2a: Mightyena|Poison Fang|p1a: Hippowdon\n|-resisted|p1a: Hippowdon\n|-damage|p1a: Hippowdon|301/311\n|-status|p1a: Hippowdon|tox\n|move|p1a: Hippowdon|Earthquake|p2a: Mightyena\n|-damage|p2a: Mightyena|0 fnt\n|faint|p2a: Mightyena\n|\n|-heal|p1a: Hippowdon|311/311 tox|[from] item: Leftovers\n|-damage|p1a: Hippowdon|292/311 tox|[from] psn\n|upkeep\n|\n|t:|1782810442\n|switch|p2a: Illumise|Illumise, L91, F|250/266\n|turn|16\n|\n|t:|1782810449\n|move|p2a: Illumise|Encore|p1a: Hippowdon\n|-start|p1a: Hippowdon|Encore\n|move|p1a: Hippowdon|Earthquake|p2a: Illumise\n|-resisted|p2a: Illumise\n|-damage|p2a: Illumise|169/266\n|\n|-heal|p1a: Hippowdon|311/311 tox|[from] item: Leftovers\n|-damage|p1a: Hippowdon|273/311 tox|[from] psn\n|upkeep\n|turn|17\n|\n|t:|1782810461\n|switch|p1a: Avalugg|Avalugg-Hisui, L90, F|256/317\n|move|p2a: Illumise|Bug Buzz|p1a: Avalugg\n|-damage|p1a: Avalugg|100/317\n|\n|upkeep\n|turn|18\n|\n|t:|1782810467\n|switch|p1a: Hippowdon|Hippowdon, L82, F|273/311 tox\n|-weather|Sandstorm|[from] ability: Sand Stream|[of] p1a: Hippowdon\n|move|p2a: Illumise|Bug Buzz|p1a: Hippowdon\n|-damage|p1a: Hippowdon|173/311 tox\n|\n|-weather|Sandstorm|[upkeep]\n|-damage|p2a: Illumise|153/266|[from] Sandstorm\n|-heal|p1a: Hippowdon|192/311 tox|[from] item: Leftovers\n|-damage|p1a: Hippowdon|173/311 tox|[from] psn\n|upkeep\n|turn|19\n|\n|t:|1782810477\n|switch|p2a: Spiritomb|Spiritomb, L89, M|234/234\n|move|p1a: Hippowdon|Stone Edge|p2a: Spiritomb\n|-crit|p2a: Spiritomb\n|-damage|p2a: Spiritomb|138/234\n|\n|-weather|Sandstorm|[upkeep]\n|-damage|p2a: Spiritomb|124/234|[from] Sandstorm\n|-heal|p1a: Hippowdon|192/311 tox|[from] item: Leftovers\n|-heal|p2a: Spiritomb|138/234|[from] item: Leftovers\n|-damage|p1a: Hippowdon|154/311 tox|[from] psn\n|upkeep\n|turn|20\n|\n|t:|1782810487\n|move|p1a: Hippowdon|Earthquake|p2a: Spiritomb\n|-damage|p2a: Spiritomb|45/234\n|move|p2a: Spiritomb|Foul Play|p1a: Hippowdon\n|-damage|p1a: Hippowdon|58/311 tox\n|\n|-weather|Sandstorm|[upkeep]\n|-damage|p2a: Spiritomb|31/234|[from] Sandstorm\n|-heal|p1a: Hippowdon|77/311 tox|[from] item: Leftovers\n|-heal|p2a: Spiritomb|45/234|[from] item: Leftovers\n|-damage|p1a: Hippowdon|20/311 tox|[from] psn\n|upkeep\n|turn|21\n|\n|t:|1782810505\n|move|p1a: Hippowdon|Earthquake|p2a: Spiritomb\n|-damage|p2a: Spiritomb|0 fnt\n|faint|p2a: Spiritomb\n|\n|-weather|Sandstorm|[upkeep]\n|-heal|p1a: Hippowdon|39/311 tox|[from] item: Leftovers\n|-damage|p1a: Hippowdon|0 fnt|[from] psn\n|faint|p1a: Hippowdon\n|upkeep\n|\n|t:|1782810513\n|switch|p1a: Necrozma|Necrozma-Dusk-Mane, L69|248/248\n|switch|p2a: Gallade|Gallade, L80, M|240/240\n|turn|22\n|\n|t:|1782810520\n|move|p2a: Gallade|Sacred Sword|p1a: Necrozma\n|-damage|p1a: Necrozma|17/248\n|move|p1a: Necrozma|Dragon Dance|p1a: Necrozma\n|-boost|p1a: Necrozma|atk|1\n|-boost|p1a: Necrozma|spe|1\n|\n|-weather|none\n|upkeep\n|turn|23\n|\n|t:|1782810533\n|switch|p2a: Forretress|Forretress, L84, F|131/263\n|move|p1a: Necrozma|Sunsteel Strike|p2a: Forretress\n|-resisted|p2a: Forretress\n|-damage|p2a: Forretress|73/263\n|\n|-heal|p2a: Forretress|89/263|[from] item: Leftovers\n|upkeep\n|turn|24\n|\n|t:|1782810543\n|-terastallize|p1a: Necrozma|Ground\n|move|p1a: Necrozma|Earthquake|p2a: Forretress\n|-crit|p2a: Forretress\n|-damage|p2a: Forretress|0 fnt\n|faint|p2a: Forretress\n|\n|upkeep\n|\n|t:|1782810568\n|switch|p2a: Snorlax|Snorlax, L82, F|397/397\n|turn|25\n|\n|t:|1782810573\n|move|p1a: Necrozma|Sunsteel Strike|p2a: Snorlax\n|-damage|p2a: Snorlax|202/397\n|move|p2a: Snorlax|Body Slam|p1a: Necrozma\n|-crit|p1a: Necrozma\n|-damage|p1a: Necrozma|0 fnt\n|faint|p1a: Necrozma\n|\n|-heal|p2a: Snorlax|226/397|[from] item: Leftovers\n|upkeep\n|\n|t:|1782810582\n|switch|p1a: Avalugg|Avalugg-Hisui, L90, F|100/317\n|turn|26\n|\n|t:|1782810588\n|switch|p2a: Illumise|Illumise, L91, F|153/266\n|move|p1a: Avalugg|Rapid Spin|p2a: Illumise\n|-damage|p2a: Illumise|101/266\n|-boost|p1a: Avalugg|spe|1\n|-sideend|p1: Uday30|Toxic Spikes|[from] move: Rapid Spin|[of] p1a: Avalugg\n|\n|upkeep\n|turn|27\n|\n|t:|1782810596\n|switch|p1a: Greedent|Greedent, L86, M|347/347\n|move|p2a: Illumise|Encore||[still]\n|-fail|p2a: Illumise\n|\n|upkeep\n|turn|28\n|\n|t:|1782810602\n|move|p2a: Illumise|Roost|p2a: Illumise\n|-heal|p2a: Illumise|234/266\n|-singleturn|p2a: Illumise|move: Roost\n|move|p1a: Greedent|Double-Edge|p2a: Illumise\n|-damage|p2a: Illumise|87/266\n|-damage|p1a: Greedent|298/347|[from] Recoil\n|\n|upkeep\n|turn|29\n|\n|t:|1782810614\n|move|p2a: Illumise|Roost|p2a: Illumise\n|-heal|p2a: Illumise|220/266\n|-singleturn|p2a: Illumise|move: Roost\n|move|p1a: Greedent|Double-Edge|p2a: Illumise\n|-damage|p2a: Illumise|72/266\n|-damage|p1a: Greedent|249/347|[from] Recoil\n|\n|upkeep\n|turn|30\n|\n|t:|1782810631\n|-terastallize|p2a: Illumise|Steel\n|move|p2a: Illumise|Roost|p2a: Illumise\n|-heal|p2a: Illumise|205/266\n|move|p1a: Greedent|Double-Edge|p2a: Illumise\n|-resisted|p2a: Illumise\n|-damage|p2a: Illumise|137/266\n|-damage|p1a: Greedent|227/347|[from] Recoil\n|\n|upkeep\n|turn|31\n|\n|t:|1782810639\n|switch|p2a: Gallade|Gallade, L80, M|240/240\n|move|p1a: Greedent|Earthquake|p2a: Gallade\n|-damage|p2a: Gallade|138/240\n|\n|upkeep\n|turn|32\n|\n|t:|1782810645\n|switch|p1a: Avalugg|Avalugg-Hisui, L90, F|100/317\n|move|p2a: Gallade|Sacred Sword|p1a: Avalugg\n|-supereffective|p1a: Avalugg\n|-damage|p1a: Avalugg|0 fnt\n|faint|p1a: Avalugg\n|\n|upkeep\n|\n|t:|1782810652\n|switch|p1a: Poliwrath|Poliwrath, L88, M|302/302\n|turn|33\n|\n|t:|1782810660\n|switch|p2a: Illumise|Illumise, L91, F, tera:Steel|137/266\n|move|p1a: Poliwrath|Bulk Up|p1a: Poliwrath\n|-boost|p1a: Poliwrath|atk|1\n|-boost|p1a: Poliwrath|def|1\n|\n|upkeep\n|turn|34\n|\n|t:|1782810666\n|switch|p1a: Greedent|Greedent, L86, M|227/347\n|move|p2a: Illumise|Encore||[still]\n|-fail|p2a: Illumise\n|\n|upkeep\n|turn|35\n|\n|t:|1782810675\n|switch|p2a: Snorlax|Snorlax, L82, F|226/397\n|move|p1a: Greedent|Earthquake|p2a: Snorlax\n|-damage|p2a: Snorlax|128/397\n|\n|-heal|p2a: Snorlax|152/397|[from] item: Leftovers\n|upkeep\n|turn|36\n|\n|t:|1782810696\n|move|p2a: Snorlax|Body Slam|p1a: Greedent\n|-damage|p1a: Greedent|134/347\n|-enditem|p1a: Greedent|Sitrus Berry|[eat]\n|-heal|p1a: Greedent|220/347|[from] item: Sitrus Berry\n|-heal|p1a: Greedent|335/347|[from] ability: Cheek Pouch\n|move|p1a: Greedent|Swords Dance|p1a: Greedent\n|-boost|p1a: Greedent|atk|2\n|\n|-heal|p2a: Snorlax|176/397|[from] item: Leftovers\n|upkeep\n|turn|37\n|\n|t:|1782810705\n|move|p2a: Snorlax|Body Slam|p1a: Greedent\n|-damage|p1a: Greedent|244/347\n|-status|p1a: Greedent|par\n|cant|p1a: Greedent|par\n|\n|-heal|p2a: Snorlax|200/397|[from] item: Leftovers\n|upkeep\n|turn|38\n|\n|t:|1782810713\n|move|p2a: Snorlax|Body Slam|p1a: Greedent\n|-damage|p1a: Greedent|156/347 par\n|move|p1a: Greedent|Double-Edge|p2a: Snorlax\n|-damage|p2a: Snorlax|0 fnt\n|faint|p2a: Snorlax\n|-damage|p1a: Greedent|90/347 par|[from] Recoil\n|\n|upkeep\n|\n|t:|1782810715\n|switch|p2a: Gallade|Gallade, L80, M|138/240\n|turn|39\n|\n|t:|1782810723\n|move|p2a: Gallade|Psycho Cut|p1a: Greedent\n|-crit|p1a: Greedent\n|-damage|p1a: Greedent|0 fnt\n|faint|p1a: Greedent\n|\n|upkeep\n|\n|t:|1782810726\n|switch|p1a: Poliwrath|Poliwrath, L88, M|302/302\n|turn|40\n|\n|t:|1782810729\n|move|p2a: Gallade|Psycho Cut|p1a: Poliwrath\n|-supereffective|p1a: Poliwrath\n|-damage|p1a: Poliwrath|0 fnt\n|faint|p1a: Poliwrath\n|\n|win|Victory2000\n", "inputlog": ">version f8ac14003a5f27e1bdc8d8c59608a773c1cb96e5\n>start {\"formatid\":\"gen9randombattle\",\"seed\":\"sodium,b8ecc3585b90db72bf25717318e05ed5\",\"rated\":\"Rated battle\"}\n>player p1 {\"name\":\"Uday30\",\"avatar\":\"ghetsis-gen5bw\",\"rating\":2164,\"seed\":\"sodium,28b27f9917f33eff28fbd47673461364\"}\n>player p2 {\"name\":\"Victory2000\",\"avatar\":\"hiker-gen4\",\"rating\":2254,\"seed\":\"sodium,096f63e85b16a6eaaa4c75a862ceb595\"}\n>p1 move avalanche\n>p2 switch 5\n>p1 move stoneedge\n>p2 move ironhead\n>p1 switch 2\n>p2 move toxicspikes\n>p1 move fireblast\n>p2 switch 3\n>p1 switch 2\n>p2 move crunch\n>p1 move recover\n>p2 switch 4\n>p1 switch 2\n>p2 move psychocut\n>p1 switch 5\n>p1 move dragondance\n>p2 switch 6\n>p1 switch 3\n>p2 move thunderwave\n>p1 move stoneedge\n>p2 switch 3\n>p1 move curse\n>p2 move toxicspikes\n>p1 move earthquake\n>p2 move toxicspikes\n>p1 move stoneedge\n>p2 switch 4\n>p1 move curse\n>p2 move poisonfang\n>p1 move earthquake\n>p2 move poisonfang\n>p2 switch 3\n>p1 move stoneedge\n>p2 move encore\n>p1 switch 2\n>p2 move bugbuzz\n>p1 switch 2\n>p2 move bugbuzz\n>p1 move stoneedge\n>p2 switch 5\n>p1 move earthquake\n>p2 move foulplay\n>p1 move earthquake\n>p2 move painsplit\n>p1 switch 3\n>p2 switch 6\n>p1 move dragondance\n>p2 move sacredsword\n>p1 move sunsteelstrike\n>p2 switch 4\n>p1 move earthquake terastallize\n>p2 move voltswitch\n>p2 switch 2\n>p1 move sunsteelstrike\n>p2 move bodyslam\n>p1 switch 2\n>p1 move rapidspin\n>p2 switch 5\n>p1 switch 6\n>p2 move encore\n>p1 move doubleedge\n>p2 move roost\n>p1 move doubleedge\n>p2 move roost\n>p1 move doubleedge\n>p2 move roost terastallize\n>p1 move earthquake\n>p2 switch 4\n>p1 switch 6\n>p2 move sacredsword\n>p1 switch 4\n>p1 move bulkup\n>p2 switch 4\n>p1 switch 6\n>p2 move encore\n>p1 move earthquake\n>p2 switch 5\n>p1 move swordsdance\n>p2 move bodyslam\n>p1 move earthquake\n>p2 move bodyslam\n>p1 move doubleedge\n>p2 move bodyslam\n>p2 switch 4\n>p1 move doubleedge\n>p2 move psychocut\n>p1 switch 6\n>p1 move liquidation\n>p2 move psychocut", "uploadtime": 1782810274, "views": 3, "formatid": "gen9randombattle", "rating": null, "private": 0, "password": null, "player_dets": [{"name": "Uday30", "avatar": "ghetsis-gen5bw", "rating": 2164, "seed": "sodium,28b27f9917f33eff28fbd47673461364"}, {"name": "Victory2000", "avatar": "hiker-gen4", "rating": 2254, "seed": "sodium,096f63e85b16a6eaaa4c75a862ceb595"}], "teams_full": [{"Avalugg": {"name": "Avalugg", "species": "Avalugg-Hisui", "speciesId": "avalugghisui", "gender": "F", "shiny": false, "level": 90, "moves": ["stoneedge", "avalanche", "recover", "rapidspin"], "ability": "Sturdy", "evs": {"hp": 85, "atk": 85, "def": 85, "spa": 85, "spd": 85, "spe": 85}, "ivs": {"hp": 31, "atk": 31, "def": 31, "spa": 31, "spd": 31, "spe": 31}, "item": "Heavy-Duty Boots", "teraType": "Ghost", "role": "Bulky Attacker", "bvs": {"hp": 95, "atk": 127, "def": 184, "spa": 34, "spd": 36, "spe": 38}, "stats": {"hp": 317, "atk": 280, "def": 383, "spa": 113, "spd": 116, "spe": 120}, "types": ["Ice", "Rock"]}, "Eternatus": {"name": "Eternatus", "species": "Eternatus", "speciesId": "eternatus", "gender": "N", "shiny": false, "level": 69, "moves": ["fireblast", "recover", "sludgebomb", "dynamaxcannon"], "ability": "Pressure", "evs": {"hp": 85, "atk": 0, "def": 85, "spa": 85, "spd": 85, "spe": 85}, "ivs": {"hp": 31, "atk": 0, "def": 31, "spa": 31, "spd": 31, "spe": 31}, "item": "Rocky Helmet", "teraType": "Fire", "role": "Bulky Attacker", "bvs": {"hp": 140, "atk": 85, "def": 95, "spa": 145, "spd": 95, "spe": 130}, "stats": {"hp": 308, "atk": 122, "def": 171, "spa": 240, "spd": 171, "spe": 220}, "types": ["Poison", "Dragon"]}, "Hippowdon": {"name": "Hippowdon", "species": "Hippowdon", "speciesId": "hippowdon", "gender": "F", "shiny": false, "level": 82, "moves": ["slackoff", "earthquake", "stoneedge", "curse"], "ability": "Sand Stream", "evs": {"hp": 85, "atk": 85, "def": 85, "spa": 85, "spd": 85, "spe": 85}, "ivs": {"hp": 31, "atk": 31, "def": 31, "spa": 31, "spd": 31, "spe": 31}, "item": "Leftovers", "teraType": "Rock", "role": "Bulky Setup", "bvs": {"hp": 108, "atk": 112, "def": 118, "spa": 68, "spd": 72, "spe": 47}, "stats": {"hp": 311, "atk": 231, "def": 241, "spa": 159, "spd": 165, "spe": 124}, "types": ["Ground"]}, "Poliwrath": {"name": "Poliwrath", "species": "Poliwrath", "speciesId": "poliwrath", "gender": "M", "shiny": false, "level": 88, "moves": ["bulkup", "icepunch", "liquidation", "drainpunch"], "ability": "Water Absorb", "evs": {"hp": 85, "atk": 85, "def": 85, "spa": 85, "spd": 85, "spe": 85}, "ivs": {"hp": 31, "atk": 31, "def": 31, "spa": 31, "spd": 31, "spe": 31}, "item": "Leftovers", "teraType": "Water", "role": "Bulky Setup", "bvs": {"hp": 90, "atk": 95, "def": 95, "spa": 70, "spd": 90, "spe": 70}, "stats": {"hp": 302, "atk": 217, "def": 217, "spa": 173, "spd": 209, "spe": 173}, "types": ["Water", "Fighting"]}, "Necrozma": {"name": "Necrozma", "species": "Necrozma-Dusk-Mane", "speciesId": "necrozmaduskmane", "gender": "N", "shiny": false, "level": 69, "moves": ["sunsteelstrike", "earthquake", "dragondance", "photongeyser"], "ability": "Prism Armor", "evs": {"hp": 85, "atk": 85, "def": 85, "spa": 85, "spd": 85, "spe": 85}, "ivs": {"hp": 31, "atk": 31, "def": 31, "spa": 31, "spd": 31, "spe": 31}, "item": "Weakness Policy", "teraType": "Ground", "role": "Bulky Setup", "bvs": {"hp": 97, "atk": 157, "def": 127, "spa": 113, "spd": 109, "spe": 77}, "stats": {"hp": 248, "atk": 257, "def": 216, "spa": 196, "spd": 191, "spe": 147}, "types": ["Psychic", "Steel"]}, "Greedent": {"name": "Greedent", "species": "Greedent", "speciesId": "greedent", "gender": "M", "shiny": false, "level": 86, "moves": ["doubleedge", "swordsdance", "knockoff", "earthquake"], "ability": "Cheek Pouch", "evs": {"hp": 85, "atk": 85, "def": 85, "spa": 85, "spd": 85, "spe": 85}, "ivs": {"hp": 31, "atk": 31, "def": 31, "spa": 31, "spd": 31, "spe": 31}, "item": "Sitrus Berry", "teraType": "Ground", "role": "Bulky Setup", "bvs": {"hp": 120, "atk": 95, "def": 95, "spa": 55, "spd": 75, "spe": 20}, "stats": {"hp": 347, "atk": 213, "def": 213, "spa": 144, "spd": 178, "spe": 84}, "types": ["Normal"]}}, {"Spiritomb": {"name": "Spiritomb", "species": "Spiritomb", "speciesId": "spiritomb", "gender": "M", "shiny": false, "level": 89, "moves": ["foulplay", "shadowsneak", "poltergeist", "painsplit"], "ability": "Infiltrator", "evs": {"hp": 85, "atk": 85, "def": 85, "spa": 85, "spd": 85, "spe": 85}, "ivs": {"hp": 31, "atk": 31, "def": 31, "spa": 31, "spd": 31, "spe": 31}, "item": "Leftovers", "teraType": "Steel", "role": "Bulky Support", "bvs": {"hp": 50, "atk": 92, "def": 108, "spa": 92, "spd": 108, "spe": 35}, "stats": {"hp": 234, "atk": 215, "def": 243, "spa": 215, "spd": 243, "spe": 113}, "types": ["Ghost", "Dark"]}, "Snorlax": {"name": "Snorlax", "species": "Snorlax", "speciesId": "snorlax", "gender": "F", "shiny": false, "level": 82, "moves": ["bodyslam", "sleeptalk", "rest", "curse"], "ability": "Thick Fat", "evs": {"hp": 85, "atk": 85, "def": 85, "spa": 85, "spd": 85, "spe": 85}, "ivs": {"hp": 31, "atk": 31, "def": 31, "spa": 31, "spd": 31, "spe": 31}, "item": "Leftovers", "teraType": "Poison", "role": "Bulky Attacker", "bvs": {"hp": 160, "atk": 110, "def": 65, "spa": 65, "spd": 110, "spe": 30}, "stats": {"hp": 397, "atk": 228, "def": 154, "spa": 154, "spd": 228, "spe": 96}, "types": ["Normal"]}, "Mightyena": {"name": "Mightyena", "species": "Mightyena", "speciesId": "mightyena", "gender": "M", "shiny": false, "level": 96, "moves": ["superfang", "crunch", "poisonfang", "suckerpunch"], "ability": "Intimidate", "evs": {"hp": 85, "atk": 85, "def": 85, "spa": 85, "spd": 85, "spe": 85}, "ivs": {"hp": 31, "atk": 31, "def": 31, "spa": 31, "spd": 31, "spe": 31}, "item": "Assault Vest", "teraType": "Poison", "role": "AV Pivot", "bvs": {"hp": 70, "atk": 90, "def": 70, "spa": 60, "spd": 60, "spe": 70}, "stats": {"hp": 290, "atk": 227, "def": 189, "spa": 170, "spd": 170, "spe": 189}, "types": ["Dark"]}, "Gallade": {"name": "Gallade", "species": "Gallade", "speciesId": "gallade", "gender": "M", "shiny": false, "level": 80, "moves": ["psychocut", "nightslash", "sacredsword", "leafblade"], "ability": "Sharpness", "evs": {"hp": 85, "atk": 85, "def": 85, "spa": 85, "spd": 85, "spe": 85}, "ivs": {"hp": 31, "atk": 31, "def": 31, "spa": 31, "spd": 31, "spe": 31}, "item": "Choice Band", "teraType": "Dark", "role": "Fast Attacker", "bvs": {"hp": 68, "atk": 125, "def": 65, "spa": 65, "spd": 115, "spe": 80}, "stats": {"hp": 240, "atk": 246, "def": 150, "spa": 150, "spd": 230, "spe": 174}, "types": ["Psychic", "Fighting"]}, "Forretress": {"name": "Forretress", "species": "Forretress", "speciesId": "forretress", "gender": "F", "shiny": false, "level": 84, "moves": ["toxicspikes", "rapidspin", "voltswitch", "ironhead"], "ability": "Sturdy", "evs": {"hp": 85, "atk": 85, "def": 85, "spa": 85, "spd": 85, "spe": 85}, "ivs": {"hp": 31, "atk": 31, "def": 31, "spa": 31, "spd": 31, "spe": 31}, "item": "Leftovers", "teraType": "Water", "role": "Bulky Support", "bvs": {"hp": 75, "atk": 90, "def": 140, "spa": 60, "spd": 60, "spe": 40}, "stats": {"hp": 263, "atk": 199, "def": 283, "spa": 149, "spd": 149, "spe": 115}, "types": ["Bug", "Steel"]}, "Illumise": {"name": "Illumise", "species": "Illumise", "speciesId": "illumise", "gender": "F", "shiny": false, "level": 91, "moves": ["roost", "thunderwave", "encore", "bugbuzz"], "ability": "Prankster", "evs": {"hp": 85, "atk": 0, "def": 85, "spa": 85, "spd": 85, "spe": 85}, "ivs": {"hp": 31, "atk": 0, "def": 31, "spa": 31, "spd": 31, "spe": 31}, "item": "Heavy-Duty Boots", "teraType": "Steel", "role": "Bulky Support", "bvs": {"hp": 65, "atk": 47, "def": 75, "spa": 73, "spd": 85, "spe": 85}, "stats": {"hp": 266, "atk": 90, "def": 188, "spa": 185, "spd": 207, "spe": 207}, "types": ["Bug"]}}]}