{"id": "gen9randombattle-2641726779", "format": "[Gen 9] Random Battle", "players": ["EZClapzzz", "panfriedpidgey"], "log": "|j|\u2606EZClapzzz\n|j|\u2606panfriedpidgey\n|t:|1782834670\n|gametype|singles\n|player|p1|EZClapzzz|265|2064\n|player|p2|panfriedpidgey|101|2122\n|gen|9\n|tier|[Gen 9] Random Battle\n|rated|\n|rule|Species Clause: Limit one of each Pok\u00e9mon\n|rule|HP Percentage Mod: HP is shown in percentages\n|rule|Sleep Clause Mod: Limit one foe put to sleep\n|rule|Illusion Level Mod: Illusion disguises the Pok\u00e9mon's true level\n|\n|t:|1782834670\n|teamsize|p1|6\n|teamsize|p2|6\n|start\n|switch|p1a: Lycanroc|Lycanroc-Midnight, L89, M|296/296\n|switch|p2a: Arboliva|Arboliva, L91, F|290/290\n|turn|1\n|inactive|Battle timer is ON: inactive players will automatically lose when time's up. (requested by EZClapzzz)\n|\n|t:|1782834707\n|move|p1a: Lycanroc|Stealth Rock|p2a: Arboliva\n|-sidestart|p2: panfriedpidgey|move: Stealth Rock\n|move|p2a: Arboliva|Energy Ball|p1a: Lycanroc\n|-supereffective|p1a: Lycanroc\n|-damage|p1a: Lycanroc|0 fnt\n|faint|p1a: Lycanroc\n|\n|upkeep\n|\n|t:|1782834717\n|switch|p1a: Vespiquen|Vespiquen, L99, F|299/299\n|-ability|p1a: Vespiquen|Pressure\n|turn|2\n|inactive|panfriedpidgey has 120 seconds left.\n|\n|t:|1782834754\n|move|p1a: Vespiquen|Toxic|p2a: Arboliva\n|-status|p2a: Arboliva|tox\n|move|p2a: Arboliva|Hyper Voice|p1a: Vespiquen\n|-damage|p1a: Vespiquen|205/299\n|\n|-damage|p2a: Arboliva|272/290 tox|[from] psn\n|upkeep\n|turn|3\n|inactive|panfriedpidgey has 120 seconds left.\n|inactive|panfriedpidgey has 90 seconds left.\n|\n|t:|1782834792\n|move|p1a: Vespiquen|Spikes|p2a: Arboliva\n|-sidestart|p2: panfriedpidgey|Spikes\n|move|p2a: Arboliva|Hyper Voice|p1a: Vespiquen\n|-damage|p1a: Vespiquen|108/299\n|\n|-heal|p2a: Arboliva|290/290 tox|[from] item: Leftovers\n|-damage|p2a: Arboliva|254/290 tox|[from] psn\n|upkeep\n|turn|4\n|\n|t:|1782834801\n|switch|p2a: Pelipper|Pelipper, L86, F|243/243\n|-weather|RainDance|[from] ability: Drizzle|[of] p2a: Pelipper\n|move|p1a: Vespiquen|Roost|p1a: Vespiquen\n|-heal|p1a: Vespiquen|258/299\n|-singleturn|p1a: Vespiquen|move: Roost\n|\n|-weather|RainDance|[upkeep]\n|upkeep\n|turn|5\n|\n|t:|1782834812\n|switch|p1a: Snorlax|Snorlax, L82, F|397/397\n|move|p2a: Pelipper|Hurricane|p1a: Snorlax\n|-damage|p1a: Snorlax|294/397\n|\n|-weather|RainDance|[upkeep]\n|-heal|p1a: Snorlax|318/397|[from] item: Leftovers\n|upkeep\n|turn|6\n|\n|t:|1782834823\n|move|p2a: Pelipper|U-turn|p1a: Snorlax\n|-damage|p1a: Snorlax|277/397\n|\n|t:|1782834825\n|switch|p2a: Arbok|Arbok, L87, F|246/246|[from] U-turn\n|-damage|p2a: Arbok|216/246|[from] Stealth Rock\n|-damage|p2a: Arbok|186/246|[from] Spikes\n|-ability|p2a: Arbok|Intimidate|boost\n|-unboost|p1a: Snorlax|atk|1\n|move|p1a: Snorlax|Body Slam|p2a: Arbok\n|-damage|p2a: Arbok|119/246\n|-status|p2a: Arbok|par\n|\n|-weather|RainDance|[upkeep]\n|-heal|p1a: Snorlax|301/397|[from] item: Leftovers\n|upkeep\n|turn|7\n|inactive|panfriedpidgey has 90 seconds left.\n|inactive|EZClapzzz has 120 seconds left.\n|\n|t:|1782834856\n|move|p1a: Snorlax|Curse|p1a: Snorlax\n|-unboost|p1a: Snorlax|spe|1\n|-boost|p1a: Snorlax|atk|1\n|-boost|p1a: Snorlax|def|1\n|cant|p2a: Arbok|par\n|\n|-weather|RainDance|[upkeep]\n|-heal|p1a: Snorlax|325/397|[from] item: Leftovers\n|upkeep\n|turn|8\n|\n|t:|1782834862\n|move|p2a: Arbok|Knock Off|p1a: Snorlax\n|-damage|p1a: Snorlax|243/397\n|-enditem|p1a: Snorlax|Leftovers|[from] move: Knock Off|[of] p2a: Arbok\n|-damage|p2a: Arbok|95/246 par|[from] item: Life Orb\n|move|p1a: Snorlax|Curse|p1a: Snorlax\n|-unboost|p1a: Snorlax|spe|1\n|-boost|p1a: Snorlax|atk|1\n|-boost|p1a: Snorlax|def|1\n|\n|-weather|none\n|upkeep\n|turn|9\n|inactive|panfriedpidgey has 90 seconds left.\n|\n|t:|1782834881\n|move|p2a: Arbok|Toxic Spikes|p1a: Snorlax\n|-sidestart|p1: EZClapzzz|move: Toxic Spikes\n|move|p1a: Snorlax|Rest|p1a: Snorlax\n|-status|p1a: Snorlax|slp|[from] move: Rest\n|-heal|p1a: Snorlax|397/397 slp|[silent]\n|\n|upkeep\n|turn|10\n|\n|t:|1782834887\n|move|p2a: Arbok|Toxic Spikes|p1a: Snorlax\n|-sidestart|p1: EZClapzzz|move: Toxic Spikes\n|cant|p1a: Snorlax|slp\n|move|p1a: Snorlax|Sleep Talk|p1a: Snorlax\n|move|p1a: Snorlax|Curse|p1a: Snorlax|[from] move: Sleep Talk\n|-unboost|p1a: Snorlax|spe|1\n|-boost|p1a: Snorlax|atk|1\n|-boost|p1a: Snorlax|def|1\n|\n|upkeep\n|turn|11\n|inactive|panfriedpidgey has 90 seconds left.\n|\n|t:|1782834903\n|move|p2a: Arbok|Gunk Shot|p1a: Snorlax\n|-damage|p1a: Snorlax|306/397 slp\n|-damage|p2a: Arbok|71/246 par|[from] item: Life Orb\n|cant|p1a: Snorlax|slp\n|move|p1a: Snorlax|Sleep Talk|p1a: Snorlax\n|move|p1a: Snorlax|Body Slam|p2a: Arbok|[from] move: Sleep Talk\n|-damage|p2a: Arbok|0 fnt\n|faint|p2a: Arbok\n|\n|upkeep\n|inactive|panfriedpidgey has 90 seconds left.\n|\n|t:|1782834934\n|switch|p2a: Arboliva|Arboliva, L91, F|254/290 tox\n|-damage|p2a: Arboliva|218/290 tox|[from] Stealth Rock\n|-damage|p2a: Arboliva|182/290 tox|[from] Spikes\n|turn|12\n|inactive|panfriedpidgey has 60 seconds left.\n|\n|t:|1782834956\n|move|p2a: Arboliva|Strength Sap|p1a: Snorlax\n|-unboost|p1a: Snorlax|atk|1\n|-heal|p2a: Arboliva|290/290 tox\n|-curestatus|p1a: Snorlax|slp|[msg]\n|move|p1a: Snorlax|Body Slam|p2a: Arboliva\n|-damage|p2a: Arboliva|163/290 tox\n|-fieldstart|move: Grassy Terrain|[from] ability: Seed Sower|[of] p2a: Arboliva\n|\n|-heal|p2a: Arboliva|181/290 tox|[from] Grassy Terrain\n|-heal|p2a: Arboliva|199/290 tox|[from] item: Leftovers\n|-heal|p1a: Snorlax|330/397|[from] Grassy Terrain\n|-damage|p2a: Arboliva|181/290 tox|[from] psn\n|upkeep\n|turn|13\n|inactive|panfriedpidgey has 60 seconds left.\n|\n|t:|1782834964\n|move|p2a: Arboliva|Energy Ball|p1a: Snorlax\n|-damage|p1a: Snorlax|189/397\n|move|p1a: Snorlax|Curse|p1a: Snorlax\n|-unboost|p1a: Snorlax|spe|1\n|-boost|p1a: Snorlax|atk|1\n|-boost|p1a: Snorlax|def|1\n|\n|-heal|p2a: Arboliva|199/290 tox|[from] Grassy Terrain\n|-heal|p2a: Arboliva|217/290 tox|[from] item: Leftovers\n|-heal|p1a: Snorlax|213/397|[from] Grassy Terrain\n|-damage|p2a: Arboliva|181/290 tox|[from] psn\n|upkeep\n|turn|14\n|\n|t:|1782834986\n|move|p2a: Arboliva|Energy Ball|p1a: Snorlax\n|-damage|p1a: Snorlax|69/397\n|move|p1a: Snorlax|Body Slam|p2a: Arboliva\n|-damage|p2a: Arboliva|9/290 tox\n|\n|-heal|p2a: Arboliva|27/290 tox|[from] Grassy Terrain\n|-heal|p2a: Arboliva|45/290 tox|[from] item: Leftovers\n|-heal|p1a: Snorlax|93/397|[from] Grassy Terrain\n|-damage|p2a: Arboliva|0 fnt|[from] psn\n|faint|p2a: Arboliva\n|upkeep\n|inactive|panfriedpidgey has 60 seconds left.\n|\n|t:|1782835020\n|switch|p2a: Pelipper|Pelipper, L86, F|243/243\n|-weather|RainDance|[from] ability: Drizzle|[of] p2a: Pelipper\n|turn|15\n|\n|t:|1782835038\n|move|p2a: Pelipper|Surf|p1a: Snorlax\n|-damage|p1a: Snorlax|0 fnt\n|faint|p1a: Snorlax\n|\n|-weather|RainDance|[upkeep]\n|upkeep\n|\n|t:|1782835047\n|switch|p1a: Honchkrow|Honchkrow, L86, M|312/312\n|turn|16\n|inactive|panfriedpidgey has 60 seconds left.\n|inactive|panfriedpidgey has 30 seconds left.\n|\n|t:|1782835089\n|move|p1a: Honchkrow|Brave Bird|p2a: Pelipper\n|-damage|p2a: Pelipper|104/243\n|-damage|p1a: Honchkrow|266/312|[from] Recoil\n|move|p2a: Pelipper|Roost|p2a: Pelipper\n|-heal|p2a: Pelipper|226/243\n|-singleturn|p2a: Pelipper|move: Roost\n|\n|-weather|RainDance|[upkeep]\n|-heal|p2a: Pelipper|241/243|[from] Grassy Terrain\n|-fieldend|move: Grassy Terrain\n|upkeep\n|turn|17\n|inactive|panfriedpidgey has 30 seconds left.\n|\n|t:|1782835103\n|move|p1a: Honchkrow|Brave Bird|p2a: Pelipper\n|-damage|p2a: Pelipper|97/243\n|-damage|p1a: Honchkrow|218/312|[from] Recoil\n|move|p2a: Pelipper|Roost|p2a: Pelipper\n|-heal|p2a: Pelipper|219/243\n|-singleturn|p2a: Pelipper|move: Roost\n|\n|-weather|RainDance|[upkeep]\n|upkeep\n|turn|18\n|\n|t:|1782835106\n|move|p1a: Honchkrow|Brave Bird|p2a: Pelipper\n|-damage|p2a: Pelipper|77/243\n|-damage|p1a: Honchkrow|171/312|[from] Recoil\n|move|p2a: Pelipper|Surf|p1a: Honchkrow\n|-damage|p1a: Honchkrow|0 fnt\n|faint|p1a: Honchkrow\n|\n|-weather|RainDance|[upkeep]\n|upkeep\n|\n|t:|1782835116\n|switch|p1a: Arceus|Arceus-Ice, L72|291/291\n|-status|p1a: Arceus|tox\n|turn|19\n|\n|t:|1782835131\n|switch|p2a: Regice|Regice, L88|284/284\n|move|p1a: Arceus|Judgment|p2a: Regice\n|-resisted|p2a: Regice\n|-damage|p2a: Regice|258/284\n|\n|-weather|none\n|-damage|p1a: Arceus|273/291 tox|[from] psn\n|upkeep\n|turn|20\n|\n|t:|1782835141\n|switch|p1a: Vespiquen|Vespiquen, L99, F|258/299\n|-ability|p1a: Vespiquen|Pressure\n|move|p2a: Regice|Ice Beam|p1a: Vespiquen\n|-supereffective|p1a: Vespiquen\n|-damage|p1a: Vespiquen|90/299\n|\n|upkeep\n|turn|21\n|\n|t:|1782835165\n|switch|p2a: Palafin|Palafin, L77, F|281/281\n|-damage|p2a: Palafin|246/281|[from] Stealth Rock\n|-damage|p2a: Palafin|211/281|[from] Spikes\n|move|p1a: Vespiquen|Roost|p1a: Vespiquen\n|-heal|p1a: Vespiquen|240/299\n|-singleturn|p1a: Vespiquen|move: Roost\n|\n|upkeep\n|turn|22\n|\n|t:|1782835174\n|move|p2a: Palafin|Flip Turn|p1a: Vespiquen\n|-damage|p1a: Vespiquen|197/299\n|\n|t:|1782835183\n|detailschange|p2a: Palafin|Palafin-Hero, L77, F\n|switch|p2a: Pelipper|Pelipper, L86, F|77/243|[from] Flip Turn\n|-weather|RainDance|[from] ability: Drizzle|[of] p2a: Pelipper\n|move|p1a: Vespiquen|Toxic|p2a: Pelipper\n|-status|p2a: Pelipper|tox\n|\n|-weather|RainDance|[upkeep]\n|-damage|p2a: Pelipper|62/243 tox|[from] psn\n|upkeep\n|turn|23\n|\n|t:|1782835197\n|switch|p1a: Arceus|Arceus-Ice, L72|273/291 tox\n|move|p2a: Pelipper|Hurricane|p1a: Arceus\n|-damage|p1a: Arceus|159/291 tox\n|\n|-weather|RainDance|[upkeep]\n|-damage|p1a: Arceus|141/291 tox|[from] psn\n|-damage|p2a: Pelipper|32/243 tox|[from] psn\n|upkeep\n|turn|24\n|\n|t:|1782835226\n|switch|p2a: Regice|Regice, L88|258/284\n|move|p1a: Arceus|Judgment|p2a: Regice\n|-resisted|p2a: Regice\n|-damage|p2a: Regice|229/284\n|\n|-weather|RainDance|[upkeep]\n|-damage|p1a: Arceus|105/291 tox|[from] psn\n|upkeep\n|turn|25\n|\n|t:|1782835232\n|move|p1a: Arceus|Earth Power|p2a: Regice\n|-damage|p2a: Regice|202/284\n|move|p2a: Regice|Ice Beam|p1a: Arceus\n|-resisted|p1a: Arceus\n|-damage|p1a: Arceus|55/291 tox\n|\n|-weather|RainDance|[upkeep]\n|-damage|p1a: Arceus|1/291 tox|[from] psn\n|upkeep\n|turn|26\n|\n|t:|1782835241\n|move|p1a: Arceus|Earth Power|p2a: Regice\n|-damage|p2a: Regice|174/284\n|move|p2a: Regice|Ice Beam|p1a: Arceus\n|-resisted|p1a: Arceus\n|-damage|p1a: Arceus|0 fnt\n|faint|p1a: Arceus\n|\n|-weather|none\n|upkeep\n|\n|t:|1782835252\n|switch|p1a: Vespiquen|Vespiquen, L99, F|197/299\n|-ability|p1a: Vespiquen|Pressure\n|turn|27\n|\n|t:|1782835261\n|-terastallize|p1a: Vespiquen|Steel\n|move|p2a: Regice|Ice Beam|p1a: Vespiquen\n|-resisted|p1a: Vespiquen\n|-damage|p1a: Vespiquen|157/299\n|move|p1a: Vespiquen|Toxic|p2a: Regice\n|-status|p2a: Regice|tox\n|\n|-damage|p2a: Regice|157/284 tox|[from] psn\n|upkeep\n|turn|28\n|inactive|panfriedpidgey has 60 seconds left.\n|\n|t:|1782835281\n|switch|p2a: Pelipper|Pelipper, L86, F|32/243 tox\n|-weather|RainDance|[from] ability: Drizzle|[of] p2a: Pelipper\n|move|p1a: Vespiquen|Roost|p1a: Vespiquen\n|-heal|p1a: Vespiquen|299/299\n|\n|-weather|RainDance|[upkeep]\n|-damage|p2a: Pelipper|17/243 tox|[from] psn\n|upkeep\n|turn|29\n|inactive|panfriedpidgey has 60 seconds left.\n|\n|t:|1782835291\n|move|p2a: Pelipper|Surf|p1a: Vespiquen\n|-damage|p1a: Vespiquen|193/299\n|move|p1a: Vespiquen|Roost|p1a: Vespiquen\n|-heal|p1a: Vespiquen|299/299\n|\n|-weather|RainDance|[upkeep]\n|-damage|p2a: Pelipper|0 fnt|[from] psn\n|faint|p2a: Pelipper\n|upkeep\n|\n|t:|1782835296\n|switch|p2a: Palafin|Palafin-Hero, L77, F|211/281\n|-damage|p2a: Palafin|176/281|[from] Stealth Rock\n|-damage|p2a: Palafin|141/281|[from] Spikes\n|-activate|p2a: Palafin|ability: Zero to Hero\n|turn|30\n|inactive|panfriedpidgey has 60 seconds left.\n|inactive|panfriedpidgey has 30 seconds left.\n|inactive|panfriedpidgey has 20 seconds left.\n|\n|t:|1782835355\n|move|p2a: Palafin|Flip Turn|p1a: Vespiquen\n|-damage|p1a: Vespiquen|167/299\n|inactive|panfriedpidgey has 25 seconds left this turn.\n|inactive|panfriedpidgey has 20 seconds left.\n|\n|t:|1782835361\n|switch|p2a: Regice|Regice, L88|157/284 tox|[from] Flip Turn\n|move|p1a: Vespiquen|Hurricane|p2a: Regice\n|-damage|p2a: Regice|90/284 tox\n|\n|-weather|RainDance|[upkeep]\n|-damage|p2a: Regice|73/284 tox|[from] psn\n|upkeep\n|turn|31\n|inactive|panfriedpidgey has 30 seconds left this turn.\n|\n|t:|1782835370\n|move|p2a: Regice|Rest|p2a: Regice\n|-status|p2a: Regice|slp|[from] move: Rest\n|-heal|p2a: Regice|284/284 slp|[silent]\n|move|p1a: Vespiquen|Roost|p1a: Vespiquen\n|-heal|p1a: Vespiquen|299/299\n|\n|-weather|RainDance|[upkeep]\n|upkeep\n|turn|32\n|inactive|panfriedpidgey has 30 seconds left.\n|\n|t:|1782835377\n|cant|p2a: Regice|slp\n|move|p2a: Regice|Sleep Talk|p2a: Regice\n|move|p2a: Regice|Rest||[from] move: Sleep Talk|[still]\n|-fail|p2a: Regice\n|move|p1a: Vespiquen|Hurricane|p2a: Regice\n|-damage|p2a: Regice|214/284 slp\n|-start|p2a: Regice|confusion\n|\n|-weather|none\n|upkeep\n|turn|33\n|\n|t:|1782835386\n|cant|p2a: Regice|slp\n|-activate|p2a: Regice|confusion\n|-damage|p2a: Regice|202/284 slp|[from] confusion\n|move|p1a: Vespiquen|Hurricane|p2a: Regice\n|-crit|p2a: Regice\n|-damage|p2a: Regice|91/284 slp\n|\n|upkeep\n|turn|34\n|\n|t:|1782835400\n|-curestatus|p2a: Regice|slp|[msg]\n|-activate|p2a: Regice|confusion\n|move|p2a: Regice|Thunderbolt|p1a: Vespiquen\n|-damage|p1a: Vespiquen|247/299\n|move|p1a: Vespiquen|Hurricane|p2a: Regice\n|-damage|p2a: Regice|19/284\n|\n|upkeep\n|turn|35\n|\n|t:|1782835409\n|-end|p2a: Regice|confusion\n|move|p2a: Regice|Thunderbolt|p1a: Vespiquen\n|-damage|p1a: Vespiquen|195/299\n|move|p1a: Vespiquen|Hurricane|p2a: Regice\n|-damage|p2a: Regice|0 fnt\n|faint|p2a: Regice\n|\n|upkeep\n|\n|t:|1782835414\n|switch|p2a: Palafin|Palafin-Hero, L77, F|141/281\n|-damage|p2a: Palafin|106/281|[from] Stealth Rock\n|-damage|p2a: Palafin|71/281|[from] Spikes\n|turn|36\n|\n|t:|1782835419\n|move|p2a: Palafin|Close Combat|p1a: Vespiquen\n|-supereffective|p1a: Vespiquen\n|-damage|p1a: Vespiquen|0 fnt\n|-unboost|p2a: Palafin|def|1\n|-unboost|p2a: Palafin|spd|1\n|faint|p1a: Vespiquen\n|\n|upkeep\n|\n|t:|1782835422\n|switch|p1a: Quagsire|Quagsire, L84, M|297/297\n|-status|p1a: Quagsire|tox\n|turn|37\n|\n|t:|1782835428\n|-terastallize|p2a: Palafin|Fighting\n|move|p2a: Palafin|Close Combat|p1a: Quagsire\n|-damage|p1a: Quagsire|54/297 tox\n|-unboost|p2a: Palafin|def|1\n|-unboost|p2a: Palafin|spd|1\n|move|p1a: Quagsire|Earthquake|p2a: Palafin\n|-damage|p2a: Palafin|0 fnt\n|faint|p2a: Palafin\n|\n|-heal|p1a: Quagsire|72/297 tox|[from] item: Leftovers\n|-damage|p1a: Quagsire|54/297 tox|[from] psn\n|upkeep\n|\n|t:|1782835436\n|switch|p2a: Persian|Persian-Alola, L86, M|252/252\n|-damage|p2a: Persian|221/252|[from] Stealth Rock\n|-damage|p2a: Persian|190/252|[from] Spikes\n|turn|38\n|\n|t:|1782835440\n|move|p2a: Persian|Dark Pulse|p1a: Quagsire\n|-damage|p1a: Quagsire|0 fnt\n|faint|p1a: Quagsire\n|-damage|p2a: Persian|165/252|[from] item: Life Orb\n|\n|win|panfriedpidgey\n", "inputlog": ">version f8ac14003a5f27e1bdc8d8c59608a773c1cb96e5\n>start {\"formatid\":\"gen9randombattle\",\"seed\":\"sodium,c8e2dc327f63839b0a7628db674c6056\",\"rated\":\"Rated battle\"}\n>player p1 {\"name\":\"EZClapzzz\",\"avatar\":\"265\",\"rating\":2064,\"seed\":\"sodium,cb30fa835522a39e7580c08ac1018092\"}\n>player p2 {\"name\":\"panfriedpidgey\",\"avatar\":\"101\",\"rating\":2122,\"seed\":\"sodium,16f3b0da5409ba8e4ffd141d82bedbb3\"}\n>p1 move stealthrock\n>p2 move energyball\n>p1 switch 4\n>p1 move toxic\n>p2 move hypervoice\n>p1 move spikes\n>p2 move hypervoice\n>p1 move roost\n>p2 switch 3\n>p1 switch 3\n>p2 move hurricane\n>p1 move bodyslam\n>p2 move uturn\n>p2 switch 5\n>p1 move curse\n>p2 move toxicspikes\n>p1 move curse\n>p2 move knockoff\n>p1 move rest\n>p2 move toxicspikes\n>p1 move sleeptalk\n>p2 move toxicspikes\n>p1 move sleeptalk\n>p2 move gunkshot\n>p2 switch 3\n>p1 move bodyslam\n>p2 move strengthsap\n>p1 move curse\n>p2 move energyball\n>p1 move bodyslam\n>p2 move energyball\n>p2 switch 5\n>p1 move rest\n>p2 move surf\n>p1 switch 5\n>p1 move bravebird\n>p2 move roost\n>p1 move bravebird\n>p2 move roost\n>p1 move bravebird\n>p2 move surf\n>p1 switch 2\n>p1 move judgment\n>p2 switch 2\n>p1 switch 3\n>p2 move icebeam\n>p1 move roost\n>p2 switch 6\n>p1 move toxic\n>p2 move flipturn\n>p2 switch 2\n>p1 switch 3\n>p2 move hurricane\n>p1 move judgment\n>p2 switch 6\n>p1 move earthpower\n>p2 move icebeam\n>p1 move earthpower\n>p2 move icebeam\n>p1 switch 3\n>p1 move toxic terastallize\n>p2 move icebeam\n>p1 move roost\n>p2 switch 6\n>p1 move roost\n>p2 move surf\n>p2 switch 2\n>p1 move hurricane\n>p2 move flipturn\n>p2 switch 6\n>p1 move roost\n>p2 move rest\n>p1 move hurricane\n>p2 move sleeptalk\n>p1 move hurricane\n>p2 move sleeptalk\n>p1 move hurricane\n>p2 move thunderbolt\n>p1 move hurricane\n>p2 move thunderbolt\n>p2 switch 6\n>p1 move roost\n>p2 move closecombat\n>p1 switch 6\n>p1 move earthquake\n>p2 move closecombat terastallize\n>p2 switch 4\n>p1 move toxic\n>p2 move darkpulse", "uploadtime": 1782834674, "views": 7, "formatid": "gen9randombattle", "rating": null, "private": 0, "password": null, "player_dets": [{"name": "EZClapzzz", "avatar": "265", "rating": 2064, "seed": "sodium,cb30fa835522a39e7580c08ac1018092"}, {"name": "panfriedpidgey", "avatar": "101", "rating": 2122, "seed": "sodium,16f3b0da5409ba8e4ffd141d82bedbb3"}], "teams_full": [{"Lycanroc": {"name": "Lycanroc", "species": "Lycanroc-Midnight", "speciesId": "lycanrocmidnight", "gender": "M", "shiny": false, "level": 89, "moves": ["closecombat", "suckerpunch", "stoneedge", "stealthrock"], "ability": "No Guard", "evs": {"hp": 85, "atk": 85, "def": 85, "spa": 85, "spd": 85, "spe": 85}, "ivs": {"hp": 31, "atk": 31, "def": 31, "spa": 31, "spd": 31, "spe": 31}, "item": "Life Orb", "teraType": "Fighting", "role": "Fast Attacker", "bvs": {"hp": 85, "atk": 115, "def": 75, "spa": 55, "spd": 75, "spe": 82}, "stats": {"hp": 296, "atk": 255, "def": 184, "spa": 149, "spd": 184, "spe": 197}, "types": ["Rock"]}, "Arceus": {"name": "Arceus", "species": "Arceus-Ice", "speciesId": "arceusice", "gender": "N", "shiny": false, "level": 72, "moves": ["recover", "calmmind", "earthpower", "judgment"], "ability": "Multitype", "evs": {"hp": 81, "atk": 0, "def": 85, "spa": 85, "spd": 85, "spe": 85}, "ivs": {"hp": 31, "atk": 0, "def": 31, "spa": 31, "spd": 31, "spe": 31}, "item": "Icicle Plate", "teraType": "Ground", "role": "Bulky Setup", "bvs": {"hp": 120, "atk": 120, "def": 120, "spa": 120, "spd": 120, "spe": 120}, "stats": {"hp": 291, "atk": 177, "def": 215, "spa": 215, "spd": 215, "spe": 215}, "types": ["Ice"]}, "Snorlax": {"name": "Snorlax", "species": "Snorlax", "speciesId": "snorlax", "gender": "F", "shiny": false, "level": 82, "moves": ["rest", "bodyslam", "curse", "sleeptalk"], "ability": "Thick Fat", "evs": {"hp": 85, "atk": 85, "def": 85, "spa": 85, "spd": 85, "spe": 85}, "ivs": {"hp": 31, "atk": 31, "def": 31, "spa": 31, "spd": 31, "spe": 31}, "item": "Leftovers", "teraType": "Poison", "role": "Bulky Attacker", "bvs": {"hp": 160, "atk": 110, "def": 65, "spa": 65, "spd": 110, "spe": 30}, "stats": {"hp": 397, "atk": 228, "def": 154, "spa": 154, "spd": 228, "spe": 96}, "types": ["Normal"]}, "Vespiquen": {"name": "Vespiquen", "species": "Vespiquen", "speciesId": "vespiquen", "gender": "F", "shiny": false, "level": 99, "moves": ["spikes", "roost", "toxic", "hurricane"], "ability": "Pressure", "evs": {"hp": 85, "atk": 0, "def": 85, "spa": 85, "spd": 85, "spe": 85}, "ivs": {"hp": 31, "atk": 0, "def": 31, "spa": 31, "spd": 31, "spe": 31}, "item": "Heavy-Duty Boots", "teraType": "Steel", "role": "Bulky Support", "bvs": {"hp": 70, "atk": 80, "def": 102, "spa": 80, "spd": 102, "spe": 40}, "stats": {"hp": 299, "atk": 163, "def": 258, "spa": 214, "spd": 258, "spe": 135}, "types": ["Bug", "Flying"]}, "Honchkrow": {"name": "Honchkrow", "species": "Honchkrow", "speciesId": "honchkrow", "gender": "M", "shiny": false, "level": 86, "moves": ["bravebird", "suckerpunch", "heatwave", "uturn"], "ability": "Moxie", "evs": {"hp": 85, "atk": 85, "def": 85, "spa": 85, "spd": 85, "spe": 85}, "ivs": {"hp": 31, "atk": 31, "def": 31, "spa": 31, "spd": 31, "spe": 31}, "item": "Heavy-Duty Boots", "teraType": "Flying", "role": "Fast Attacker", "bvs": {"hp": 100, "atk": 125, "def": 52, "spa": 105, "spd": 52, "spe": 71}, "stats": {"hp": 312, "atk": 264, "def": 139, "spa": 230, "spd": 139, "spe": 171}, "types": ["Dark", "Flying"]}, "Quagsire": {"name": "Quagsire", "species": "Quagsire", "speciesId": "quagsire", "gender": "M", "shiny": false, "level": 84, "moves": ["recover", "spikes", "earthquake", "toxic"], "ability": "Unaware", "evs": {"hp": 85, "atk": 85, "def": 85, "spa": 85, "spd": 85, "spe": 85}, "ivs": {"hp": 31, "atk": 31, "def": 31, "spa": 31, "spd": 31, "spe": 31}, "item": "Leftovers", "teraType": "Steel", "role": "Bulky Support", "bvs": {"hp": 95, "atk": 85, "def": 85, "spa": 65, "spd": 65, "spe": 35}, "stats": {"hp": 297, "atk": 191, "def": 191, "spa": 157, "spd": 157, "spe": 107}, "types": ["Water", "Ground"]}}, {"Arboliva": {"name": "Arboliva", "species": "Arboliva", "speciesId": "arboliva", "gender": "F", "shiny": false, "level": 91, "moves": ["energyball", "strengthsap", "earthpower", "hypervoice"], "ability": "Seed Sower", "evs": {"hp": 85, "atk": 0, "def": 85, "spa": 85, "spd": 85, "spe": 85}, "ivs": {"hp": 31, "atk": 0, "def": 31, "spa": 31, "spd": 31, "spe": 31}, "item": "Leftovers", "teraType": "Ground", "role": "Bulky Attacker", "bvs": {"hp": 78, "atk": 69, "def": 90, "spa": 125, "spd": 109, "spe": 39}, "stats": {"hp": 290, "atk": 130, "def": 216, "spa": 279, "spd": 250, "spe": 123}, "types": ["Grass", "Normal"]}, "Regice": {"name": "Regice", "species": "Regice", "speciesId": "regice", "gender": "N", "shiny": false, "level": 88, "moves": ["rest", "sleeptalk", "thunderbolt", "icebeam"], "ability": "Clear Body", "evs": {"hp": 85, "atk": 0, "def": 85, "spa": 85, "spd": 85, "spe": 85}, "ivs": {"hp": 31, "atk": 0, "def": 31, "spa": 31, "spd": 31, "spe": 31}, "item": "Heavy-Duty Boots", "teraType": "Electric", "role": "Bulky Attacker", "bvs": {"hp": 80, "atk": 50, "def": 100, "spa": 100, "spd": 200, "spe": 50}, "stats": {"hp": 284, "atk": 93, "def": 226, "spa": 226, "spd": 402, "spe": 138}, "types": ["Ice"]}, "Pelipper": {"name": "Pelipper", "species": "Pelipper", "speciesId": "pelipper", "gender": "F", "shiny": false, "level": 86, "moves": ["surf", "hurricane", "uturn", "roost"], "ability": "Drizzle", "evs": {"hp": 85, "atk": 85, "def": 85, "spa": 85, "spd": 85, "spe": 85}, "ivs": {"hp": 31, "atk": 31, "def": 31, "spa": 31, "spd": 31, "spe": 31}, "item": "Heavy-Duty Boots", "teraType": "Water", "role": "Bulky Attacker", "bvs": {"hp": 60, "atk": 50, "def": 100, "spa": 95, "spd": 70, "spe": 65}, "stats": {"hp": 243, "atk": 135, "def": 221, "spa": 213, "spd": 170, "spe": 161}, "types": ["Water", "Flying"]}, "Persian": {"name": "Persian", "species": "Persian-Alola", "speciesId": "persianalola", "gender": "M", "shiny": false, "level": 86, "moves": ["thunderbolt", "nastyplot", "terablast", "darkpulse"], "ability": "Fur Coat", "evs": {"hp": 85, "atk": 0, "def": 85, "spa": 85, "spd": 85, "spe": 85}, "ivs": {"hp": 31, "atk": 0, "def": 31, "spa": 31, "spd": 31, "spe": 31}, "item": "Life Orb", "teraType": "Poison", "role": "Tera Blast user", "bvs": {"hp": 65, "atk": 60, "def": 60, "spa": 75, "spd": 65, "spe": 115}, "stats": {"hp": 252, "atk": 108, "def": 152, "spa": 178, "spd": 161, "spe": 247}, "types": ["Dark"]}, "Arbok": {"name": "Arbok", "species": "Arbok", "speciesId": "arbok", "gender": "F", "shiny": false, "level": 87, "moves": ["knockoff", "earthquake", "gunkshot", "toxicspikes"], "ability": "Intimidate", "evs": {"hp": 85, "atk": 85, "def": 85, "spa": 85, "spd": 85, "spe": 85}, "ivs": {"hp": 31, "atk": 31, "def": 31, "spa": 31, "spd": 31, "spe": 31}, "item": "Life Orb", "teraType": "Ground", "role": "Fast Support", "bvs": {"hp": 60, "atk": 95, "def": 69, "spa": 65, "spd": 79, "spe": 80}, "stats": {"hp": 246, "atk": 215, "def": 170, "spa": 163, "spd": 187, "spe": 189}, "types": ["Poison"]}, "Palafin": {"name": "Palafin", "species": "Palafin", "speciesId": "palafin", "gender": "F", "shiny": false, "level": 77, "moves": ["flipturn", "closecombat", "jetpunch", "wavecrash"], "ability": "Zero to Hero", "evs": {"hp": 85, "atk": 85, "def": 85, "spa": 85, "spd": 85, "spe": 85}, "ivs": {"hp": 31, "atk": 31, "def": 31, "spa": 31, "spd": 31, "spe": 31}, "item": "Choice Band", "teraType": "Fighting", "role": "Wallbreaker", "bvs": {"hp": 100, "atk": 70, "def": 72, "spa": 53, "spd": 62, "spe": 100}, "stats": {"hp": 281, "atk": 152, "def": 155, "spa": 126, "spd": 140, "spe": 199}, "types": ["Water"]}}]}