{"id": "gen9randombattle-2641619259", "format": "[Gen 9] Random Battle", "players": ["testbotcif", "lalacma"], "log": "|j|\u2606testbotcif\n|j|\u203dlalacma\n|t:|1782819909\n|gametype|singles\n|player|p1|testbotcif|266|1309\n|player|p2|lalacma|1|1284\n|gen|9\n|tier|[Gen 9] Random Battle\n|rated|\n|rule|Species Clause: Limit one of each Pok\u00e9mon\n|rule|HP Percentage Mod: HP is shown in percentages\n|rule|Sleep Clause Mod: Limit one foe put to sleep\n|rule|Illusion Level Mod: Illusion disguises the Pok\u00e9mon's true level\n|\n|t:|1782819909\n|teamsize|p1|6\n|teamsize|p2|6\n|start\n|switch|p1a: Basculegion|Basculegion, L80, M|323/323\n|switch|p2a: Heatran|Heatran, L79, M|273/273\n|-item|p2a: Heatran|Air Balloon\n|turn|1\n|inactive|Battle timer is ON: inactive players will automatically lose when time's up. (requested by testbotcif)\n|c|\u2606testbotcif|rlhf\n|inactive|lalacma has 120 seconds left.\n|\n|t:|1782819945\n|switch|p2a: Vaporeon|Vaporeon, L86, F|364/364\n|move|p1a: Basculegion|Shadow Ball|p2a: Vaporeon\n|-damage|p2a: Vaporeon|272/364\n|-unboost|p2a: Vaporeon|spd|1\n|\n|-heal|p2a: Vaporeon|294/364|[from] item: Leftovers\n|upkeep\n|turn|2\n|\n|t:|1782819949\n|switch|p2a: Greedent|Greedent, L86, M|347/347\n|move|p1a: Basculegion|Shadow Ball|p2a: Greedent\n|-immune|p2a: Greedent\n|\n|upkeep\n|turn|3\n|\n|t:|1782819951\n|switch|p1a: Hariyama|Hariyama, L87, M|392/392\n|move|p2a: Greedent|Swords Dance|p2a: Greedent\n|-boost|p2a: Greedent|atk|2\n|\n|upkeep\n|turn|4\n|\n|t:|1782819957\n|move|p1a: Hariyama|Close Combat|p2a: Greedent\n|-supereffective|p2a: Greedent\n|-damage|p2a: Greedent|63/347\n|-unboost|p1a: Hariyama|def|1\n|-unboost|p1a: Hariyama|spd|1\n|-enditem|p2a: Greedent|Sitrus Berry|[eat]\n|-heal|p2a: Greedent|149/347|[from] item: Sitrus Berry\n|-heal|p2a: Greedent|264/347|[from] ability: Cheek Pouch\n|move|p2a: Greedent|Body Slam|p1a: Hariyama\n|-damage|p1a: Hariyama|46/392\n|\n|upkeep\n|turn|5\n|\n|t:|1782819963\n|switch|p2a: Scyther|Scyther, L82, M|249/249\n|move|p1a: Hariyama|Close Combat|p2a: Scyther\n|-resisted|p2a: Scyther\n|-damage|p2a: Scyther|203/249\n|-unboost|p1a: Hariyama|def|1\n|-unboost|p1a: Hariyama|spd|1\n|\n|upkeep\n|turn|6\n|\n|t:|1782819964\n|switch|p1a: Grafaiai|Grafaiai, L86, F|249/249\n|move|p2a: Scyther|Bug Bite|p1a: Grafaiai\n|-resisted|p1a: Grafaiai\n|-damage|p1a: Grafaiai|191/249\n|\n|upkeep\n|turn|7\n|\n|t:|1782819972\n|switch|p2a: Greedent|Greedent, L86, M|264/347\n|move|p1a: Grafaiai|Swords Dance|p1a: Grafaiai\n|-boost|p1a: Grafaiai|atk|2\n|\n|upkeep\n|turn|8\n|\n|t:|1782819974\n|move|p1a: Grafaiai|Low Kick|p2a: Greedent\n|-supereffective|p2a: Greedent\n|-damage|p2a: Greedent|189/347\n|-damage|p1a: Grafaiai|167/249|[from] item: Life Orb\n|move|p2a: Greedent|Earthquake|p1a: Grafaiai\n|-supereffective|p1a: Grafaiai\n|-damage|p1a: Grafaiai|0 fnt\n|faint|p1a: Grafaiai\n|\n|upkeep\n|\n|t:|1782819974\n|switch|p1a: Lunala|Lunala, L70|308/308\n|turn|9\n|\n|t:|1782819977\n|move|p1a: Lunala|Calm Mind|p1a: Lunala\n|-boost|p1a: Lunala|spa|1\n|-boost|p1a: Lunala|spd|1\n|move|p2a: Greedent|Knock Off|p1a: Lunala\n|-supereffective|p1a: Lunala\n|-damage|p1a: Lunala|132/308\n|-enditem|p1a: Lunala|Leftovers|[from] move: Knock Off|[of] p2a: Greedent\n|\n|upkeep\n|turn|10\n|\n|t:|1782819979\n|move|p1a: Lunala|Moonlight|p1a: Lunala\n|-heal|p1a: Lunala|286/308\n|move|p2a: Greedent|Knock Off|p1a: Lunala\n|-supereffective|p1a: Lunala\n|-damage|p1a: Lunala|50/308\n|\n|upkeep\n|turn|11\n|\n|t:|1782819983\n|move|p1a: Lunala|Moonlight|p1a: Lunala\n|-heal|p1a: Lunala|204/308\n|move|p2a: Greedent|Knock Off|p1a: Lunala\n|-supereffective|p1a: Lunala\n|-damage|p1a: Lunala|0 fnt\n|faint|p1a: Lunala\n|\n|upkeep\n|\n|t:|1782819983\n|switch|p1a: Indeedee|Indeedee-F, L90, F|272/272\n|-fieldstart|move: Psychic Terrain|[from] ability: Psychic Surge|[of] p1a: Indeedee\n|turn|12\n|\n|t:|1782819987\n|move|p1a: Indeedee|Psyshock|p2a: Greedent\n|-damage|p2a: Greedent|72/347\n|move|p2a: Greedent|Body Slam|p1a: Indeedee\n|-damage|p1a: Indeedee|158/272\n|\n|upkeep\n|turn|13\n|\n|t:|1782819992\n|switch|p2a: Chimecho|Chimecho, L93, M|290/290\n|move|p1a: Indeedee|Psyshock|p2a: Chimecho\n|-resisted|p2a: Chimecho\n|-damage|p2a: Chimecho|224/290\n|\n|-heal|p2a: Chimecho|242/290|[from] item: Leftovers\n|upkeep\n|turn|14\n|\n|t:|1782819994\n|switch|p1a: Basculegion|Basculegion, L80, M|323/323\n|move|p2a: Chimecho|Psychic Noise|p1a: Basculegion\n|-damage|p1a: Basculegion|244/323\n|-start|p1a: Basculegion|move: Heal Block\n|\n|-heal|p2a: Chimecho|260/290|[from] item: Leftovers\n|upkeep\n|turn|15\n|\n|t:|1782819997\n|switch|p2a: Greedent|Greedent, L86, M|72/347\n|move|p1a: Basculegion|Shadow Ball|p2a: Greedent\n|-immune|p2a: Greedent\n|\n|-end|p1a: Basculegion|move: Heal Block\n|upkeep\n|turn|16\n|\n|t:|1782820002\n|switch|p1a: Registeel|Registeel, L81|262/262\n|move|p2a: Greedent|Earthquake|p1a: Registeel\n|-supereffective|p1a: Registeel\n|-damage|p1a: Registeel|164/262\n|\n|-heal|p1a: Registeel|180/262|[from] item: Leftovers\n|-fieldend|move: Psychic Terrain\n|upkeep\n|turn|17\n|\n|t:|1782820008\n|switch|p2a: Chimecho|Chimecho, L93, M|260/290\n|-terastallize|p1a: Registeel|Fighting\n|move|p1a: Registeel|Iron Defense|p1a: Registeel\n|-boost|p1a: Registeel|def|2\n|\n|-heal|p2a: Chimecho|278/290|[from] item: Leftovers\n|-heal|p1a: Registeel|196/262|[from] item: Leftovers\n|upkeep\n|turn|18\n|\n|t:|1782820011\n|move|p2a: Chimecho|Psychic Noise|p1a: Registeel\n|-supereffective|p1a: Registeel\n|-damage|p1a: Registeel|56/262\n|-start|p1a: Registeel|move: Heal Block\n|move|p1a: Registeel|Thunder Wave|p2a: Chimecho\n|-status|p2a: Chimecho|par\n|\n|-heal|p2a: Chimecho|290/290 par|[from] item: Leftovers\n|upkeep\n|turn|19\n|\n|t:|1782820013\n|move|p1a: Registeel|Body Press|p2a: Chimecho\n|-resisted|p2a: Chimecho\n|-damage|p2a: Chimecho|189/290 par\n|cant|p2a: Chimecho|par\n|\n|-heal|p2a: Chimecho|207/290 par|[from] item: Leftovers\n|-end|p1a: Registeel|move: Heal Block\n|upkeep\n|turn|20\n|\n|t:|1782820015\n|move|p1a: Registeel|Body Press|p2a: Chimecho\n|-resisted|p2a: Chimecho\n|-damage|p2a: Chimecho|94/290 par\n|move|p2a: Chimecho|Psychic Noise|p1a: Registeel\n|-supereffective|p1a: Registeel\n|-damage|p1a: Registeel|0 fnt\n|faint|p1a: Registeel\n|\n|-heal|p2a: Chimecho|112/290 par|[from] item: Leftovers\n|upkeep\n|\n|t:|1782820015\n|switch|p1a: Indeedee|Indeedee-F, L90, F|158/272\n|-fieldstart|move: Psychic Terrain|[from] ability: Psychic Surge|[of] p1a: Indeedee\n|turn|21\n|\n|t:|1782820018\n|move|p1a: Indeedee|Shadow Ball|p2a: Chimecho\n|-supereffective|p2a: Chimecho\n|-damage|p2a: Chimecho|2/290 par\n|move|p2a: Chimecho|Heal Bell|p2a: Chimecho\n|-activate|p2a: Chimecho|move: Heal Bell\n|-curestatus|p2a: Chimecho|par|[msg]\n|\n|-heal|p2a: Chimecho|20/290|[from] item: Leftovers\n|upkeep\n|turn|22\n|\n|t:|1782820020\n|switch|p2a: Greedent|Greedent, L86, M|72/347\n|move|p1a: Indeedee|Shadow Ball|p2a: Greedent\n|-immune|p2a: Greedent\n|\n|upkeep\n|turn|23\n|\n|t:|1782820023\n|switch|p1a: Basculegion|Basculegion, L80, M|244/323\n|move|p2a: Greedent|Earthquake|p1a: Basculegion\n|-damage|p1a: Basculegion|156/323\n|\n|upkeep\n|turn|24\n|\n|t:|1782820025\n|move|p1a: Basculegion|Aqua Jet|p2a: Greedent\n|-activate|p2a: Greedent|move: Psychic Terrain\n|move|p2a: Greedent|Earthquake|p1a: Basculegion\n|-damage|p1a: Basculegion|57/323\n|\n|upkeep\n|turn|25\n|\n|t:|1782820029\n|move|p1a: Basculegion|Wave Crash|p2a: Greedent\n|-crit|p2a: Greedent\n|-damage|p2a: Greedent|0 fnt\n|faint|p2a: Greedent\n|-damage|p1a: Basculegion|33/323|[from] Recoil\n|\n|-fieldend|move: Psychic Terrain\n|upkeep\n|\n|t:|1782820035\n|switch|p2a: Scyther|Scyther, L82, M|203/249\n|turn|26\n|\n|t:|1782820037\n|move|p2a: Scyther|Bug Bite|p1a: Basculegion\n|-resisted|p1a: Basculegion\n|-damage|p1a: Basculegion|0 fnt\n|faint|p1a: Basculegion\n|\n|upkeep\n|\n|t:|1782820037\n|switch|p1a: Indeedee|Indeedee-F, L90, F|158/272\n|-fieldstart|move: Psychic Terrain|[from] ability: Psychic Surge|[of] p1a: Indeedee\n|turn|27\n|\n|t:|1782820040\n|switch|p2a: Chimecho|Chimecho, L93, M|20/290\n|move|p1a: Indeedee|Psyshock|p2a: Chimecho\n|-resisted|p2a: Chimecho\n|-crit|p2a: Chimecho\n|-damage|p2a: Chimecho|0 fnt\n|faint|p2a: Chimecho\n|\n|upkeep\n|\n|t:|1782820042\n|switch|p2a: Heatran|Heatran, L79, M|273/273\n|-item|p2a: Heatran|Air Balloon\n|turn|28\n|\n|t:|1782820046\n|switch|p1a: Hariyama|Hariyama, L87, M|46/392\n|move|p2a: Heatran|Earth Power|p1a: Hariyama\n|-damage|p1a: Hariyama|0 fnt\n|faint|p1a: Hariyama\n|\n|upkeep\n|\n|t:|1782820046\n|switch|p1a: Indeedee|Indeedee-F, L90, F|158/272\n|turn|29\n|\n|t:|1782820048\n|move|p1a: Indeedee|Healing Wish||[still]\n|-fail|p1a: Indeedee\n|move|p2a: Heatran|Heavy Slam|p1a: Indeedee\n|-damage|p1a: Indeedee|40/272\n|\n|upkeep\n|turn|30\n|\n|t:|1782820051\n|move|p1a: Indeedee|Healing Wish||[still]\n|-fail|p1a: Indeedee\n|move|p2a: Heatran|Stealth Rock|p1a: Indeedee\n|-sidestart|p1: testbotcif|move: Stealth Rock\n|\n|upkeep\n|turn|31\n|\n|t:|1782820053\n|switch|p2a: Scyther|Scyther, L82, M|203/249\n|move|p1a: Indeedee|Healing Wish||[still]\n|-fail|p1a: Indeedee\n|\n|-fieldend|move: Psychic Terrain\n|upkeep\n|turn|32\n|\n|t:|1782820054\n|move|p1a: Indeedee|Healing Wish||[still]\n|-fail|p1a: Indeedee\n|move|p2a: Scyther|Bug Bite|p1a: Indeedee\n|-supereffective|p1a: Indeedee\n|-damage|p1a: Indeedee|0 fnt\n|faint|p1a: Indeedee\n|\n|win|lalacma\n|raw|testbotcif's rating: 1309 &rarr; <strong>1288</strong><br />(-21 for losing)\n|raw|lalacma's rating: 1284 &rarr; <strong>1311</strong><br />(+27 for winning)\n", "inputlog": ">version f8ac14003a5f27e1bdc8d8c59608a773c1cb96e5\n>start {\"formatid\":\"gen9randombattle\",\"seed\":\"sodium,b2b1b354917fbc6d60c53a1e568e6547\",\"rated\":\"Rated battle\"}\n>player p1 {\"name\":\"testbotcif\",\"avatar\":\"266\",\"rating\":1309,\"seed\":\"sodium,11679f653f9eb078120bb3485f4babb1\"}\n>player p2 {\"name\":\"lalacma\",\"avatar\":\"1\",\"rating\":1284,\"seed\":\"sodium,118d65dd358a8de2eabec973098fe3b5\"}\n>chat \u2606testbotcif|rlhf\n>p1 move shadowball\n>p2 switch 5\n>p1 move shadowball\n>p2 switch 4\n>p1 switch 2\n>p2 move swordsdance\n>p1 move closecombat\n>p2 move bodyslam\n>p1 move closecombat\n>p2 switch 6\n>p1 switch 5\n>p2 move bugbite\n>p1 move swordsdance\n>p2 switch 6\n>p1 move lowkick\n>p2 move earthquake\n>p1 switch 4\n>p1 move calmmind\n>p2 move knockoff\n>p1 move moonlight\n>p2 move knockoff\n>p1 move moonlight\n>p2 move knockoff\n>p1 switch 3\n>p1 move psyshock\n>p2 move bodyslam\n>p1 move psyshock\n>p2 switch 2\n>p1 switch 2\n>p2 move psychicnoise\n>p1 move shadowball\n>p2 switch 2\n>p1 switch 6\n>p2 move earthquake\n>p1 move irondefense terastallize\n>p2 switch 2\n>p1 move thunderwave\n>p2 move psychicnoise\n>p1 move bodypress\n>p2 move psychicnoise\n>p1 move bodypress\n>p2 move psychicnoise\n>p1 switch 2\n>p1 move shadowball\n>p2 move healbell\n>p1 move shadowball\n>p2 switch 2\n>p1 switch 6\n>p2 move earthquake\n>p1 move aquajet\n>p2 move earthquake\n>p1 move wavecrash\n>p2 move bodyslam\n>p2 switch 6\n>p1 move wavecrash\n>p2 move bugbite\n>p1 switch 6\n>p1 move psyshock\n>p2 switch 2\n>p2 switch 5\n>p1 switch 5\n>p2 move earthpower\n>p1 switch 5\n>p1 move healingwish\n>p2 move heavyslam\n>p1 move healingwish\n>p2 move stealthrock\n>p1 move healingwish\n>p2 switch 2\n>p1 move healingwish\n>p2 move bugbite", "uploadtime": 1782820054, "views": 7, "formatid": "gen9randombattle", "rating": 1288, "private": 0, "password": null, "player_dets": [{"name": "testbotcif", "avatar": "266", "rating": 1309, "seed": "sodium,11679f653f9eb078120bb3485f4babb1"}, {"name": "lalacma", "avatar": "1", "rating": 1284, "seed": "sodium,118d65dd358a8de2eabec973098fe3b5"}], "teams_full": [{"Basculegion": {"name": "Basculegion", "species": "Basculegion", "speciesId": "basculegion", "gender": "M", "shiny": false, "level": 80, "moves": ["shadowball", "flipturn", "wavecrash", "aquajet"], "ability": "Adaptability", "evs": {"hp": 85, "atk": 85, "def": 85, "spa": 85, "spd": 85, "spe": 85}, "ivs": {"hp": 31, "atk": 31, "def": 31, "spa": 31, "spd": 31, "spe": 31}, "item": "Assault Vest", "teraType": "Water", "role": "AV Pivot", "bvs": {"hp": 120, "atk": 112, "def": 65, "spa": 80, "spd": 75, "spe": 78}, "stats": {"hp": 323, "atk": 225, "def": 150, "spa": 174, "spd": 166, "spe": 171}, "types": ["Water", "Ghost"]}, "Hariyama": {"name": "Hariyama", "species": "Hariyama", "speciesId": "hariyama", "gender": "M", "shiny": false, "level": 87, "moves": ["heavyslam", "closecombat", "knockoff", "headlongrush"], "ability": "Thick Fat", "evs": {"hp": 85, "atk": 85, "def": 85, "spa": 85, "spd": 85, "spe": 85}, "ivs": {"hp": 31, "atk": 31, "def": 31, "spa": 31, "spd": 31, "spe": 31}, "item": "Assault Vest", "teraType": "Steel", "role": "AV Pivot", "bvs": {"hp": 144, "atk": 120, "def": 60, "spa": 40, "spd": 60, "spe": 50}, "stats": {"hp": 392, "atk": 259, "def": 154, "spa": 119, "spd": 154, "spe": 137}, "types": ["Fighting"]}, "Indeedee": {"name": "Indeedee", "species": "Indeedee-F", "speciesId": "indeedeef", "gender": "F", "shiny": false, "level": 90, "moves": ["healingwish", "hypervoice", "psyshock", "shadowball"], "ability": "Psychic Surge", "evs": {"hp": 85, "atk": 0, "def": 85, "spa": 85, "spd": 85, "spe": 85}, "ivs": {"hp": 31, "atk": 0, "def": 31, "spa": 31, "spd": 31, "spe": 31}, "item": "Choice Scarf", "teraType": "Psychic", "role": "Fast Attacker", "bvs": {"hp": 70, "atk": 55, "def": 65, "spa": 95, "spd": 105, "spe": 85}, "stats": {"hp": 272, "atk": 104, "def": 168, "spa": 222, "spd": 240, "spe": 204}, "types": ["Psychic", "Normal"]}, "Lunala": {"name": "Lunala", "species": "Lunala", "speciesId": "lunala", "gender": "N", "shiny": false, "level": 70, "moves": ["psyshock", "calmmind", "moonlight", "moongeistbeam"], "ability": "Shadow Shield", "evs": {"hp": 85, "atk": 0, "def": 85, "spa": 85, "spd": 85, "spe": 85}, "ivs": {"hp": 31, "atk": 0, "def": 31, "spa": 31, "spd": 31, "spe": 31}, "item": "Leftovers", "teraType": "Dark", "role": "Fast Bulky Setup", "bvs": {"hp": 137, "atk": 113, "def": 89, "spa": 137, "spd": 107, "spe": 97}, "stats": {"hp": 308, "atk": 163, "def": 166, "spa": 233, "spd": 191, "spe": 177}, "types": ["Psychic", "Ghost"]}, "Grafaiai": {"name": "Grafaiai", "species": "Grafaiai", "speciesId": "grafaiai", "gender": "F", "shiny": false, "level": 86, "moves": ["lowkick", "gunkshot", "swordsdance", "knockoff"], "ability": "Poison Touch", "evs": {"hp": 85, "atk": 85, "def": 85, "spa": 85, "spd": 85, "spe": 85}, "ivs": {"hp": 31, "atk": 31, "def": 31, "spa": 31, "spd": 31, "spe": 31}, "item": "Life Orb", "teraType": "Dark", "role": "Setup Sweeper", "bvs": {"hp": 63, "atk": 95, "def": 65, "spa": 80, "spd": 72, "spe": 110}, "stats": {"hp": 249, "atk": 213, "def": 161, "spa": 187, "spd": 173, "spe": 238}, "types": ["Poison", "Normal"]}, "Registeel": {"name": "Registeel", "species": "Registeel", "speciesId": "registeel", "gender": "N", "shiny": false, "level": 81, "moves": ["irondefense", "bodypress", "ironhead", "thunderwave"], "ability": "Clear Body", "evs": {"hp": 85, "atk": 85, "def": 85, "spa": 85, "spd": 85, "spe": 85}, "ivs": {"hp": 31, "atk": 31, "def": 31, "spa": 31, "spd": 31, "spe": 31}, "item": "Leftovers", "teraType": "Fighting", "role": "Bulky Support", "bvs": {"hp": 80, "atk": 75, "def": 150, "spa": 75, "spd": 150, "spe": 50}, "stats": {"hp": 262, "atk": 168, "def": 290, "spa": 168, "spd": 290, "spe": 128}, "types": ["Steel"]}}, {"Heatran": {"name": "Heatran", "species": "Heatran", "speciesId": "heatran", "gender": "M", "shiny": false, "level": 79, "moves": ["stealthrock", "earthpower", "magmastorm", "heavyslam"], "ability": "Flash Fire", "evs": {"hp": 85, "atk": 85, "def": 85, "spa": 85, "spd": 85, "spe": 85}, "ivs": {"hp": 31, "atk": 31, "def": 31, "spa": 31, "spd": 31, "spe": 31}, "item": "Air Balloon", "teraType": "Flying", "role": "Bulky Support", "bvs": {"hp": 91, "atk": 90, "def": 106, "spa": 130, "spd": 106, "spe": 77}, "stats": {"hp": 273, "atk": 188, "def": 213, "spa": 251, "spd": 213, "spe": 167}, "types": ["Fire", "Steel"]}, "Chimecho": {"name": "Chimecho", "species": "Chimecho", "speciesId": "chimecho", "gender": "M", "shiny": false, "level": 93, "moves": ["healbell", "encore", "psychicnoise", "recover"], "ability": "Levitate", "evs": {"hp": 85, "atk": 0, "def": 85, "spa": 85, "spd": 85, "spe": 85}, "ivs": {"hp": 31, "atk": 0, "def": 31, "spa": 31, "spd": 31, "spe": 31}, "item": "Leftovers", "teraType": "Electric", "role": "Bulky Support", "bvs": {"hp": 75, "atk": 50, "def": 80, "spa": 95, "spd": 90, "spe": 65}, "stats": {"hp": 290, "atk": 98, "def": 202, "spa": 230, "spd": 220, "spe": 174}, "types": ["Psychic"]}, "Dipplin": {"name": "Dipplin", "species": "Dipplin", "speciesId": "dipplin", "gender": "M", "shiny": false, "level": 88, "moves": ["dragontail", "recover", "dragonpulse", "gigadrain"], "ability": "Sticky Hold", "evs": {"hp": 85, "atk": 85, "def": 85, "spa": 85, "spd": 85, "spe": 85}, "ivs": {"hp": 31, "atk": 31, "def": 31, "spa": 31, "spd": 31, "spe": 31}, "item": "Eviolite", "teraType": "Steel", "role": "Bulky Attacker", "bvs": {"hp": 80, "atk": 80, "def": 110, "spa": 95, "spd": 80, "spe": 40}, "stats": {"hp": 284, "atk": 191, "def": 244, "spa": 217, "spd": 191, "spe": 121}, "types": ["Grass", "Dragon"]}, "Greedent": {"name": "Greedent", "species": "Greedent", "speciesId": "greedent", "gender": "M", "shiny": false, "level": 86, "moves": ["earthquake", "knockoff", "swordsdance", "bodyslam"], "ability": "Cheek Pouch", "evs": {"hp": 85, "atk": 85, "def": 85, "spa": 85, "spd": 85, "spe": 85}, "ivs": {"hp": 31, "atk": 31, "def": 31, "spa": 31, "spd": 31, "spe": 31}, "item": "Sitrus Berry", "teraType": "Ground", "role": "Bulky Setup", "bvs": {"hp": 120, "atk": 95, "def": 95, "spa": 55, "spd": 75, "spe": 20}, "stats": {"hp": 347, "atk": 213, "def": 213, "spa": 144, "spd": 178, "spe": 84}, "types": ["Normal"]}, "Vaporeon": {"name": "Vaporeon", "species": "Vaporeon", "speciesId": "vaporeon", "gender": "F", "shiny": false, "level": 86, "moves": ["wish", "protect", "scald", "calmmind"], "ability": "Water Absorb", "evs": {"hp": 85, "atk": 0, "def": 85, "spa": 85, "spd": 85, "spe": 85}, "ivs": {"hp": 31, "atk": 0, "def": 31, "spa": 31, "spd": 31, "spe": 31}, "item": "Leftovers", "teraType": "Ghost", "role": "Bulky Setup", "bvs": {"hp": 130, "atk": 65, "def": 60, "spa": 110, "spd": 95, "spe": 65}, "stats": {"hp": 364, "atk": 116, "def": 152, "spa": 238, "spd": 213, "spe": 161}, "types": ["Water"]}, "Scyther": {"name": "Scyther", "species": "Scyther", "speciesId": "scyther", "gender": "M", "shiny": false, "level": 82, "moves": ["dualwingbeat", "closecombat", "swordsdance", "bugbite"], "ability": "Technician", "evs": {"hp": 85, "atk": 85, "def": 85, "spa": 85, "spd": 85, "spe": 85}, "ivs": {"hp": 31, "atk": 31, "def": 31, "spa": 31, "spd": 31, "spe": 31}, "item": "Heavy-Duty Boots", "teraType": "Fighting", "role": "Setup Sweeper", "bvs": {"hp": 70, "atk": 110, "def": 80, "spa": 55, "spd": 80, "spe": 105}, "stats": {"hp": 249, "atk": 228, "def": 178, "spa": 137, "spd": 178, "spe": 219}, "types": ["Bug", "Flying"]}}]}