{"id": "gen9randombattle-2641340631", "format": "[Gen 9] Random Battle", "players": ["supernoot3", "coggs's"], "log": "|j|\u2606supernoot3\n|j|\u2606coggs's\n|t:|1782770123\n|gametype|singles\n|player|p1|supernoot3|1|\n|player|p2|coggs's|265|\n|gen|9\n|tier|[Gen 9] Random Battle\n|rule|Species Clause: Limit one of each Pok\u00e9mon\n|rule|HP Percentage Mod: HP is shown in percentages\n|rule|Sleep Clause Mod: Limit one foe put to sleep\n|rule|Illusion Level Mod: Illusion disguises the Pok\u00e9mon's true level\n|\n|t:|1782770123\n|teamsize|p1|6\n|teamsize|p2|6\n|start\n|switch|p1a: Masquerain|Masquerain, L87, F|264/264\n|switch|p2a: Emboar|Emboar, L84, F|322/322\n|-ability|p1a: Masquerain|Intimidate|boost\n|-unboost|p2a: Emboar|atk|1\n|turn|1\n|c|\u2606coggs's|glhf\n|c|\u2606supernoot3|glhf\n|\n|t:|1782770184\n|switch|p2a: Dugtrio|Dugtrio-Alola, L84, F|196/196\n|move|p1a: Masquerain|Hurricane|p2a: Dugtrio\n|-resisted|p2a: Dugtrio\n|-damage|p2a: Dugtrio|127/196\n|\n|upkeep\n|turn|2\n|\n|t:|1782770214\n|move|p2a: Dugtrio|Stone Edge|p1a: Masquerain\n|-supereffective|p1a: Masquerain\n|-damage|p1a: Masquerain|0 fnt\n|faint|p1a: Masquerain\n|-damage|p2a: Dugtrio|108/196|[from] item: Life Orb\n|\n|upkeep\n|\n|t:|1782770226\n|switch|p1a: Basculin|Basculin-Blue-Striped, L86, F|261/261\n|turn|3\n|inactive|Battle timer is ON: inactive players will automatically lose when time's up. (requested by supernoot3)\n|\n|t:|1782770261\n|switch|p2a: Lapras|Lapras, L87, F|368/368\n|move|p1a: Basculin|Aqua Jet|p2a: Lapras\n|-immune|p2a: Lapras|[from] ability: Water Absorb\n|\n|upkeep\n|turn|4\n|\n|t:|1782770275\n|switch|p1a: Gumshoos|Gumshoos, L95, F|321/321\n|move|p2a: Lapras|Freeze-Dry|p1a: Gumshoos\n|-damage|p1a: Gumshoos|240/321\n|\n|upkeep\n|turn|5\n|inactive|coggs's has 270 seconds left.\n|\n|t:|1782770305\n|switch|p2a: Passimian|Passimian, L83, M|302/302\n|move|p1a: Gumshoos|Double-Edge|p2a: Passimian\n|-damage|p2a: Passimian|0 fnt\n|faint|p2a: Passimian\n|-damage|p1a: Gumshoos|140/321|[from] Recoil\n|\n|upkeep\n|inactive|coggs's has 270 seconds left.\n|\n|t:|1782770315\n|switch|p2a: Emboar|Emboar, L84, F|322/322\n|turn|6\n|\n|t:|1782770326\n|switch|p1a: Gastrodon|Gastrodon, L86, F|331/331\n|move|p2a: Emboar|Close Combat|p1a: Gastrodon\n|-damage|p1a: Gastrodon|84/331\n|-unboost|p2a: Emboar|def|1\n|-unboost|p2a: Emboar|spd|1\n|\n|-heal|p1a: Gastrodon|104/331|[from] item: Leftovers\n|upkeep\n|turn|7\n|\n|t:|1782770338\n|move|p2a: Emboar|Close Combat|p1a: Gastrodon\n|-damage|p1a: Gastrodon|0 fnt\n|-unboost|p2a: Emboar|def|1\n|-unboost|p2a: Emboar|spd|1\n|faint|p1a: Gastrodon\n|\n|upkeep\n|\n|t:|1782770344\n|switch|p1a: Basculin|Basculin-Blue-Striped, L86, F|261/261\n|turn|8\n|\n|t:|1782770351\n|switch|p2a: Lapras|Lapras, L87, F|368/368\n|move|p1a: Basculin|Double-Edge|p2a: Lapras\n|-damage|p2a: Lapras|246/368\n|-damage|p1a: Basculin|221/261|[from] Recoil\n|\n|upkeep\n|turn|9\n|l|\u2606coggs's\n|inactive|coggs's disconnected and has 300 seconds to reconnect!\n|player|p2|\n|inactive|coggs's has 270 seconds to reconnect!\n|inactive|supernoot3 has 270 seconds left.\n|j|\u2606coggs's\n|inactive|coggs's reconnected and has 295 seconds left.\n|player|p2|coggs's|265|\n|\n|t:|1782770410\n|move|p1a: Basculin|Double-Edge|p2a: Lapras\n|-damage|p2a: Lapras|111/368\n|-damage|p1a: Basculin|176/261|[from] Recoil\n|move|p2a: Lapras|Freeze-Dry|p1a: Basculin\n|-supereffective|p1a: Basculin\n|-damage|p1a: Basculin|0 fnt\n|faint|p1a: Basculin\n|\n|upkeep\n|\n|t:|1782770419\n|switch|p1a: Gumshoos|Gumshoos, L95, F|140/321\n|turn|10\n|\n|t:|1782770424\n|move|p2a: Lapras|Sparkling Aria|p1a: Gumshoos\n|-crit|p1a: Gumshoos\n|-damage|p1a: Gumshoos|0 fnt\n|faint|p1a: Gumshoos\n|\n|upkeep\n|inactive|supernoot3 has 270 seconds left.\n|\n|t:|1782770430\n|switch|p1a: Mimikyu|Mimikyu, L79, M|216/216\n|turn|11\n|\n|t:|1782770437\n|move|p1a: Mimikyu|Shadow Sneak|p2a: Lapras\n|-damage|p2a: Lapras|59/368\n|-damage|p1a: Mimikyu|195/216|[from] item: Life Orb\n|move|p2a: Lapras|Sparkling Aria|p1a: Mimikyu\n|-activate|p1a: Mimikyu|ability: Disguise\n|-damage|p1a: Mimikyu|195/216\n|detailschange|p1a: Mimikyu|Mimikyu-Busted, L79, M\n|-damage|p1a: Mimikyu|168/216|[from] pokemon: Mimikyu-Busted\n|\n|upkeep\n|turn|12\n|c|\u2606supernoot3|this team was kinda dog water\n|\n|t:|1782770456\n|move|p1a: Mimikyu|Shadow Claw|p2a: Lapras\n|-damage|p2a: Lapras|0 fnt\n|faint|p2a: Lapras\n|-damage|p1a: Mimikyu|147/216|[from] item: Life Orb\n|\n|upkeep\n|\n|t:|1782770461\n|switch|p2a: Dugtrio|Dugtrio-Alola, L84, F|108/196\n|turn|13\n|\n|t:|1782770467\n|move|p2a: Dugtrio|Iron Head|p1a: Mimikyu\n|-supereffective|p1a: Mimikyu\n|-damage|p1a: Mimikyu|0 fnt\n|faint|p1a: Mimikyu\n|-damage|p2a: Dugtrio|89/196|[from] item: Life Orb\n|\n|upkeep\n|\n|t:|1782770471\n|switch|p1a: Weavile|Weavile, L79, M|240/240\n|turn|14\n|\n|t:|1782770482\n|-terastallize|p1a: Weavile|Fighting\n|move|p1a: Weavile|Low Kick|p2a: Dugtrio\n|-supereffective|p2a: Dugtrio\n|-crit|p2a: Dugtrio\n|-damage|p2a: Dugtrio|0 fnt\n|-ability|p2a: Dugtrio|Tangling Hair\n|-unboost|p1a: Weavile|spe|1\n|faint|p2a: Dugtrio\n|\n|upkeep\n|\n|t:|1782770493\n|switch|p2a: Emboar|Emboar, L84, F|322/322\n|turn|15\n|\n|t:|1782770503\n|-terastallize|p2a: Emboar|Fire\n|move|p1a: Weavile|Swords Dance|p1a: Weavile\n|-boost|p1a: Weavile|atk|2\n|move|p2a: Emboar|Flare Blitz|p1a: Weavile\n|-damage|p1a: Weavile|0 fnt\n|faint|p1a: Weavile\n|-damage|p2a: Emboar|243/322|[from] Recoil\n|\n|win|coggs's\n|c|\u2606coggs's|ggs\n|c|\u2606supernoot3|gg\n", "inputlog": ">version f8ac14003a5f27e1bdc8d8c59608a773c1cb96e5\n>start {\"formatid\":\"gen9randombattle\",\"seed\":\"sodium,45d3f20d48705bcdfc090997e9568dbd\"}\n>player p1 {\"name\":\"supernoot3\",\"avatar\":\"1\",\"rating\":0,\"seed\":\"sodium,034a85701d5e1c32a42e57c5aa3270b0\"}\n>player p2 {\"name\":\"coggs's\",\"avatar\":\"265\",\"rating\":0,\"seed\":\"sodium,43c31582a5a924e859556a189d23cb69\"}\n>chat \u2606coggs's|glhf\n>chat \u2606supernoot3|glhf\n>p1 move hurricane\n>p2 switch 2\n>p1 move stickyweb\n>p2 move stoneedge\n>p1 switch 2\n>p1 move aquajet\n>p2 switch 5\n>p1 switch 4\n>p2 move freezedry\n>p1 move doubleedge\n>p2 switch 6\n>p2 switch 2\n>p1 switch 3\n>p2 move closecombat\n>p1 move recover\n>p2 move closecombat\n>p1 switch 4\n>p1 move doubleedge\n>p2 switch 6\n>p1 move doubleedge\n>p2 move freezedry\n>p1 switch 3\n>p1 move earthquake\n>p2 move sparklingaria\n>p1 switch 5\n>p1 move shadowsneak\n>p2 move sparklingaria\n>chat \u2606supernoot3|this team was kinda dog water\n>p1 move shadowclaw\n>p2 move sparklingaria\n>p2 switch 5\n>p1 move shadowclaw\n>p2 move ironhead\n>p1 switch 6\n>p1 move lowkick terastallize\n>p2 move ironhead\n>p2 switch 6\n>p1 move swordsdance\n>p2 move flareblitz terastallize", "uploadtime": 1782770512, "views": 7, "formatid": "gen9randombattle", "rating": null, "private": 0, "password": null, "player_dets": [{"name": "supernoot3", "avatar": "1", "rating": 0, "seed": "sodium,034a85701d5e1c32a42e57c5aa3270b0"}, {"name": "coggs's", "avatar": "265", "rating": 0, "seed": "sodium,43c31582a5a924e859556a189d23cb69"}], "teams_full": [{"Masquerain": {"name": "Masquerain", "species": "Masquerain", "speciesId": "masquerain", "gender": "F", "shiny": false, "level": 87, "moves": ["bugbuzz", "hurricane", "stickyweb", "uturn"], "ability": "Intimidate", "evs": {"hp": 85, "atk": 85, "def": 85, "spa": 85, "spd": 85, "spe": 85}, "ivs": {"hp": 31, "atk": 31, "def": 31, "spa": 31, "spd": 31, "spe": 31}, "item": "Heavy-Duty Boots", "teraType": "Ground", "role": "Fast Support", "bvs": {"hp": 70, "atk": 60, "def": 62, "spa": 100, "spd": 82, "spe": 80}, "stats": {"hp": 264, "atk": 154, "def": 158, "spa": 224, "spd": 192, "spe": 189}, "types": ["Bug", "Flying"]}, "Basculin": {"name": "Basculin", "species": "Basculin-Blue-Striped", "speciesId": "basculin", "gender": "F", "shiny": false, "level": 86, "moves": ["aquajet", "doubleedge", "flipturn", "wavecrash"], "ability": "Adaptability", "evs": {"hp": 85, "atk": 85, "def": 85, "spa": 85, "spd": 85, "spe": 85}, "ivs": {"hp": 31, "atk": 31, "def": 31, "spa": 31, "spd": 31, "spe": 31}, "item": "Choice Band", "teraType": "Water", "role": "Wallbreaker", "bvs": {"hp": 70, "atk": 92, "def": 65, "spa": 80, "spd": 55, "spe": 98}, "stats": {"hp": 261, "atk": 207, "def": 161, "spa": 187, "spd": 144, "spe": 218}, "types": ["Water"]}, "Gastrodon": {"name": "Gastrodon", "species": "Gastrodon", "speciesId": "gastrodon", "gender": "F", "shiny": false, "level": 86, "moves": ["earthquake", "sludgebomb", "stealthrock", "recover"], "ability": "Storm Drain", "evs": {"hp": 85, "atk": 85, "def": 85, "spa": 85, "spd": 85, "spe": 85}, "ivs": {"hp": 31, "atk": 31, "def": 31, "spa": 31, "spd": 31, "spe": 31}, "item": "Leftovers", "teraType": "Poison", "role": "Bulky Support", "bvs": {"hp": 111, "atk": 83, "def": 68, "spa": 92, "spd": 82, "spe": 39}, "stats": {"hp": 331, "atk": 192, "def": 166, "spa": 207, "spd": 190, "spe": 116}, "types": ["Water", "Ground"]}, "Gumshoos": {"name": "Gumshoos", "species": "Gumshoos", "speciesId": "gumshoos", "gender": "F", "shiny": false, "level": 95, "moves": ["earthquake", "uturn", "knockoff", "doubleedge"], "ability": "Adaptability", "evs": {"hp": 85, "atk": 85, "def": 85, "spa": 85, "spd": 85, "spe": 85}, "ivs": {"hp": 31, "atk": 31, "def": 31, "spa": 31, "spd": 31, "spe": 31}, "item": "Choice Band", "teraType": "Ground", "role": "Fast Attacker", "bvs": {"hp": 88, "atk": 110, "def": 60, "spa": 55, "spd": 60, "spe": 45}, "stats": {"hp": 321, "atk": 263, "def": 168, "spa": 158, "spd": 168, "spe": 139}, "types": ["Normal"]}, "Mimikyu": {"name": "Mimikyu", "species": "Mimikyu", "speciesId": "mimikyu", "gender": "M", "shiny": false, "level": 79, "moves": ["swordsdance", "shadowclaw", "shadowsneak", "playrough"], "ability": "Disguise", "evs": {"hp": 85, "atk": 85, "def": 85, "spa": 85, "spd": 85, "spe": 85}, "ivs": {"hp": 31, "atk": 31, "def": 31, "spa": 31, "spd": 31, "spe": 31}, "item": "Life Orb", "teraType": "Ghost", "role": "Fast Bulky Setup", "bvs": {"hp": 55, "atk": 90, "def": 80, "spa": 50, "spd": 105, "spe": 96}, "stats": {"hp": 216, "atk": 188, "def": 172, "spa": 125, "spd": 211, "spe": 197}, "types": ["Ghost", "Fairy"]}, "Weavile": {"name": "Weavile", "species": "Weavile", "speciesId": "weavile", "gender": "M", "shiny": false, "level": 79, "moves": ["swordsdance", "tripleaxel", "lowkick", "knockoff"], "ability": "Pickpocket", "evs": {"hp": 85, "atk": 85, "def": 85, "spa": 85, "spd": 85, "spe": 85}, "ivs": {"hp": 31, "atk": 31, "def": 31, "spa": 31, "spd": 31, "spe": 31}, "item": "Heavy-Duty Boots", "teraType": "Fighting", "role": "Fast Attacker", "bvs": {"hp": 70, "atk": 120, "def": 65, "spa": 45, "spd": 85, "spe": 125}, "stats": {"hp": 240, "atk": 235, "def": 148, "spa": 117, "spd": 180, "spe": 243}, "types": ["Dark", "Ice"]}}, {"Emboar": {"name": "Emboar", "species": "Emboar", "speciesId": "emboar", "gender": "F", "shiny": false, "level": 84, "moves": ["flareblitz", "headsmash", "wildcharge", "closecombat"], "ability": "Reckless", "evs": {"hp": 85, "atk": 85, "def": 85, "spa": 85, "spd": 85, "spe": 85}, "ivs": {"hp": 31, "atk": 31, "def": 31, "spa": 31, "spd": 31, "spe": 31}, "item": "Choice Band", "teraType": "Fire", "role": "Fast Attacker", "bvs": {"hp": 110, "atk": 123, "def": 65, "spa": 100, "spd": 65, "spe": 65}, "stats": {"hp": 322, "atk": 255, "def": 157, "spa": 216, "spd": 157, "spe": 157}, "types": ["Fire", "Fighting"]}, "Dugtrio": {"name": "Dugtrio", "species": "Dugtrio-Alola", "speciesId": "dugtrioalola", "gender": "F", "shiny": false, "level": 84, "moves": ["stoneedge", "swordsdance", "ironhead", "earthquake"], "ability": "Tangling Hair", "evs": {"hp": 85, "atk": 85, "def": 85, "spa": 85, "spd": 85, "spe": 85}, "ivs": {"hp": 31, "atk": 31, "def": 31, "spa": 31, "spd": 31, "spe": 31}, "item": "Life Orb", "teraType": "Ground", "role": "Fast Attacker", "bvs": {"hp": 35, "atk": 100, "def": 60, "spa": 50, "spd": 70, "spe": 110}, "stats": {"hp": 196, "atk": 216, "def": 149, "spa": 132, "spd": 166, "spe": 233}, "types": ["Ground", "Steel"]}, "Jumpluff": {"name": "Jumpluff", "species": "Jumpluff", "speciesId": "jumpluff", "gender": "M", "shiny": false, "level": 87, "moves": ["leechseed", "substitute", "acrobatics", "strengthsap"], "ability": "Infiltrator", "evs": {"hp": 81, "atk": 85, "def": 85, "spa": 85, "spd": 85, "spe": 85}, "ivs": {"hp": 31, "atk": 31, "def": 31, "spa": 31, "spd": 31, "spe": 31}, "item": "", "teraType": "Steel", "role": "Bulky Support", "bvs": {"hp": 75, "atk": 55, "def": 70, "spa": 55, "spd": 95, "spe": 110}, "stats": {"hp": 271, "atk": 145, "def": 172, "spa": 145, "spd": 215, "spe": 241}, "types": ["Grass", "Flying"]}, "Houndoom": {"name": "Houndoom", "species": "Houndoom", "speciesId": "houndoom", "gender": "F", "shiny": false, "level": 87, "moves": ["darkpulse", "nastyplot", "sludgebomb", "fireblast"], "ability": "Flash Fire", "evs": {"hp": 85, "atk": 0, "def": 85, "spa": 85, "spd": 85, "spe": 85}, "ivs": {"hp": 31, "atk": 0, "def": 31, "spa": 31, "spd": 31, "spe": 31}, "item": "Heavy-Duty Boots", "teraType": "Dark", "role": "Fast Attacker", "bvs": {"hp": 75, "atk": 90, "def": 50, "spa": 110, "spd": 80, "spe": 95}, "stats": {"hp": 272, "atk": 161, "def": 137, "spa": 241, "spd": 189, "spe": 215}, "types": ["Dark", "Fire"]}, "Lapras": {"name": "Lapras", "species": "Lapras", "speciesId": "lapras", "gender": "F", "shiny": false, "level": 87, "moves": ["freezedry", "sleeptalk", "rest", "sparklingaria"], "ability": "Water Absorb", "evs": {"hp": 85, "atk": 0, "def": 85, "spa": 85, "spd": 85, "spe": 85}, "ivs": {"hp": 31, "atk": 0, "def": 31, "spa": 31, "spd": 31, "spe": 31}, "item": "Heavy-Duty Boots", "teraType": "Poison", "role": "Bulky Attacker", "bvs": {"hp": 130, "atk": 85, "def": 80, "spa": 85, "spd": 95, "spe": 60}, "stats": {"hp": 368, "atk": 152, "def": 189, "spa": 198, "spd": 215, "spe": 154}, "types": ["Water", "Ice"]}, "Passimian": {"name": "Passimian", "species": "Passimian", "speciesId": "passimian", "gender": "M", "shiny": false, "level": 83, "moves": ["knockoff", "gunkshot", "closecombat", "earthquake"], "ability": "Defiant", "evs": {"hp": 85, "atk": 85, "def": 85, "spa": 85, "spd": 85, "spe": 85}, "ivs": {"hp": 31, "atk": 31, "def": 31, "spa": 31, "spd": 31, "spe": 31}, "item": "Choice Band", "teraType": "Poison", "role": "Fast Attacker", "bvs": {"hp": 100, "atk": 120, "def": 90, "spa": 40, "spd": 60, "spe": 80}, "stats": {"hp": 302, "atk": 247, "def": 197, "spa": 114, "spd": 147, "spe": 180}, "types": ["Fighting"]}}]}