{"id": "gen9randombattle-2641453132", "format": "[Gen 9] Random Battle", "players": ["giogiovannio", "laundry bias"], "log": "|j|\u2606giogiovannio\n|j|\u2606laundry bias\n|t:|1782787061\n|gametype|singles\n|player|p1|giogiovannio|170|2112\n|player|p2|laundry bias|101|2076\n|gen|9\n|tier|[Gen 9] Random Battle\n|rated|\n|rule|Species Clause: Limit one of each Pok\u00e9mon\n|rule|HP Percentage Mod: HP is shown in percentages\n|rule|Sleep Clause Mod: Limit one foe put to sleep\n|rule|Illusion Level Mod: Illusion disguises the Pok\u00e9mon's true level\n|\n|t:|1782787061\n|teamsize|p1|6\n|teamsize|p2|6\n|start\n|switch|p1a: Magnezone|Magnezone, L85|258/258\n|switch|p2a: Necrozma|Necrozma, L80|286/286\n|turn|1\n|\n|t:|1782787069\n|move|p1a: Magnezone|Volt Switch|p2a: Necrozma\n|-damage|p2a: Necrozma|180/286\n|inactive|Battle timer is ON: inactive players will automatically lose when time's up. (requested by laundry bias)\n|\n|t:|1782787081\n|switch|p1a: Leavanny|Leavanny, L86, F|269/269|[from] Volt Switch\n|move|p2a: Necrozma|Earth Power|p1a: Leavanny\n|-resisted|p1a: Leavanny\n|-damage|p1a: Leavanny|250/269\n|\n|-heal|p2a: Necrozma|197/286|[from] item: Leftovers\n|upkeep\n|turn|2\n|\n|t:|1782787091\n|switch|p2a: Swalot|Swalot, L90, M|326/326\n|move|p1a: Leavanny|Sticky Web|p2a: Swalot\n|-sidestart|p2: laundry bias|move: Sticky Web\n|\n|upkeep\n|turn|3\n|\n|t:|1782787097\n|switch|p1a: Toucannon|Toucannon, L88, M|284/284\n|move|p2a: Swalot|Toxic Spikes|p1a: Toucannon\n|-sidestart|p1: giogiovannio|move: Toxic Spikes\n|\n|upkeep\n|turn|4\n|\n|t:|1782787111\n|-singleturn|p1a: Toucannon|move: Beak Blast\n|move|p2a: Swalot|Sludge Bomb|p1a: Toucannon\n|-damage|p1a: Toucannon|191/284\n|move|p1a: Toucannon|Beak Blast|p2a: Swalot\n|-damage|p2a: Swalot|202/326\n|\n|-heal|p2a: Swalot|222/326|[from] item: Leftovers\n|upkeep\n|turn|5\n|\n|t:|1782787119\n|move|p1a: Toucannon|Boomburst|p2a: Swalot\n|-damage|p2a: Swalot|102/326\n|move|p2a: Swalot|Sludge Bomb|p1a: Toucannon\n|-damage|p1a: Toucannon|97/284\n|-status|p1a: Toucannon|psn\n|\n|-heal|p2a: Swalot|122/326|[from] item: Leftovers\n|-damage|p1a: Toucannon|62/284 psn|[from] psn\n|upkeep\n|turn|6\n|inactive|giogiovannio has 120 seconds left.\n|\n|t:|1782787152\n|switch|p2a: Sandslash|Sandslash-Alola, L88, M|275/275\n|-activate|p2a: Sandslash|move: Sticky Web\n|-unboost|p2a: Sandslash|spe|1\n|move|p1a: Toucannon|Boomburst|p2a: Sandslash\n|-resisted|p2a: Sandslash\n|-damage|p2a: Sandslash|224/275\n|\n|-damage|p1a: Toucannon|27/284 psn|[from] psn\n|upkeep\n|turn|7\n|inactive|giogiovannio has 120 seconds left.\n|\n|t:|1782787168\n|switch|p1a: Magnezone|Magnezone, L85|258/258\n|switch|p2a: Swalot|Swalot, L90, M|122/326\n|-activate|p2a: Swalot|move: Sticky Web\n|-unboost|p2a: Swalot|spe|1\n|\n|-heal|p2a: Swalot|142/326|[from] item: Leftovers\n|upkeep\n|turn|8\n|\n|t:|1782787171\n|switch|p2a: Whiscash|Whiscash, L88, M|337/337\n|-activate|p2a: Whiscash|move: Sticky Web\n|-unboost|p2a: Whiscash|spe|1\n|move|p1a: Magnezone|Volt Switch|p2a: Whiscash\n|-immune|p2a: Whiscash\n|\n|upkeep\n|turn|9\n|\n|t:|1782787178\n|switch|p1a: Leavanny|Leavanny, L86, F|250/269\n|-status|p1a: Leavanny|psn\n|switch|p2a: Sandslash|Sandslash-Alola, L88, M|224/275\n|-activate|p2a: Sandslash|move: Sticky Web\n|-unboost|p2a: Sandslash|spe|1\n|\n|-damage|p1a: Leavanny|217/269 psn|[from] psn\n|upkeep\n|turn|10\n|\n|t:|1782787187\n|switch|p1a: Toucannon|Toucannon, L88, M|27/284 psn\n|move|p2a: Sandslash|Rapid Spin|p1a: Toucannon\n|-damage|p1a: Toucannon|0 fnt\n|-boost|p2a: Sandslash|spe|1\n|-sideend|p2: laundry bias|Sticky Web|[from] move: Rapid Spin|[of] p2a: Sandslash\n|faint|p1a: Toucannon\n|\n|upkeep\n|\n|t:|1782787190\n|switch|p1a: Hitmonlee|Hitmonlee, L85, M|223/223\n|-status|p1a: Hitmonlee|psn\n|turn|11\n|\n|t:|1782787205\n|switch|p2a: Illumise|Illumise, L91, F|266/266\n|move|p1a: Hitmonlee|High Jump Kick|p2a: Illumise\n|-resisted|p2a: Illumise\n|-damage|p2a: Illumise|119/266\n|\n|-damage|p1a: Hitmonlee|196/223 psn|[from] psn\n|upkeep\n|turn|12\n|inactive|laundry bias has 120 seconds left.\n|\n|t:|1782787241\n|switch|p1a: Magnezone|Magnezone, L85|258/258\n|move|p2a: Illumise|Roost|p2a: Illumise\n|-heal|p2a: Illumise|252/266\n|-singleturn|p2a: Illumise|move: Roost\n|\n|upkeep\n|turn|13\n|inactive|giogiovannio has 120 seconds left.\n|inactive|giogiovannio has 90 seconds left.\n|\n|t:|1782787306\n|switch|p2a: Whiscash|Whiscash, L88, M|337/337\n|move|p1a: Magnezone|Volt Switch|p2a: Whiscash\n|-immune|p2a: Whiscash\n|\n|upkeep\n|turn|14\n|\n|t:|1782787316\n|switch|p1a: Leavanny|Leavanny, L86, F|217/269 psn\n|move|p2a: Whiscash|Dragon Dance|p2a: Whiscash\n|-boost|p2a: Whiscash|atk|1\n|-boost|p2a: Whiscash|spe|1\n|\n|-damage|p1a: Leavanny|184/269 psn|[from] psn\n|upkeep\n|turn|15\n|inactive|giogiovannio has 90 seconds left.\n|\n|t:|1782787347\n|move|p2a: Whiscash|Stone Edge|p1a: Leavanny\n|-supereffective|p1a: Leavanny\n|-damage|p1a: Leavanny|0 fnt\n|faint|p1a: Leavanny\n|-damage|p2a: Whiscash|304/337|[from] item: Life Orb\n|\n|upkeep\n|\n|t:|1782787352\n|switch|p1a: Grumpig|Grumpig, L92, M|297/297\n|-status|p1a: Grumpig|psn\n|turn|16\n|\n|t:|1782787359\n|move|p1a: Grumpig|Psyshock|p2a: Whiscash\n|-damage|p2a: Whiscash|192/337\n|move|p2a: Whiscash|Earthquake|p1a: Grumpig\n|-damage|p1a: Grumpig|63/297 psn\n|-damage|p2a: Whiscash|159/337|[from] item: Life Orb\n|\n|-damage|p1a: Grumpig|26/297 psn|[from] psn\n|upkeep\n|turn|17\n|inactive|giogiovannio has 90 seconds left.\n|\n|t:|1782787397\n|switch|p2a: Necrozma|Necrozma, L80|197/286\n|move|p1a: Grumpig|Psyshock|p2a: Necrozma\n|-resisted|p2a: Necrozma\n|-damage|p2a: Necrozma|150/286\n|\n|-heal|p2a: Necrozma|167/286|[from] item: Leftovers\n|-damage|p1a: Grumpig|0 fnt|[from] psn\n|faint|p1a: Grumpig\n|upkeep\n|\n|t:|1782787403\n|switch|p1a: Ogerpon|Ogerpon, L80, F|259/259\n|-status|p1a: Ogerpon|psn\n|turn|18\n|\n|t:|1782787412\n|switch|p2a: Illumise|Illumise, L91, F|252/266\n|-terastallize|p1a: Ogerpon|Grass\n|detailschange|p1a: Ogerpon|Ogerpon-Teal-Tera, L80, F, tera:Grass\n|-ability|p1a: Ogerpon|Embody Aspect (Teal)|boost\n|-boost|p1a: Ogerpon|spe|1\n|move|p1a: Ogerpon|Ivy Cudgel|p2a: Illumise\n|-resisted|p2a: Illumise\n|-damage|p2a: Illumise|141/266\n|\n|-damage|p1a: Ogerpon|227/259 psn|[from] psn\n|upkeep\n|turn|19\n|inactive|giogiovannio has 60 seconds left.\n|\n|t:|1782787458\n|move|p2a: Illumise|Roost|p2a: Illumise\n|-heal|p2a: Illumise|266/266\n|-singleturn|p2a: Illumise|move: Roost\n|move|p1a: Ogerpon|Ivy Cudgel|p2a: Illumise\n|-resisted|p2a: Illumise\n|-damage|p2a: Illumise|151/266\n|\n|-damage|p1a: Ogerpon|195/259 psn|[from] psn\n|upkeep\n|turn|20\n|\n|t:|1782787480\n|switch|p1a: Magnezone|Magnezone, L85|258/258\n|move|p2a: Illumise|Bug Buzz|p1a: Magnezone\n|-resisted|p1a: Magnezone\n|-damage|p1a: Magnezone|211/258\n|\n|upkeep\n|turn|21\n|inactive|giogiovannio has 30 seconds left.\n|inactive|giogiovannio has 20 seconds left.\n|inactive|giogiovannio has 15 seconds left.\n|\n|t:|1782787522\n|move|p2a: Illumise|Roost|p2a: Illumise\n|-heal|p2a: Illumise|266/266\n|-singleturn|p2a: Illumise|move: Roost\n|move|p1a: Magnezone|Flash Cannon|p2a: Illumise\n|-damage|p2a: Illumise|154/266\n|\n|upkeep\n|turn|22\n|inactive|giogiovannio has 25 seconds left this turn.\n|\n|t:|1782787530\n|switch|p2a: Pyroar|Pyroar, L88, M|295/295\n|-ability|p2a: Pyroar|Unnerve\n|move|p1a: Magnezone|Flash Cannon|p2a: Pyroar\n|-resisted|p2a: Pyroar\n|-damage|p2a: Pyroar|235/295\n|-unboost|p2a: Pyroar|spd|1\n|\n|upkeep\n|turn|23\n|\n|t:|1782787535\n|switch|p1a: Hitmonlee|Hitmonlee, L85, M|196/223 psn\n|move|p2a: Pyroar|Fire Blast|p1a: Hitmonlee\n|-damage|p1a: Hitmonlee|69/223 psn\n|\n|-damage|p1a: Hitmonlee|42/223 psn|[from] psn\n|upkeep\n|turn|24\n|\n|t:|1782787548\n|switch|p2a: Swalot|Swalot, L90, M|142/326\n|move|p1a: Hitmonlee|Mach Punch|p2a: Swalot\n|-resisted|p2a: Swalot\n|-damage|p2a: Swalot|106/326\n|\n|-heal|p2a: Swalot|126/326|[from] item: Leftovers\n|-damage|p1a: Hitmonlee|15/223 psn|[from] psn\n|upkeep\n|turn|25\n|\n|t:|1782787551\n|switch|p1a: Magnezone|Magnezone, L85|211/258\n|move|p2a: Swalot|Sludge Bomb|p1a: Magnezone\n|-immune|p1a: Magnezone\n|\n|-heal|p2a: Swalot|146/326|[from] item: Leftovers\n|upkeep\n|turn|26\n|inactive|laundry bias has 120 seconds left.\n|\n|t:|1782787586\n|move|p1a: Magnezone|Volt Switch|p2a: Swalot\n|-damage|p2a: Swalot|58/326\n|\n|t:|1782787597\n|switch|p1a: Hitmonlee|Hitmonlee, L85, M|15/223 psn|[from] Volt Switch\n|move|p2a: Swalot|Knock Off|p1a: Hitmonlee\n|-resisted|p1a: Hitmonlee\n|-damage|p1a: Hitmonlee|0 fnt\n|-enditem|p1a: Hitmonlee|Choice Band|[from] move: Knock Off|[of] p2a: Swalot\n|faint|p1a: Hitmonlee\n|\n|-heal|p2a: Swalot|78/326|[from] item: Leftovers\n|upkeep\n|\n|t:|1782787606\n|switch|p1a: Magnezone|Magnezone, L85|211/258\n|turn|27\n|\n|t:|1782787614\n|move|p1a: Magnezone|Flash Cannon|p2a: Swalot\n|-damage|p2a: Swalot|0 fnt\n|faint|p2a: Swalot\n|\n|upkeep\n|-message|giogiovannio forfeited.\n|\n|win|laundry bias\n", "inputlog": ">version f8ac14003a5f27e1bdc8d8c59608a773c1cb96e5\n>start {\"formatid\":\"gen9randombattle\",\"seed\":\"sodium,82b0fa6d53fa5565ef623f91d1e2dd02\",\"rated\":\"Rated battle\"}\n>player p1 {\"name\":\"giogiovannio\",\"avatar\":\"170\",\"rating\":2112,\"seed\":\"sodium,70b770f5438334c7124e15416eb7f7fc\"}\n>player p2 {\"name\":\"laundry bias\",\"avatar\":\"101\",\"rating\":2076,\"seed\":\"sodium,9245475e068a9d6ea8808aa2a79be06c\"}\n>p1 move voltswitch\n>p2 move earthpower\n>p1 switch 4\n>p1 move stickyweb\n>p2 switch 4\n>p1 switch 5\n>p2 move toxicspikes\n>p1 move beakblast\n>p2 move sludgebomb\n>p1 move boomburst\n>p2 move sludgebomb\n>p1 move boomburst\n>p2 switch 5\n>p1 switch 4\n>p2 switch 5\n>p1 move voltswitch\n>p2 switch 3\n>p1 switch 5\n>p2 switch 5\n>p1 switch 4\n>p2 move rapidspin\n>p1 switch 6\n>p1 move highjumpkick\n>p2 switch 6\n>p1 switch 5\n>p2 move roost\n>p1 move voltswitch\n>p2 switch 5\n>p1 switch 4\n>p2 move dragondance\n>p1 move bulletseed\n>p2 move stoneedge\n>p1 switch 3\n>p1 move psyshock\n>p2 move earthquake\n>p1 move psyshock\n>p2 switch 4\n>p1 switch 2\n>p1 move ivycudgel terastallize\n>p2 switch 5\n>p1 move ivycudgel\n>p2 move roost\n>p1 switch 4\n>p2 move bugbuzz\n>p1 move flashcannon\n>p2 move roost\n>p1 move flashcannon\n>p2 switch 2\n>p1 switch 5\n>p2 move fireblast\n>p1 move machpunch\n>p2 switch 3\n>p1 switch 5\n>p2 move sludgebomb\n>p1 move voltswitch\n>p2 move knockoff\n>p1 switch 5\n>p1 switch 5\n>p1 move flashcannon\n>p2 move knockoff\n>forcelose p1", "uploadtime": 1782787063, "views": 4, "formatid": "gen9randombattle", "rating": null, "private": 0, "password": null, "player_dets": [{"name": "giogiovannio", "avatar": "170", "rating": 2112, "seed": "sodium,70b770f5438334c7124e15416eb7f7fc"}, {"name": "laundry bias", "avatar": "101", "rating": 2076, "seed": "sodium,9245475e068a9d6ea8808aa2a79be06c"}], "teams_full": [{"Magnezone": {"name": "Magnezone", "species": "Magnezone", "speciesId": "magnezone", "gender": "N", "shiny": false, "level": 85, "moves": ["bodypress", "flashcannon", "thunderbolt", "voltswitch"], "ability": "Magnet Pull", "evs": {"hp": 85, "atk": 0, "def": 85, "spa": 85, "spd": 85, "spe": 85}, "ivs": {"hp": 31, "atk": 0, "def": 31, "spa": 31, "spd": 31, "spe": 31}, "item": "Choice Scarf", "teraType": "Flying", "role": "Fast Attacker", "bvs": {"hp": 70, "atk": 70, "def": 115, "spa": 130, "spd": 90, "spe": 60}, "stats": {"hp": 258, "atk": 124, "def": 244, "spa": 270, "spd": 202, "spe": 151}, "types": ["Electric", "Steel"]}, "Ogerpon": {"name": "Ogerpon", "species": "Ogerpon", "speciesId": "ogerpon", "gender": "F", "shiny": false, "level": 80, "moves": ["superpower", "ivycudgel", "knockoff", "uturn"], "ability": "Defiant", "evs": {"hp": 85, "atk": 85, "def": 85, "spa": 85, "spd": 85, "spe": 85}, "ivs": {"hp": 31, "atk": 31, "def": 31, "spa": 31, "spd": 31, "spe": 31}, "item": "Choice Band", "teraType": "Grass", "role": "Fast Support", "bvs": {"hp": 80, "atk": 120, "def": 84, "spa": 60, "spd": 96, "spe": 110}, "stats": {"hp": 259, "atk": 238, "def": 181, "spa": 142, "spd": 200, "spe": 222}, "types": ["Grass"]}, "Grumpig": {"name": "Grumpig", "species": "Grumpig", "speciesId": "grumpig", "gender": "M", "shiny": false, "level": 92, "moves": ["earthpower", "psyshock", "trick", "focusblast"], "ability": "Thick Fat", "evs": {"hp": 85, "atk": 0, "def": 85, "spa": 85, "spd": 85, "spe": 85}, "ivs": {"hp": 31, "atk": 0, "def": 31, "spa": 31, "spd": 31, "spe": 31}, "item": "Choice Scarf", "teraType": "Psychic", "role": "Bulky Attacker", "bvs": {"hp": 80, "atk": 45, "def": 65, "spa": 90, "spd": 110, "spe": 80}, "stats": {"hp": 297, "atk": 87, "def": 172, "spa": 218, "spd": 255, "spe": 200}, "types": ["Psychic"]}, "Leavanny": {"name": "Leavanny", "species": "Leavanny", "speciesId": "leavanny", "gender": "F", "shiny": false, "level": 86, "moves": ["tripleaxel", "stickyweb", "bulletseed", "knockoff"], "ability": "Chlorophyll", "evs": {"hp": 85, "atk": 85, "def": 85, "spa": 85, "spd": 85, "spe": 85}, "ivs": {"hp": 31, "atk": 31, "def": 31, "spa": 31, "spd": 31, "spe": 31}, "item": "Loaded Dice", "teraType": "Rock", "role": "Fast Attacker", "bvs": {"hp": 75, "atk": 103, "def": 80, "spa": 70, "spd": 80, "spe": 92}, "stats": {"hp": 269, "atk": 226, "def": 187, "spa": 170, "spd": 187, "spe": 207}, "types": ["Bug", "Grass"]}, "Toucannon": {"name": "Toucannon", "species": "Toucannon", "speciesId": "toucannon", "gender": "M", "shiny": false, "level": 88, "moves": ["roost", "knockoff", "boomburst", "beakblast"], "ability": "Keen Eye", "evs": {"hp": 85, "atk": 85, "def": 85, "spa": 85, "spd": 85, "spe": 85}, "ivs": {"hp": 31, "atk": 31, "def": 31, "spa": 31, "spd": 31, "spe": 31}, "item": "Heavy-Duty Boots", "teraType": "Steel", "role": "Bulky Support", "bvs": {"hp": 80, "atk": 120, "def": 75, "spa": 75, "spd": 75, "spe": 60}, "stats": {"hp": 284, "atk": 261, "def": 182, "spa": 182, "spd": 182, "spe": 156}, "types": ["Normal", "Flying"]}, "Hitmonlee": {"name": "Hitmonlee", "species": "Hitmonlee", "speciesId": "hitmonlee", "gender": "M", "shiny": false, "level": 85, "moves": ["knockoff", "machpunch", "highjumpkick", "stoneedge"], "ability": "Reckless", "evs": {"hp": 81, "atk": 85, "def": 85, "spa": 85, "spd": 85, "spe": 85}, "ivs": {"hp": 31, "atk": 31, "def": 31, "spa": 31, "spd": 31, "spe": 31}, "item": "Choice Band", "teraType": "Fighting", "role": "Fast Attacker", "bvs": {"hp": 50, "atk": 120, "def": 53, "spa": 35, "spd": 110, "spe": 87}, "stats": {"hp": 223, "atk": 253, "def": 139, "spa": 108, "spd": 236, "spe": 197}, "types": ["Fighting"]}}, {"Necrozma": {"name": "Necrozma", "species": "Necrozma", "speciesId": "necrozma", "gender": "N", "shiny": false, "level": 80, "moves": ["calmmind", "photongeyser", "earthpower", "moonlight"], "ability": "Prism Armor", "evs": {"hp": 85, "atk": 0, "def": 85, "spa": 85, "spd": 85, "spe": 85}, "ivs": {"hp": 31, "atk": 0, "def": 31, "spa": 31, "spd": 31, "spe": 31}, "item": "Leftovers", "teraType": "Ground", "role": "Bulky Setup", "bvs": {"hp": 97, "atk": 107, "def": 101, "spa": 127, "spd": 89, "spe": 79}, "stats": {"hp": 286, "atk": 176, "def": 208, "spa": 249, "spd": 189, "spe": 173}, "types": ["Psychic"]}, "Pyroar": {"name": "Pyroar", "species": "Pyroar", "speciesId": "pyroar", "gender": "M", "shiny": false, "level": 88, "moves": ["fireblast", "taunt", "hypervoice", "workup"], "ability": "Unnerve", "evs": {"hp": 85, "atk": 0, "def": 85, "spa": 85, "spd": 85, "spe": 85}, "ivs": {"hp": 31, "atk": 0, "def": 31, "spa": 31, "spd": 31, "spe": 31}, "item": "Heavy-Duty Boots", "teraType": "Fire", "role": "Fast Attacker", "bvs": {"hp": 86, "atk": 68, "def": 72, "spa": 109, "spd": 66, "spe": 106}, "stats": {"hp": 295, "atk": 124, "def": 177, "spa": 242, "spd": 166, "spe": 237}, "types": ["Fire", "Normal"]}, "Whiscash": {"name": "Whiscash", "species": "Whiscash", "speciesId": "whiscash", "gender": "M", "shiny": false, "level": 88, "moves": ["liquidation", "dragondance", "stoneedge", "earthquake"], "ability": "Oblivious", "evs": {"hp": 85, "atk": 85, "def": 85, "spa": 85, "spd": 85, "spe": 85}, "ivs": {"hp": 31, "atk": 31, "def": 31, "spa": 31, "spd": 31, "spe": 31}, "item": "Life Orb", "teraType": "Ground", "role": "Setup Sweeper", "bvs": {"hp": 110, "atk": 78, "def": 73, "spa": 76, "spd": 71, "spe": 60}, "stats": {"hp": 337, "atk": 188, "def": 179, "spa": 184, "spd": 175, "spe": 156}, "types": ["Water", "Ground"]}, "Swalot": {"name": "Swalot", "species": "Swalot", "speciesId": "swalot", "gender": "M", "shiny": false, "level": 90, "moves": ["toxicspikes", "encore", "sludgebomb", "knockoff"], "ability": "Liquid Ooze", "evs": {"hp": 85, "atk": 85, "def": 85, "spa": 85, "spd": 85, "spe": 85}, "ivs": {"hp": 31, "atk": 31, "def": 31, "spa": 31, "spd": 31, "spe": 31}, "item": "Leftovers", "teraType": "Dark", "role": "Bulky Attacker", "bvs": {"hp": 100, "atk": 73, "def": 83, "spa": 73, "spd": 83, "spe": 55}, "stats": {"hp": 326, "atk": 183, "def": 201, "spa": 183, "spd": 201, "spe": 150}, "types": ["Poison"]}, "Sandslash": {"name": "Sandslash", "species": "Sandslash-Alola", "speciesId": "sandslashalola", "gender": "M", "shiny": false, "level": 88, "moves": ["ironhead", "tripleaxel", "rapidspin", "knockoff"], "ability": "Slush Rush", "evs": {"hp": 85, "atk": 85, "def": 85, "spa": 85, "spd": 85, "spe": 85}, "ivs": {"hp": 31, "atk": 31, "def": 31, "spa": 31, "spd": 31, "spe": 31}, "item": "Assault Vest", "teraType": "Water", "role": "Bulky Support", "bvs": {"hp": 75, "atk": 100, "def": 120, "spa": 25, "spd": 65, "spe": 65}, "stats": {"hp": 275, "atk": 226, "def": 261, "spa": 94, "spd": 165, "spe": 165}, "types": ["Ice", "Steel"]}, "Illumise": {"name": "Illumise", "species": "Illumise", "speciesId": "illumise", "gender": "F", "shiny": false, "level": 91, "moves": ["roost", "encore", "bugbuzz", "thunderwave"], "ability": "Prankster", "evs": {"hp": 85, "atk": 0, "def": 85, "spa": 85, "spd": 85, "spe": 85}, "ivs": {"hp": 31, "atk": 0, "def": 31, "spa": 31, "spd": 31, "spe": 31}, "item": "Heavy-Duty Boots", "teraType": "Steel", "role": "Bulky Support", "bvs": {"hp": 65, "atk": 47, "def": 75, "spa": 73, "spd": 85, "spe": 85}, "stats": {"hp": 266, "atk": 90, "def": 188, "spa": 185, "spd": 207, "spe": 207}, "types": ["Bug"]}}]}