{"id": "gen9randombattle-2641474874", "format": "[Gen 9] Random Battle", "players": ["notmetbh102", "milkreo"], "log": "|badge|p2|silver|gen9randombattle|30-9\n|html|<div class=\"broadcast-red\"><strong>This battle is required to be public due to one or more player having a season medal.</strong><br />During the public phase, you can discuss the state of the ladder <a href=\"/seasondiscussion\">in a special chatroom.</a></div>\n|uhtml|medal-msg|<div class=\"broadcast-blue\">Curious what those medals under the avatar are? PS now has Ladder Seasons! For more information, check out the <a href=\"https://www.smogon.com/forums/threads/3740067/\">thread on Smogon.</a></div>\n|j|\u2606notmetbh102\n|j|\u2606milkreo\n|t:|1782790567\n|gametype|singles\n|player|p1|notmetbh102|2|2199\n|player|p2|milkreo|265|2415\n|gen|9\n|tier|[Gen 9] Random Battle\n|rated|\n|rule|Species Clause: Limit one of each Pok\u00e9mon\n|rule|HP Percentage Mod: HP is shown in percentages\n|rule|Sleep Clause Mod: Limit one foe put to sleep\n|rule|Illusion Level Mod: Illusion disguises the Pok\u00e9mon's true level\n|\n|t:|1782790567\n|teamsize|p1|6\n|teamsize|p2|6\n|start\n|switch|p1a: Ludicolo|Ludicolo, L90, F|290/290\n|switch|p2a: Chi-Yu|Chi-Yu, L77|211/211\n|-ability|p2a: Chi-Yu|Beads of Ruin\n|turn|1\n|inactive|Battle timer is ON: inactive players will automatically lose when time's up. (requested by notmetbh102)\n|c|\u2606notmetbh102|hf\n|\n|t:|1782790576\n|switch|p2a: Zarude|Zarude-Dada, L77|288/288\n|move|p1a: Ludicolo|Hydro Pump|p2a: Zarude\n|-resisted|p2a: Zarude\n|-damage|p2a: Zarude|192/288\n|\n|upkeep\n|turn|2\n|\n|t:|1782790582\n|switch|p1a: Porygon2|Porygon2, L81|270/270\n|-ability|p1a: Porygon2|Download|boost\n|-boost|p1a: Porygon2|spa|1\n|move|p2a: Zarude|U-turn|p1a: Porygon2\n|-damage|p1a: Porygon2|221/270\n|\n|t:|1782790598\n|switch|p2a: Hitmonchan|Hitmonchan, L87, M|229/229|[from] U-turn\n|\n|upkeep\n|turn|3\n|\n|t:|1782790600\n|move|p2a: Hitmonchan|Knock Off|p1a: Porygon2\n|-damage|p1a: Porygon2|167/270\n|-enditem|p1a: Porygon2|Eviolite|[from] move: Knock Off|[of] p2a: Hitmonchan\n|move|p1a: Porygon2|Recover|p1a: Porygon2\n|-heal|p1a: Porygon2|270/270\n|\n|upkeep\n|turn|4\n|\n|t:|1782790603\n|switch|p1a: Great Tusk|Great Tusk, L77|304/304\n|move|p2a: Hitmonchan|Drain Punch|p1a: Great Tusk\n|-damage|p1a: Great Tusk|220/304\n|\n|-heal|p1a: Great Tusk|239/304|[from] item: Leftovers\n|upkeep\n|turn|5\n|\n|t:|1782790613\n|move|p2a: Hitmonchan|Drain Punch|p1a: Great Tusk\n|-damage|p1a: Great Tusk|157/304\n|move|p1a: Great Tusk|Close Combat|p2a: Hitmonchan\n|-damage|p2a: Hitmonchan|79/229\n|-unboost|p1a: Great Tusk|def|1\n|-unboost|p1a: Great Tusk|spd|1\n|\n|-heal|p2a: Hitmonchan|93/229|[from] item: Leftovers\n|-heal|p1a: Great Tusk|176/304|[from] item: Leftovers\n|upkeep\n|turn|6\n|\n|t:|1782790617\n|move|p2a: Hitmonchan|Drain Punch|p1a: Great Tusk\n|-damage|p1a: Great Tusk|38/304\n|-heal|p2a: Hitmonchan|162/229|[from] drain|[of] p1a: Great Tusk\n|move|p1a: Great Tusk|Rapid Spin|p2a: Hitmonchan\n|-damage|p2a: Hitmonchan|122/229\n|-boost|p1a: Great Tusk|spe|1\n|\n|-heal|p1a: Great Tusk|57/304|[from] item: Leftovers\n|-heal|p2a: Hitmonchan|136/229|[from] item: Leftovers\n|upkeep\n|turn|7\n|\n|t:|1782790646\n|switch|p2a: Forretress|Forretress, L84, M|263/263\n|move|p1a: Great Tusk|Close Combat|p2a: Forretress\n|-damage|p2a: Forretress|175/263\n|-unboost|p1a: Great Tusk|def|1\n|-unboost|p1a: Great Tusk|spd|1\n|\n|-heal|p1a: Great Tusk|76/304|[from] item: Leftovers\n|-heal|p2a: Forretress|191/263|[from] item: Leftovers\n|upkeep\n|turn|8\n|\n|t:|1782790650\n|-end|p1a: Great Tusk|Protosynthesis|[silent]\n|switch|p1a: Gallade|Gallade, L80, M|240/240\n|move|p2a: Forretress|Iron Head|p1a: Gallade\n|-damage|p1a: Gallade|132/240\n|\n|-heal|p2a: Forretress|207/263|[from] item: Leftovers\n|upkeep\n|turn|9\n|\n|t:|1782790657\n|move|p1a: Gallade|Sacred Sword|p2a: Forretress\n|-damage|p2a: Forretress|54/263\n|move|p2a: Forretress|Spikes|p1a: Gallade\n|-sidestart|p1: notmetbh102|Spikes\n|\n|-heal|p2a: Forretress|70/263|[from] item: Leftovers\n|upkeep\n|turn|10\n|\n|t:|1782790661\n|move|p1a: Gallade|Sacred Sword|p2a: Forretress\n|-damage|p2a: Forretress|0 fnt\n|faint|p2a: Forretress\n|\n|upkeep\n|\n|t:|1782790676\n|switch|p2a: Chi-Yu|Chi-Yu, L77|211/211\n|-ability|p2a: Chi-Yu|Beads of Ruin\n|turn|11\n|\n|t:|1782790679\n|switch|p1a: Great Tusk|Great Tusk, L77|76/304\n|-damage|p1a: Great Tusk|38/304|[from] Spikes\n|move|p2a: Chi-Yu|Overheat|p1a: Great Tusk\n|-damage|p1a: Great Tusk|0 fnt\n|-unboost|p2a: Chi-Yu|spa|2\n|faint|p1a: Great Tusk\n|-end|p1a: Great Tusk|Protosynthesis|[silent]\n|\n|upkeep\n|\n|t:|1782790680\n|switch|p1a: Electivire|Electivire, L84, F|263/263\n|-damage|p1a: Electivire|231/263|[from] Spikes\n|turn|12\n|\n|t:|1782790690\n|switch|p2a: Donphan|Donphan, L84, F|288/288\n|move|p1a: Electivire|Earthquake|p2a: Donphan\n|-damage|p2a: Donphan|204/288\n|-damage|p1a: Electivire|205/263|[from] item: Life Orb\n|\n|-heal|p2a: Donphan|222/288|[from] item: Leftovers\n|upkeep\n|turn|13\n|\n|t:|1782790697\n|move|p1a: Electivire|Ice Punch|p2a: Donphan\n|-supereffective|p2a: Donphan\n|-damage|p2a: Donphan|84/288\n|-damage|p1a: Electivire|179/263|[from] item: Life Orb\n|move|p2a: Donphan|Stealth Rock|p1a: Electivire\n|-sidestart|p1: notmetbh102|move: Stealth Rock\n|\n|-heal|p2a: Donphan|102/288|[from] item: Leftovers\n|upkeep\n|turn|14\n|\n|t:|1782790702\n|move|p1a: Electivire|Ice Punch|p2a: Donphan\n|-supereffective|p2a: Donphan\n|-damage|p2a: Donphan|0 fnt\n|faint|p2a: Donphan\n|-damage|p1a: Electivire|153/263|[from] item: Life Orb\n|\n|upkeep\n|\n|t:|1782790708\n|switch|p2a: Chi-Yu|Chi-Yu, L77|211/211\n|-ability|p2a: Chi-Yu|Beads of Ruin\n|turn|15\n|inactive|milkreo has 120 seconds left.\n|\n|t:|1782790757\n|move|p2a: Chi-Yu|Overheat|p1a: Electivire\n|-damage|p1a: Electivire|0 fnt\n|-unboost|p2a: Chi-Yu|spa|2\n|faint|p1a: Electivire\n|\n|upkeep\n|\n|t:|1782790758\n|switch|p1a: Gallade|Gallade, L80, M|132/240\n|-damage|p1a: Gallade|102/240|[from] Spikes\n|-damage|p1a: Gallade|87/240|[from] Stealth Rock\n|turn|16\n|\n|t:|1782790787\n|switch|p2a: Zarude|Zarude-Dada, L77|192/288\n|move|p1a: Gallade|Sacred Sword|p2a: Zarude\n|-supereffective|p2a: Zarude\n|-damage|p2a: Zarude|0 fnt\n|faint|p2a: Zarude\n|\n|upkeep\n|\n|t:|1782790789\n|switch|p2a: Chi-Yu|Chi-Yu, L77|211/211\n|-ability|p2a: Chi-Yu|Beads of Ruin\n|turn|17\n|\n|t:|1782790793\n|move|p2a: Chi-Yu|Flamethrower|p1a: Gallade\n|-damage|p1a: Gallade|0 fnt\n|faint|p1a: Gallade\n|\n|upkeep\n|\n|t:|1782790793\n|switch|p1a: Ludicolo|Ludicolo, L90, F|290/290\n|-damage|p1a: Ludicolo|254/290|[from] Spikes\n|-damage|p1a: Ludicolo|218/290|[from] Stealth Rock\n|turn|18\n|inactive|milkreo has 120 seconds left.\n|\n|t:|1782790801\n|switch|p2a: Hitmonchan|Hitmonchan, L87, M|136/229\n|-terastallize|p1a: Ludicolo|Water\n|move|p1a: Ludicolo|Hydro Pump|p2a: Hitmonchan\n|-damage|p2a: Hitmonchan|0 fnt\n|faint|p2a: Hitmonchan\n|\n|upkeep\n|\n|t:|1782790804\n|switch|p2a: Sudowoodo|Sudowoodo, L94, F|284/284\n|turn|19\n|\n|t:|1782790808\n|-terastallize|p2a: Sudowoodo|Grass\n|move|p1a: Ludicolo|Hydro Pump|p2a: Sudowoodo\n|-resisted|p2a: Sudowoodo\n|-damage|p2a: Sudowoodo|144/284\n|move|p2a: Sudowoodo|Wood Hammer|p1a: Ludicolo\n|-supereffective|p1a: Ludicolo\n|-damage|p1a: Ludicolo|0 fnt\n|faint|p1a: Ludicolo\n|\n|upkeep\n|\n|t:|1782790808\n|switch|p1a: Porygon2|Porygon2, L81|270/270\n|-damage|p1a: Porygon2|237/270|[from] Spikes\n|-damage|p1a: Porygon2|204/270|[from] Stealth Rock\n|-ability|p1a: Porygon2|Download|boost\n|-boost|p1a: Porygon2|spa|1\n|turn|20\n|\n|t:|1782790820\n|switch|p2a: Chi-Yu|Chi-Yu, L77|211/211\n|-ability|p2a: Chi-Yu|Beads of Ruin\n|move|p1a: Porygon2|Ice Beam|p2a: Chi-Yu\n|-resisted|p2a: Chi-Yu\n|-damage|p2a: Chi-Yu|167/211\n|\n|upkeep\n|turn|21\n|\n|t:|1782790829\n|move|p2a: Chi-Yu|Flamethrower|p1a: Porygon2\n|-damage|p1a: Porygon2|74/270\n|move|p1a: Porygon2|Discharge|p2a: Chi-Yu\n|-damage|p2a: Chi-Yu|89/211\n|\n|upkeep\n|turn|22\n|\n|t:|1782790830\n|move|p2a: Chi-Yu|Flamethrower|p1a: Porygon2\n|-damage|p1a: Porygon2|0 fnt\n|faint|p1a: Porygon2\n|\n|upkeep\n|\n|t:|1782790831\n|switch|p1a: Archaludon|Archaludon, L78, M|268/268\n|-damage|p1a: Archaludon|235/268|[from] Spikes\n|-damage|p1a: Archaludon|219/268|[from] Stealth Rock\n|turn|23\n|\n|t:|1782790854\n|switch|p2a: Sudowoodo|Sudowoodo, L94, F, tera:Grass|144/284\n|move|p1a: Archaludon|Earthquake|p2a: Sudowoodo\n|-resisted|p2a: Sudowoodo\n|-damage|p2a: Sudowoodo|120/284\n|\n|upkeep\n|turn|24\n|\n|t:|1782790858\n|move|p1a: Archaludon|Iron Head|p2a: Sudowoodo\n|-damage|p2a: Sudowoodo|63/284\n|move|p2a: Sudowoodo|Earthquake|p1a: Archaludon\n|-supereffective|p1a: Archaludon\n|-damage|p1a: Archaludon|0 fnt\n|faint|p1a: Archaludon\n|\n|win|milkreo\n|raw|notmetbh102's rating: 2199 &rarr; <strong>2190</strong><br />(-9 for losing)\n|raw|milkreo's rating: 2415 &rarr; <strong>2424</strong><br />(+9 for winning)\n|c|\u2606notmetbh102|gg\n", "inputlog": ">version f8ac14003a5f27e1bdc8d8c59608a773c1cb96e5\n>start {\"formatid\":\"gen9randombattle\",\"seed\":\"sodium,0e008a8ea0084b8e7261d040e07aed12\",\"rated\":\"Rated battle\"}\n>player p1 {\"name\":\"notmetbh102\",\"avatar\":\"2\",\"rating\":2199,\"seed\":\"sodium,3bb02783edad2681229ea150ff59a102\"}\n>player p2 {\"name\":\"milkreo\",\"avatar\":\"265\",\"rating\":2415,\"seed\":\"sodium,0073cafcf55b441f6eb89c8cd21ae8aa\"}\n>chat \u2606notmetbh102|hf\n>p1 move hydropump\n>p2 switch 5\n>p1 switch 4\n>p2 move uturn\n>p2 switch 6\n>p1 move recover\n>p2 move knockoff\n>p1 switch 6\n>p2 move drainpunch\n>p1 move closecombat\n>p2 move drainpunch\n>p1 move rapidspin\n>p2 move drainpunch\n>p1 move closecombat\n>p2 switch 4\n>p1 switch 5\n>p2 move ironhead\n>p1 move sacredsword\n>p2 move spikes\n>p1 move sacredsword\n>p2 move ironhead\n>p2 switch 5\n>p1 switch 5\n>p2 move overheat\n>p1 switch 2\n>p1 move earthquake\n>p2 switch 2\n>p1 move icepunch\n>p2 move stealthrock\n>p1 move icepunch\n>p2 move earthquake\n>p2 switch 2\n>p1 move icepunch\n>p2 move overheat\n>p1 switch 5\n>p1 move sacredsword\n>p2 switch 6\n>p2 switch 6\n>p1 move sacredsword\n>p2 move flamethrower\n>p1 switch 4\n>p1 move hydropump terastallize\n>p2 switch 4\n>p2 switch 3\n>p1 move hydropump\n>p2 move woodhammer terastallize\n>p1 switch 6\n>p1 move icebeam\n>p2 switch 4\n>p1 move discharge\n>p2 move flamethrower\n>p1 move recover\n>p2 move flamethrower\n>p1 switch 3\n>p1 move earthquake\n>p2 switch 4\n>p1 move ironhead\n>p2 move earthquake", "uploadtime": 1782790568, "views": 5, "formatid": "gen9randombattle", "rating": 2190, "private": 0, "password": null, "player_dets": [{"name": "notmetbh102", "avatar": "2", "rating": 2199, "seed": "sodium,3bb02783edad2681229ea150ff59a102"}, {"name": "milkreo", "avatar": "265", "rating": 2415, "seed": "sodium,0073cafcf55b441f6eb89c8cd21ae8aa"}], "teams_full": [{"Ludicolo": {"name": "Ludicolo", "species": "Ludicolo", "speciesId": "ludicolo", "gender": "F", "shiny": false, "level": 90, "moves": ["icebeam", "leafstorm", "gigadrain", "hydropump"], "ability": "Swift Swim", "evs": {"hp": 85, "atk": 0, "def": 85, "spa": 85, "spd": 85, "spe": 85}, "ivs": {"hp": 31, "atk": 0, "def": 31, "spa": 31, "spd": 31, "spe": 31}, "item": "Choice Specs", "teraType": "Water", "role": "Fast Attacker", "bvs": {"hp": 80, "atk": 70, "def": 70, "spa": 90, "spd": 100, "spe": 70}, "stats": {"hp": 290, "atk": 131, "def": 177, "spa": 213, "spd": 231, "spe": 177}, "types": ["Water", "Grass"]}, "Electivire": {"name": "Electivire", "species": "Electivire", "speciesId": "electivire", "gender": "F", "shiny": false, "level": 84, "moves": ["earthquake", "icepunch", "bulkup", "supercellslam"], "ability": "Motor Drive", "evs": {"hp": 85, "atk": 85, "def": 85, "spa": 85, "spd": 85, "spe": 85}, "ivs": {"hp": 31, "atk": 31, "def": 31, "spa": 31, "spd": 31, "spe": 31}, "item": "Life Orb", "teraType": "Flying", "role": "Setup Sweeper", "bvs": {"hp": 75, "atk": 123, "def": 67, "spa": 95, "spd": 85, "spe": 95}, "stats": {"hp": 263, "atk": 255, "def": 161, "spa": 208, "spd": 191, "spe": 208}, "types": ["Electric"]}, "Archaludon": {"name": "Archaludon", "species": "Archaludon", "speciesId": "archaludon", "gender": "M", "shiny": false, "level": 78, "moves": ["ironhead", "outrage", "earthquake", "swordsdance"], "ability": "Stamina", "evs": {"hp": 85, "atk": 85, "def": 85, "spa": 85, "spd": 85, "spe": 85}, "ivs": {"hp": 31, "atk": 31, "def": 31, "spa": 31, "spd": 31, "spe": 31}, "item": "Lum Berry", "teraType": "Ground", "role": "Bulky Setup", "bvs": {"hp": 90, "atk": 105, "def": 130, "spa": 125, "spd": 65, "spe": 85}, "stats": {"hp": 268, "atk": 209, "def": 248, "spa": 240, "spd": 146, "spe": 178}, "types": ["Steel", "Dragon"]}, "Porygon2": {"name": "Porygon2", "species": "Porygon2", "speciesId": "porygon2", "gender": "N", "shiny": false, "level": 81, "moves": ["recover", "triattack", "discharge", "icebeam"], "ability": "Download", "evs": {"hp": 85, "atk": 0, "def": 85, "spa": 85, "spd": 85, "spe": 85}, "ivs": {"hp": 31, "atk": 0, "def": 31, "spa": 31, "spd": 31, "spe": 31}, "item": "Eviolite", "teraType": "Electric", "role": "Bulky Support", "bvs": {"hp": 85, "atk": 80, "def": 90, "spa": 105, "spd": 95, "spe": 60}, "stats": {"hp": 270, "atk": 134, "def": 192, "spa": 217, "spd": 201, "spe": 144}, "types": ["Normal"]}, "Gallade": {"name": "Gallade", "species": "Gallade", "speciesId": "gallade", "gender": "M", "shiny": false, "level": 80, "moves": ["leafblade", "psychocut", "nightslash", "sacredsword"], "ability": "Sharpness", "evs": {"hp": 85, "atk": 85, "def": 85, "spa": 85, "spd": 85, "spe": 85}, "ivs": {"hp": 31, "atk": 31, "def": 31, "spa": 31, "spd": 31, "spe": 31}, "item": "Choice Band", "teraType": "Fighting", "role": "Fast Attacker", "bvs": {"hp": 68, "atk": 125, "def": 65, "spa": 65, "spd": 115, "spe": 80}, "stats": {"hp": 240, "atk": 246, "def": 150, "spa": 150, "spd": 230, "spe": 174}, "types": ["Psychic", "Fighting"]}, "Great Tusk": {"name": "Great Tusk", "species": "Great Tusk", "speciesId": "greattusk", "gender": "N", "shiny": false, "level": 77, "moves": ["rapidspin", "stealthrock", "headlongrush", "closecombat"], "ability": "Protosynthesis", "evs": {"hp": 85, "atk": 85, "def": 85, "spa": 85, "spd": 85, "spe": 85}, "ivs": {"hp": 31, "atk": 31, "def": 31, "spa": 31, "spd": 31, "spe": 31}, "item": "Leftovers", "teraType": "Steel", "role": "Bulky Support", "bvs": {"hp": 115, "atk": 131, "def": 131, "spa": 53, "spd": 53, "spe": 87}, "stats": {"hp": 304, "atk": 246, "def": 246, "spa": 126, "spd": 126, "spe": 179}, "types": ["Ground", "Fighting"]}}, {"Chi-Yu": {"name": "Chi-Yu", "species": "Chi-Yu", "speciesId": "chiyu", "gender": "N", "shiny": false, "level": 77, "moves": ["flamethrower", "psychic", "darkpulse", "overheat"], "ability": "Beads of Ruin", "evs": {"hp": 85, "atk": 0, "def": 85, "spa": 85, "spd": 85, "spe": 85}, "ivs": {"hp": 31, "atk": 0, "def": 31, "spa": 31, "spd": 31, "spe": 31}, "item": "Choice Scarf", "teraType": "Fire", "role": "Fast Attacker", "bvs": {"hp": 55, "atk": 80, "def": 80, "spa": 135, "spd": 120, "spe": 100}, "stats": {"hp": 211, "atk": 128, "def": 168, "spa": 252, "spd": 229, "spe": 199}, "types": ["Dark", "Fire"]}, "Donphan": {"name": "Donphan", "species": "Donphan", "speciesId": "donphan", "gender": "F", "shiny": false, "level": 84, "moves": ["earthquake", "icespinner", "stealthrock", "rapidspin"], "ability": "Sturdy", "evs": {"hp": 85, "atk": 85, "def": 85, "spa": 85, "spd": 85, "spe": 85}, "ivs": {"hp": 31, "atk": 31, "def": 31, "spa": 31, "spd": 31, "spe": 31}, "item": "Leftovers", "teraType": "Steel", "role": "Bulky Support", "bvs": {"hp": 90, "atk": 120, "def": 120, "spa": 60, "spd": 60, "spe": 50}, "stats": {"hp": 288, "atk": 250, "def": 250, "spa": 149, "spd": 149, "spe": 132}, "types": ["Ground"]}, "Sudowoodo": {"name": "Sudowoodo", "species": "Sudowoodo", "speciesId": "sudowoodo", "gender": "F", "shiny": false, "level": 94, "moves": ["suckerpunch", "earthquake", "woodhammer", "headsmash"], "ability": "Rock Head", "evs": {"hp": 85, "atk": 85, "def": 85, "spa": 85, "spd": 85, "spe": 85}, "ivs": {"hp": 31, "atk": 31, "def": 31, "spa": 31, "spd": 31, "spe": 31}, "item": "Choice Band", "teraType": "Grass", "role": "Bulky Attacker", "bvs": {"hp": 70, "atk": 100, "def": 115, "spa": 30, "spd": 65, "spe": 30}, "stats": {"hp": 284, "atk": 241, "def": 270, "spa": 110, "spd": 176, "spe": 110}, "types": ["Rock"]}, "Forretress": {"name": "Forretress", "species": "Forretress", "speciesId": "forretress", "gender": "M", "shiny": false, "level": 84, "moves": ["bodypress", "ironhead", "rapidspin", "spikes"], "ability": "Sturdy", "evs": {"hp": 85, "atk": 85, "def": 85, "spa": 85, "spd": 85, "spe": 85}, "ivs": {"hp": 31, "atk": 31, "def": 31, "spa": 31, "spd": 31, "spe": 31}, "item": "Leftovers", "teraType": "Fighting", "role": "Bulky Attacker", "bvs": {"hp": 75, "atk": 90, "def": 140, "spa": 60, "spd": 60, "spe": 40}, "stats": {"hp": 263, "atk": 199, "def": 283, "spa": 149, "spd": 149, "spe": 115}, "types": ["Bug", "Steel"]}, "Zarude": {"name": "Zarude", "species": "Zarude-Dada", "speciesId": "zarude", "gender": "N", "shiny": false, "level": 77, "moves": ["closecombat", "uturn", "powerwhip", "knockoff"], "ability": "Leaf Guard", "evs": {"hp": 85, "atk": 85, "def": 85, "spa": 85, "spd": 85, "spe": 85}, "ivs": {"hp": 31, "atk": 31, "def": 31, "spa": 31, "spd": 31, "spe": 31}, "item": "Choice Band", "teraType": "Fighting", "role": "Fast Attacker", "bvs": {"hp": 105, "atk": 120, "def": 105, "spa": 70, "spd": 95, "spe": 105}, "stats": {"hp": 288, "atk": 229, "def": 206, "spa": 152, "spd": 191, "spe": 206}, "types": ["Dark", "Grass"]}, "Hitmonchan": {"name": "Hitmonchan", "species": "Hitmonchan", "speciesId": "hitmonchan", "gender": "M", "shiny": false, "level": 87, "moves": ["drainpunch", "poisonjab", "encore", "knockoff"], "ability": "Iron Fist", "evs": {"hp": 85, "atk": 85, "def": 85, "spa": 85, "spd": 85, "spe": 85}, "ivs": {"hp": 31, "atk": 31, "def": 31, "spa": 31, "spd": 31, "spe": 31}, "item": "Leftovers", "teraType": "Steel", "role": "Bulky Support", "bvs": {"hp": 50, "atk": 105, "def": 79, "spa": 35, "spd": 110, "spe": 76}, "stats": {"hp": 229, "atk": 232, "def": 187, "spa": 111, "spd": 241, "spe": 182}, "types": ["Fighting"]}}]}