{"id": "gen9randombattle-2641655679", "format": "[Gen 9] Random Battle", "players": ["Alisuzinho", "Andras14"], "log": "|j|\u203dAlisuzinho\n|j|\u2606Andras14\n|t:|1782825676\n|gametype|singles\n|player|p1|Alisuzinho|skier|1354\n|player|p2|Andras14|harlequin|1386\n|gen|9\n|tier|[Gen 9] Random Battle\n|rated|\n|rule|Species Clause: Limit one of each Pok\u00e9mon\n|rule|HP Percentage Mod: HP is shown in percentages\n|rule|Sleep Clause Mod: Limit one foe put to sleep\n|rule|Illusion Level Mod: Illusion disguises the Pok\u00e9mon's true level\n|\n|t:|1782825676\n|teamsize|p1|6\n|teamsize|p2|6\n|start\n|switch|p1a: Ho-Oh|Ho-Oh, L71|268/268\n|switch|p2a: Keldeo|Keldeo-Resolute, L79|273/273\n|turn|1\n|inactive|Battle timer is ON: inactive players will automatically lose when time's up. (requested by Andras14)\n|\n|t:|1782825709\n|move|p2a: Keldeo|Substitute|p2a: Keldeo\n|-start|p2a: Keldeo|Substitute\n|-damage|p2a: Keldeo|205/273\n|move|p1a: Ho-Oh|Brave Bird|p2a: Keldeo\n|-supereffective|p2a: Keldeo\n|-end|p2a: Keldeo|Substitute\n|-damage|p1a: Ho-Oh|246/268|[from] Recoil|[of] p2a: Keldeo\n|\n|-heal|p2a: Keldeo|222/273|[from] item: Leftovers\n|upkeep\n|turn|2\n|\n|t:|1782825719\n|move|p2a: Keldeo|Hydro Pump|p1a: Ho-Oh\n|-supereffective|p1a: Ho-Oh\n|-damage|p1a: Ho-Oh|52/268\n|move|p1a: Ho-Oh|Brave Bird|p2a: Keldeo\n|-supereffective|p2a: Keldeo\n|-damage|p2a: Keldeo|0 fnt\n|faint|p2a: Keldeo\n|-damage|p1a: Ho-Oh|0 fnt|[from] Recoil\n|faint|p1a: Ho-Oh\n|\n|upkeep\n|\n|t:|1782825733\n|switch|p2a: Yanmega|Yanmega, L82, M|275/275\n|switch|p1a: Slither Wing|Slither Wing, L81|270/270\n|turn|3\n|\n|t:|1782825742\n|move|p2a: Yanmega|Air Slash|p1a: Slither Wing\n|-supereffective|p1a: Slither Wing\n|-damage|p1a: Slither Wing|0 fnt\n|faint|p1a: Slither Wing\n|-end|p1a: Slither Wing|Protosynthesis|[silent]\n|\n|upkeep\n|\n|t:|1782825753\n|switch|p1a: Hippowdon|Hippowdon, L82, F|311/311\n|-weather|Sandstorm|[from] ability: Sand Stream|[of] p1a: Hippowdon\n|turn|4\n|\n|t:|1782825761\n|move|p2a: Yanmega|Air Slash|p1a: Hippowdon\n|-damage|p1a: Hippowdon|164/311\n|cant|p1a: Hippowdon|flinch\n|\n|-weather|Sandstorm|[upkeep]\n|-damage|p2a: Yanmega|258/275|[from] Sandstorm\n|-heal|p1a: Hippowdon|183/311|[from] item: Leftovers\n|upkeep\n|turn|5\n|\n|t:|1782825769\n|move|p2a: Yanmega|Air Slash|p1a: Hippowdon\n|-damage|p1a: Hippowdon|38/311\n|move|p1a: Hippowdon|Stone Edge|p2a: Yanmega\n|-supereffective|p2a: Yanmega\n|-damage|p2a: Yanmega|0 fnt\n|faint|p2a: Yanmega\n|\n|-weather|Sandstorm|[upkeep]\n|-heal|p1a: Hippowdon|57/311|[from] item: Leftovers\n|upkeep\n|\n|t:|1782825784\n|switch|p2a: Plusle|Plusle, L95, F|268/268\n|turn|6\n|\n|t:|1782825789\n|move|p2a: Plusle|Grass Knot|p1a: Hippowdon\n|-supereffective|p1a: Hippowdon\n|-damage|p1a: Hippowdon|0 fnt\n|faint|p1a: Hippowdon\n|-damage|p2a: Plusle|242/268|[from] item: Life Orb\n|\n|-weather|Sandstorm|[upkeep]\n|-damage|p2a: Plusle|226/268|[from] Sandstorm\n|upkeep\n|\n|t:|1782825794\n|switch|p1a: Golurk|Golurk, L87|297/297\n|turn|7\n|\n|t:|1782825806\n|-terastallize|p2a: Plusle|Fairy\n|move|p2a: Plusle|Grass Knot|p1a: Golurk\n|-supereffective|p1a: Golurk\n|-damage|p1a: Golurk|45/297\n|-damage|p2a: Plusle|200/268|[from] item: Life Orb\n|move|p1a: Golurk|Earthquake|p2a: Plusle\n|-damage|p2a: Plusle|0 fnt\n|faint|p2a: Plusle\n|\n|-weather|Sandstorm|[upkeep]\n|upkeep\n|\n|t:|1782825824\n|switch|p2a: Chandelure|Chandelure, L83, M|235/235\n|turn|8\n|\n|t:|1782825827\n|move|p2a: Chandelure|Shadow Ball|p1a: Golurk\n|-supereffective|p1a: Golurk\n|-damage|p1a: Golurk|0 fnt\n|faint|p1a: Golurk\n|\n|-weather|none\n|upkeep\n|\n|t:|1782825836\n|switch|p1a: Honchkrow|Honchkrow, L86, F|312/312\n|turn|9\n|\n|t:|1782825844\n|switch|p2a: Bastiodon|Bastiodon, L89, M|252/252\n|move|p1a: Honchkrow|Lash Out|p2a: Bastiodon\n|-damage|p2a: Bastiodon|192/252\n|\n|upkeep\n|turn|10\n|\n|t:|1782825852\n|switch|p1a: Hitmontop|Hitmontop, L88, M|231/231\n|-ability|p1a: Hitmontop|Intimidate|boost\n|-unboost|p2a: Bastiodon|atk|1\n|move|p2a: Bastiodon|Iron Defense|p2a: Bastiodon\n|-boost|p2a: Bastiodon|def|2\n|\n|upkeep\n|turn|11\n|\n|t:|1782825861\n|move|p1a: Hitmontop|Close Combat|p2a: Bastiodon\n|-supereffective|p2a: Bastiodon\n|-damage|p2a: Bastiodon|44/252\n|-unboost|p1a: Hitmontop|def|1\n|-unboost|p1a: Hitmontop|spd|1\n|move|p2a: Bastiodon|Body Press|p1a: Hitmontop\n|-damage|p1a: Hitmontop|0 fnt\n|faint|p1a: Hitmontop\n|\n|upkeep\n|\n|t:|1782825871\n|switch|p1a: Honchkrow|Honchkrow, L86, F|312/312\n|turn|12\n|\n|t:|1782825876\n|switch|p2a: Ursaluna|Ursaluna-Bloodmoon, L79, M|308/308\n|-terastallize|p1a: Honchkrow|Dark\n|move|p1a: Honchkrow|Lash Out|p2a: Ursaluna\n|-damage|p2a: Ursaluna|192/308\n|\n|-heal|p2a: Ursaluna|211/308|[from] item: Leftovers\n|upkeep\n|turn|13\n|\n|t:|1782825888\n|move|p1a: Honchkrow|Lash Out|p2a: Ursaluna\n|-damage|p2a: Ursaluna|97/308\n|move|p2a: Ursaluna|Blood Moon|p1a: Honchkrow\n|-damage|p1a: Honchkrow|86/312\n|\n|-heal|p2a: Ursaluna|116/308|[from] item: Leftovers\n|upkeep\n|turn|14\n|\n|t:|1782825898\n|move|p1a: Honchkrow|Lash Out|p2a: Ursaluna\n|-damage|p2a: Ursaluna|0 fnt\n|faint|p2a: Ursaluna\n|-ability|p1a: Honchkrow|Moxie|boost\n|-boost|p1a: Honchkrow|atk|1\n|\n|upkeep\n|\n|t:|1782825905\n|switch|p2a: Chandelure|Chandelure, L83, M|235/235\n|turn|15\n|\n|t:|1782825910\n|move|p1a: Honchkrow|Sucker Punch|p2a: Chandelure\n|-supereffective|p2a: Chandelure\n|-damage|p2a: Chandelure|0 fnt\n|faint|p2a: Chandelure\n|-ability|p1a: Honchkrow|Moxie|boost\n|-boost|p1a: Honchkrow|atk|1\n|\n|upkeep\n|-message|Andras14 forfeited.\n|\n|win|Alisuzinho\n|raw|Alisuzinho's rating: 1354 &rarr; <strong>1376</strong><br />(+22 for winning)\n|raw|Andras14's rating: 1386 &rarr; <strong>1364</strong><br />(-22 for losing)\n|l|\u2606Andras14\n|player|p2|\n", "inputlog": ">version f8ac14003a5f27e1bdc8d8c59608a773c1cb96e5\n>start {\"formatid\":\"gen9randombattle\",\"seed\":\"sodium,acc805a68ab34ed3c1a1690ce2e4213a\",\"rated\":\"Rated battle\"}\n>player p1 {\"name\":\"Alisuzinho\",\"avatar\":\"skier\",\"rating\":1354,\"seed\":\"sodium,547ad70189de1ccbfd4b894a3845300a\"}\n>player p2 {\"name\":\"Andras14\",\"avatar\":\"harlequin\",\"rating\":1386,\"seed\":\"sodium,5697d9675f088158309f396e59c2c892\"}\n>p1 move bravebird\n>p2 move substitute\n>p1 move bravebird\n>p2 move hydropump\n>p1 switch 6\n>p2 switch 2\n>p1 move willowisp\n>p2 move airslash\n>p1 switch 4\n>p1 move stoneedge\n>p2 move airslash\n>p1 move stoneedge\n>p2 move airslash\n>p2 switch 6\n>p1 move earthquake\n>p2 move grassknot\n>p1 switch 3\n>p1 move earthquake\n>p2 move grassknot terastallize\n>p2 switch 3\n>p1 move earthquake\n>p2 move shadowball\n>p1 switch 2\n>p1 move lashout\n>p2 switch 5\n>p1 switch 5\n>p2 move irondefense\n>p1 move closecombat\n>p2 move bodypress\n>p1 switch 5\n>p1 move lashout terastallize\n>p2 switch 4\n>p1 move lashout\n>p2 move bloodmoon\n>p1 move lashout\n>p2 move moonlight\n>p2 switch 5\n>p1 move suckerpunch\n>p2 move shadowball\n>forcelose p2", "uploadtime": 1782825918, "views": 2, "formatid": "gen9randombattle", "rating": 1364, "private": 0, "password": null, "player_dets": [{"name": "Alisuzinho", "avatar": "skier", "rating": 1354, "seed": "sodium,547ad70189de1ccbfd4b894a3845300a"}, {"name": "Andras14", "avatar": "harlequin", "rating": 1386, "seed": "sodium,5697d9675f088158309f396e59c2c892"}], "teams_full": [{"Ho-Oh": {"name": "Ho-Oh", "species": "Ho-Oh", "speciesId": "hooh", "gender": "N", "shiny": false, "level": 71, "moves": ["earthquake", "sacredfire", "recover", "bravebird"], "ability": "Regenerator", "evs": {"hp": 85, "atk": 85, "def": 85, "spa": 85, "spd": 85, "spe": 85}, "ivs": {"hp": 31, "atk": 31, "def": 31, "spa": 31, "spd": 31, "spe": 31}, "item": "Heavy-Duty Boots", "teraType": "Ground", "role": "Bulky Attacker", "bvs": {"hp": 106, "atk": 130, "def": 90, "spa": 110, "spd": 154, "spe": 90}, "stats": {"hp": 268, "atk": 226, "def": 169, "spa": 198, "spd": 260, "spe": 169}, "types": ["Fire", "Flying"]}, "Honchkrow": {"name": "Honchkrow", "species": "Honchkrow", "speciesId": "honchkrow", "gender": "F", "shiny": false, "level": 86, "moves": ["suckerpunch", "bravebird", "lashout", "thunderwave"], "ability": "Moxie", "evs": {"hp": 85, "atk": 85, "def": 85, "spa": 85, "spd": 85, "spe": 85}, "ivs": {"hp": 31, "atk": 31, "def": 31, "spa": 31, "spd": 31, "spe": 31}, "item": "Heavy-Duty Boots", "teraType": "Dark", "role": "Wallbreaker", "bvs": {"hp": 100, "atk": 125, "def": 52, "spa": 105, "spd": 52, "spe": 71}, "stats": {"hp": 312, "atk": 264, "def": 139, "spa": 230, "spd": 139, "spe": 171}, "types": ["Dark", "Flying"]}, "Golurk": {"name": "Golurk", "species": "Golurk", "speciesId": "golurk", "gender": "N", "shiny": false, "level": 87, "moves": ["stoneedge", "dynamicpunch", "earthquake", "poltergeist"], "ability": "No Guard", "evs": {"hp": 85, "atk": 85, "def": 85, "spa": 85, "spd": 85, "spe": 85}, "ivs": {"hp": 31, "atk": 31, "def": 31, "spa": 31, "spd": 31, "spe": 31}, "item": "Choice Band", "teraType": "Fighting", "role": "Wallbreaker", "bvs": {"hp": 89, "atk": 124, "def": 80, "spa": 55, "spd": 80, "spe": 55}, "stats": {"hp": 297, "atk": 266, "def": 189, "spa": 145, "spd": 189, "spe": 145}, "types": ["Ground", "Ghost"]}, "Hippowdon": {"name": "Hippowdon", "species": "Hippowdon", "speciesId": "hippowdon", "gender": "F", "shiny": false, "level": 82, "moves": ["curse", "earthquake", "slackoff", "stoneedge"], "ability": "Sand Stream", "evs": {"hp": 85, "atk": 85, "def": 85, "spa": 85, "spd": 85, "spe": 85}, "ivs": {"hp": 31, "atk": 31, "def": 31, "spa": 31, "spd": 31, "spe": 31}, "item": "Leftovers", "teraType": "Rock", "role": "Bulky Setup", "bvs": {"hp": 108, "atk": 112, "def": 118, "spa": 68, "spd": 72, "spe": 47}, "stats": {"hp": 311, "atk": 231, "def": 241, "spa": 159, "spd": 165, "spe": 124}, "types": ["Ground"]}, "Hitmontop": {"name": "Hitmontop", "species": "Hitmontop", "speciesId": "hitmontop", "gender": "M", "shiny": false, "level": 88, "moves": ["closecombat", "suckerpunch", "stoneedge", "rapidspin"], "ability": "Intimidate", "evs": {"hp": 85, "atk": 85, "def": 85, "spa": 85, "spd": 85, "spe": 85}, "ivs": {"hp": 31, "atk": 31, "def": 31, "spa": 31, "spd": 31, "spe": 31}, "item": "Assault Vest", "teraType": "Steel", "role": "Bulky Support", "bvs": {"hp": 50, "atk": 95, "def": 95, "spa": 35, "spd": 110, "spe": 70}, "stats": {"hp": 231, "atk": 217, "def": 217, "spa": 112, "spd": 244, "spe": 173}, "types": ["Fighting"]}, "Slither Wing": {"name": "Slither Wing", "species": "Slither Wing", "speciesId": "slitherwing", "gender": "N", "shiny": false, "level": 81, "moves": ["willowisp", "morningsun", "closecombat", "uturn"], "ability": "Protosynthesis", "evs": {"hp": 85, "atk": 85, "def": 85, "spa": 85, "spd": 85, "spe": 85}, "ivs": {"hp": 31, "atk": 31, "def": 31, "spa": 31, "spd": 31, "spe": 31}, "item": "Heavy-Duty Boots", "teraType": "Steel", "role": "Fast Support", "bvs": {"hp": 85, "atk": 135, "def": 79, "spa": 85, "spd": 105, "spe": 81}, "stats": {"hp": 270, "atk": 265, "def": 175, "spa": 184, "spd": 217, "spe": 178}, "types": ["Bug", "Fighting"]}}, {"Keldeo": {"name": "Keldeo", "species": "Keldeo-Resolute", "speciesId": "keldeoresolute", "gender": "N", "shiny": false, "level": 79, "moves": ["substitute", "hydropump", "calmmind", "secretsword"], "ability": "Justified", "evs": {"hp": 85, "atk": 0, "def": 85, "spa": 85, "spd": 85, "spe": 85}, "ivs": {"hp": 31, "atk": 0, "def": 31, "spa": 31, "spd": 31, "spe": 31}, "item": "Leftovers", "teraType": "Steel", "role": "Bulky Setup", "bvs": {"hp": 91, "atk": 72, "def": 90, "spa": 129, "spd": 90, "spe": 108}, "stats": {"hp": 273, "atk": 118, "def": 188, "spa": 249, "spd": 188, "spe": 216}, "types": ["Water", "Fighting"]}, "Yanmega": {"name": "Yanmega", "species": "Yanmega", "speciesId": "yanmega", "gender": "M", "shiny": false, "level": 82, "moves": ["gigadrain", "uturn", "airslash", "bugbuzz"], "ability": "Tinted Lens", "evs": {"hp": 85, "atk": 85, "def": 85, "spa": 85, "spd": 85, "spe": 85}, "ivs": {"hp": 31, "atk": 31, "def": 31, "spa": 31, "spd": 31, "spe": 31}, "item": "Choice Specs", "teraType": "Bug", "role": "Wallbreaker", "bvs": {"hp": 86, "atk": 76, "def": 86, "spa": 116, "spd": 56, "spe": 95}, "stats": {"hp": 275, "atk": 172, "def": 188, "spa": 237, "spd": 139, "spe": 203}, "types": ["Bug", "Flying"]}, "Chandelure": {"name": "Chandelure", "species": "Chandelure", "speciesId": "chandelure", "gender": "M", "shiny": false, "level": 83, "moves": ["energyball", "trick", "shadowball", "fireblast"], "ability": "Flash Fire", "evs": {"hp": 85, "atk": 0, "def": 85, "spa": 85, "spd": 85, "spe": 85}, "ivs": {"hp": 31, "atk": 0, "def": 31, "spa": 31, "spd": 31, "spe": 31}, "item": "Choice Scarf", "teraType": "Fire", "role": "Fast Attacker", "bvs": {"hp": 60, "atk": 55, "def": 90, "spa": 145, "spd": 90, "spe": 80}, "stats": {"hp": 235, "atk": 96, "def": 197, "spa": 288, "spd": 197, "spe": 180}, "types": ["Ghost", "Fire"]}, "Ursaluna": {"name": "Ursaluna", "species": "Ursaluna-Bloodmoon", "speciesId": "ursalunabloodmoon", "gender": "M", "shiny": false, "level": 79, "moves": ["calmmind", "vacuumwave", "moonlight", "bloodmoon"], "ability": "Mind's Eye", "evs": {"hp": 85, "atk": 0, "def": 85, "spa": 85, "spd": 85, "spe": 85}, "ivs": {"hp": 31, "atk": 0, "def": 31, "spa": 31, "spd": 31, "spe": 31}, "item": "Leftovers", "teraType": "Ghost", "role": "Bulky Setup", "bvs": {"hp": 113, "atk": 70, "def": 120, "spa": 135, "spd": 65, "spe": 52}, "stats": {"hp": 308, "atk": 115, "def": 235, "spa": 259, "spd": 148, "spe": 128}, "types": ["Ground", "Normal"]}, "Bastiodon": {"name": "Bastiodon", "species": "Bastiodon", "speciesId": "bastiodon", "gender": "M", "shiny": false, "level": 89, "moves": ["bodypress", "rest", "irondefense", "foulplay"], "ability": "Soundproof", "evs": {"hp": 85, "atk": 0, "def": 85, "spa": 85, "spd": 85, "spe": 85}, "ivs": {"hp": 31, "atk": 0, "def": 31, "spa": 31, "spd": 31, "spe": 31}, "item": "Chesto Berry", "teraType": "Fighting", "role": "Bulky Setup", "bvs": {"hp": 60, "atk": 52, "def": 168, "spa": 47, "spd": 138, "spe": 30}, "stats": {"hp": 252, "atk": 97, "def": 350, "spa": 134, "spd": 296, "spe": 104}, "types": ["Rock", "Steel"]}, "Plusle": {"name": "Plusle", "species": "Plusle", "speciesId": "plusle", "gender": "F", "shiny": false, "level": 95, "moves": ["grassknot", "nastyplot", "thunderbolt", "alluringvoice"], "ability": "Lightning Rod", "evs": {"hp": 85, "atk": 0, "def": 85, "spa": 85, "spd": 85, "spe": 85}, "ivs": {"hp": 31, "atk": 0, "def": 31, "spa": 31, "spd": 31, "spe": 31}, "item": "Life Orb", "teraType": "Fairy", "role": "Setup Sweeper", "bvs": {"hp": 60, "atk": 50, "def": 40, "spa": 85, "spd": 75, "spe": 95}, "stats": {"hp": 268, "atk": 100, "def": 130, "spa": 215, "spd": 196, "spe": 234}, "types": ["Electric"]}}]}