{"id": "gen9randombattle-2641582960", "format": "[Gen 9] Random Battle", "players": ["Theburgerking14", "Niquysrael"], "log": "|j|\u2606Theburgerking14\n|j|\u2606Niquysrael\n|t:|1782812875\n|gametype|singles\n|player|p1|Theburgerking14|101|1919\n|player|p2|Niquysrael|102|1959\n|gen|9\n|tier|[Gen 9] Random Battle\n|rated|\n|rule|Species Clause: Limit one of each Pok\u00e9mon\n|rule|HP Percentage Mod: HP is shown in percentages\n|rule|Sleep Clause Mod: Limit one foe put to sleep\n|rule|Illusion Level Mod: Illusion disguises the Pok\u00e9mon's true level\n|\n|t:|1782812875\n|teamsize|p1|6\n|teamsize|p2|6\n|start\n|switch|p1a: Lurantis|Lurantis, L87, M|264/264\n|switch|p2a: Necrozma|Necrozma-Dusk-Mane, L69|248/248\n|turn|1\n|inactive|Battle timer is ON: inactive players will automatically lose when time's up. (requested by Theburgerking14)\n|\n|t:|1782812895\n|switch|p2a: Hitmonchan|Hitmonchan, L87, M|229/229\n|switch|p1a: Meloetta|Meloetta, L82|298/298\n|\n|upkeep\n|turn|2\n|l|\u2606Theburgerking14\n|inactive|Theburgerking14 disconnected and has a minute to reconnect!\n|player|p1|\n|inactive|Theburgerking14 has 30 seconds to reconnect!\n|inactive|Theburgerking14 has 20 seconds to reconnect!\n|inactive|Theburgerking14 has 15 seconds to reconnect!\n|inactive|Theburgerking14 has 10 seconds to reconnect!\n|inactive|Theburgerking14 has 5 seconds to reconnect!\n|j|\u2606Theburgerking14\n|inactive|Theburgerking14 reconnected and has 90 seconds left.\n|player|p1|Theburgerking14|101|\n|\n|t:|1782812978\n|move|p1a: Meloetta|Relic Song|p2a: Hitmonchan\n|-damage|p2a: Hitmonchan|120/229\n|-formechange|p1a: Meloetta|Meloetta-Pirouette|[msg]\n|-damage|p1a: Meloetta|269/298|[from] item: Life Orb\n|move|p2a: Hitmonchan|Knock Off|p1a: Meloetta\n|-resisted|p1a: Meloetta\n|-damage|p1a: Meloetta|231/298\n|-enditem|p1a: Meloetta|Life Orb|[from] move: Knock Off|[of] p2a: Hitmonchan\n|\n|-heal|p2a: Hitmonchan|134/229|[from] item: Leftovers\n|upkeep\n|turn|3\n|\n|t:|1782812985\n|move|p1a: Meloetta|Triple Axel|p2a: Hitmonchan\n|-damage|p2a: Hitmonchan|116/229\n|-damage|p2a: Hitmonchan|79/229\n|-damage|p2a: Hitmonchan|26/229\n|-hitcount|p2a: Hitmonchan|3\n|move|p2a: Hitmonchan|Drain Punch|p1a: Meloetta\n|-supereffective|p1a: Meloetta\n|-damage|p1a: Meloetta|0 fnt\n|-heal|p2a: Hitmonchan|142/229|[from] drain|[of] p1a: Meloetta\n|faint|p1a: Meloetta\n|\n|-heal|p2a: Hitmonchan|156/229|[from] item: Leftovers\n|upkeep\n|\n|t:|1782813001\n|switch|p1a: Lurantis|Lurantis, L87, M|264/264\n|turn|4\n|\n|t:|1782813025\n|move|p2a: Hitmonchan|Bulk Up|p2a: Hitmonchan\n|-boost|p2a: Hitmonchan|atk|1\n|-boost|p2a: Hitmonchan|def|1\n|move|p1a: Lurantis|Leaf Storm|p2a: Hitmonchan\n|-damage|p2a: Hitmonchan|60/229\n|-boost|p1a: Lurantis|spa|2\n|\n|-heal|p2a: Hitmonchan|74/229|[from] item: Leftovers\n|upkeep\n|turn|5\n|\n|t:|1782813030\n|move|p2a: Hitmonchan|Drain Punch|p1a: Lurantis\n|-damage|p1a: Lurantis|113/264\n|-heal|p2a: Hitmonchan|150/229|[from] drain|[of] p1a: Lurantis\n|move|p1a: Lurantis|Leaf Storm|p2a: Hitmonchan\n|-damage|p2a: Hitmonchan|0 fnt\n|-boost|p1a: Lurantis|spa|2\n|faint|p2a: Hitmonchan\n|\n|-heal|p1a: Lurantis|129/264|[from] item: Leftovers\n|upkeep\n|\n|t:|1782813052\n|switch|p2a: Glimmora|Glimmora, L75, F|248/248\n|-item|p2a: Glimmora|Air Balloon\n|turn|6\n|inactive|Theburgerking14 has 90 seconds left.\n|\n|t:|1782813070\n|move|p2a: Glimmora|Sludge Wave|p1a: Lurantis\n|-supereffective|p1a: Lurantis\n|-damage|p1a: Lurantis|0 fnt\n|faint|p1a: Lurantis\n|\n|upkeep\n|\n|t:|1782813080\n|switch|p1a: Skeledirge|Skeledirge, L79, F|294/294\n|turn|7\n|\n|t:|1782813086\n|move|p2a: Glimmora|Power Gem|p1a: Skeledirge\n|-supereffective|p1a: Skeledirge\n|-damage|p1a: Skeledirge|76/294\n|move|p1a: Skeledirge|Torch Song|p2a: Glimmora\n|-resisted|p2a: Glimmora\n|-damage|p2a: Glimmora|197/248\n|-boost|p1a: Skeledirge|spa|1\n|-enditem|p2a: Glimmora|Air Balloon\n|\n|upkeep\n|turn|8\n|\n|t:|1782813093\n|move|p2a: Glimmora|Power Gem|p1a: Skeledirge\n|-supereffective|p1a: Skeledirge\n|-damage|p1a: Skeledirge|0 fnt\n|faint|p1a: Skeledirge\n|\n|upkeep\n|inactive|Theburgerking14 has 90 seconds left.\n|\n|t:|1782813119\n|switch|p1a: Glimmora|Glimmora, L75, M|248/248\n|turn|9\n|\n|t:|1782813134\n|move|p1a: Glimmora|Earth Power|p2a: Glimmora\n|-supereffective|p2a: Glimmora\n|-damage|p2a: Glimmora|0 fnt\n|faint|p2a: Glimmora\n|\n|upkeep\n|inactive|Niquysrael has 120 seconds left.\n|\n|t:|1782813165\n|switch|p2a: Crawdaunt|Crawdaunt, L84, M|243/243\n|turn|10\n|inactive|Theburgerking14 has 90 seconds left.\n|\n|t:|1782813180\n|switch|p1a: Zamazenta|Zamazenta, L71|248/248\n|-ability|p1a: Zamazenta|Dauntless Shield|boost\n|-boost|p1a: Zamazenta|def|1\n|move|p2a: Crawdaunt|Crabhammer|p1a: Zamazenta\n|-crit|p1a: Zamazenta\n|-damage|p1a: Zamazenta|0 fnt\n|faint|p1a: Zamazenta\n|-damage|p2a: Crawdaunt|219/243|[from] item: Life Orb\n|\n|upkeep\n|\n|t:|1782813188\n|switch|p1a: Virizion|Virizion, L82|283/283\n|turn|11\n|inactive|Theburgerking14 has 90 seconds left.\n|\n|t:|1782813200\n|switch|p2a: Pawmot|Pawmot, L80, M|243/243\n|move|p1a: Virizion|Close Combat|p2a: Pawmot\n|-damage|p2a: Pawmot|66/243\n|-unboost|p1a: Virizion|def|1\n|-unboost|p1a: Virizion|spd|1\n|-damage|p1a: Virizion|255/283|[from] item: Life Orb\n|\n|upkeep\n|turn|12\n|\n|t:|1782813206\n|move|p1a: Virizion|Close Combat|p2a: Pawmot\n|-damage|p2a: Pawmot|0 fnt\n|-unboost|p1a: Virizion|def|1\n|-unboost|p1a: Virizion|spd|1\n|faint|p2a: Pawmot\n|-damage|p1a: Virizion|227/283|[from] item: Life Orb\n|\n|upkeep\n|inactive|Niquysrael has 120 seconds left.\n|\n|t:|1782813221\n|switch|p2a: Necrozma|Necrozma-Dusk-Mane, L69|248/248\n|turn|13\n|\n|t:|1782813232\n|move|p1a: Virizion|Close Combat|p2a: Necrozma\n|-damage|p2a: Necrozma|123/248\n|-unboost|p1a: Virizion|def|1\n|-unboost|p1a: Virizion|spd|1\n|-damage|p1a: Virizion|199/283|[from] item: Life Orb\n|move|p2a: Necrozma|Sunsteel Strike|p1a: Virizion\n|-damage|p1a: Virizion|0 fnt\n|faint|p1a: Virizion\n|\n|upkeep\n|\n|t:|1782813236\n|switch|p1a: Glimmora|Glimmora, L75, M|248/248\n|turn|14\n|\n|t:|1782813253\n|-terastallize|p1a: Glimmora|Grass\n|move|p1a: Glimmora|Meteor Beam||[still]\n|-prepare|p1a: Glimmora|Meteor Beam\n|-boost|p1a: Glimmora|spa|1\n|-enditem|p1a: Glimmora|Power Herb\n|-anim|p1a: Glimmora|Meteor Beam|p2a: Necrozma\n|-resisted|p2a: Necrozma\n|-damage|p2a: Necrozma|24/248\n|move|p2a: Necrozma|Sunsteel Strike|p1a: Glimmora\n|-damage|p1a: Glimmora|121/248\n|-activate|p1a: Glimmora|ability: Toxic Debris\n|-sidestart|p2: Niquysrael|move: Toxic Spikes\n|\n|upkeep\n|turn|15\n|\n|t:|1782813277\n|move|p1a: Glimmora|Earth Power|p2a: Necrozma\n|-supereffective|p2a: Necrozma\n|-damage|p2a: Necrozma|0 fnt\n|faint|p2a: Necrozma\n|\n|upkeep\n|\n|t:|1782813281\n|switch|p2a: Crawdaunt|Crawdaunt, L84, M|219/243\n|-status|p2a: Crawdaunt|psn\n|turn|16\n|\n|t:|1782813288\n|move|p2a: Crawdaunt|Aqua Jet|p1a: Glimmora\n|-resisted|p1a: Glimmora\n|-damage|p1a: Glimmora|77/248\n|-activate|p1a: Glimmora|ability: Toxic Debris\n|-sidestart|p2: Niquysrael|move: Toxic Spikes\n|-damage|p2a: Crawdaunt|195/243 psn|[from] item: Life Orb\n|move|p1a: Glimmora|Energy Ball|p2a: Crawdaunt\n|-supereffective|p2a: Crawdaunt\n|-damage|p2a: Crawdaunt|0 fnt\n|faint|p2a: Crawdaunt\n|\n|upkeep\n|\n|t:|1782813292\n|switch|p2a: Torterra|Torterra, L78, M|276/276\n|-status|p2a: Torterra|tox\n|turn|17\n|inactive|Theburgerking14 has 120 seconds left.\n|\n|t:|1782813298\n|-terastallize|p2a: Torterra|Rock\n|move|p1a: Glimmora|Sludge Wave|p2a: Torterra\n|-resisted|p2a: Torterra\n|-damage|p2a: Torterra|186/276 tox\n|move|p2a: Torterra|Rock Blast|p1a: Glimmora\n|-damage|p1a: Glimmora|50/248\n|-crit|p1a: Glimmora\n|-damage|p1a: Glimmora|8/248\n|-damage|p1a: Glimmora|0 fnt\n|faint|p1a: Glimmora\n|-hitcount|p1: Glimmora|3\n|\n|win|Niquysrael\n|raw|Theburgerking14's rating: 1919 &rarr; <strong>1901</strong><br />(-18 for losing)\n|raw|Niquysrael's rating: 1959 &rarr; <strong>1977</strong><br />(+18 for winning)\n", "inputlog": ">version f8ac14003a5f27e1bdc8d8c59608a773c1cb96e5\n>start {\"formatid\":\"gen9randombattle\",\"seed\":\"sodium,9fc7a57d849e80b153aa78c498569083\",\"rated\":\"Rated battle\"}\n>player p1 {\"name\":\"Theburgerking14\",\"avatar\":\"101\",\"rating\":1919,\"seed\":\"sodium,8d53d4bc356c40fc994b74ae03f1103b\"}\n>player p2 {\"name\":\"Niquysrael\",\"avatar\":\"102\",\"rating\":1959,\"seed\":\"sodium,024fc001dab8777ccfd350deca758ffe\"}\n>p1 switch 3\n>p2 switch 5\n>p1 move relicsong\n>p2 move knockoff\n>p1 move tripleaxel\n>p2 move drainpunch\n>p1 switch 3\n>p1 move leafstorm\n>p2 move bulkup\n>p1 move leafstorm\n>p2 move drainpunch\n>p2 switch 4\n>p1 move leafstorm\n>p2 move sludgewave\n>p1 switch 5\n>p1 move torchsong\n>p2 move powergem\n>p1 move hex\n>p2 move powergem\n>p1 switch 6\n>p1 move earthpower\n>p2 move earthpower\n>p2 switch 3\n>p1 switch 4\n>p2 move crabhammer\n>p1 switch 2\n>p1 move closecombat\n>p2 switch 2\n>p1 move closecombat\n>p2 move icepunch\n>p2 switch 5\n>p1 move closecombat\n>p2 move sunsteelstrike\n>p1 switch 4\n>p1 move meteorbeam terastallize\n>p2 move sunsteelstrike\n>p1 move earthpower\n>p2 move sunsteelstrike\n>p2 switch 2\n>p1 move energyball\n>p2 move aquajet\n>p2 switch 6\n>p1 move sludgewave\n>p2 move rockblast terastallize", "uploadtime": 1782812878, "views": 10, "formatid": "gen9randombattle", "rating": 1901, "private": 0, "password": null, "player_dets": [{"name": "Theburgerking14", "avatar": "101", "rating": 1919, "seed": "sodium,8d53d4bc356c40fc994b74ae03f1103b"}, {"name": "Niquysrael", "avatar": "102", "rating": 1959, "seed": "sodium,024fc001dab8777ccfd350deca758ffe"}], "teams_full": [{"Lurantis": {"name": "Lurantis", "species": "Lurantis", "speciesId": "lurantis", "gender": "M", "shiny": false, "level": 87, "moves": ["superpower", "leafstorm", "synthesis", "defog"], "ability": "Contrary", "evs": {"hp": 85, "atk": 85, "def": 85, "spa": 85, "spd": 85, "spe": 85}, "ivs": {"hp": 31, "atk": 31, "def": 31, "spa": 31, "spd": 31, "spe": 31}, "item": "Leftovers", "teraType": "Fighting", "role": "Bulky Attacker", "bvs": {"hp": 70, "atk": 105, "def": 90, "spa": 80, "spd": 90, "spe": 45}, "stats": {"hp": 264, "atk": 232, "def": 206, "spa": 189, "spd": 206, "spe": 128}, "types": ["Grass"]}, "Virizion": {"name": "Virizion", "species": "Virizion", "speciesId": "virizion", "gender": "N", "shiny": false, "level": 82, "moves": ["leafblade", "stoneedge", "closecombat", "swordsdance"], "ability": "Justified", "evs": {"hp": 85, "atk": 85, "def": 85, "spa": 85, "spd": 85, "spe": 85}, "ivs": {"hp": 31, "atk": 31, "def": 31, "spa": 31, "spd": 31, "spe": 31}, "item": "Life Orb", "teraType": "Rock", "role": "Setup Sweeper", "bvs": {"hp": 91, "atk": 90, "def": 72, "spa": 90, "spd": 129, "spe": 108}, "stats": {"hp": 283, "atk": 195, "def": 165, "spa": 195, "spd": 259, "spe": 224}, "types": ["Grass", "Fighting"]}, "Meloetta": {"name": "Meloetta", "species": "Meloetta", "speciesId": "meloetta", "gender": "N", "shiny": false, "level": 82, "moves": ["closecombat", "knockoff", "relicsong", "tripleaxel"], "ability": "Serene Grace", "evs": {"hp": 85, "atk": 85, "def": 85, "spa": 85, "spd": 85, "spe": 85}, "ivs": {"hp": 31, "atk": 31, "def": 31, "spa": 31, "spd": 31, "spe": 31}, "item": "Life Orb", "teraType": "Fighting", "role": "Wallbreaker", "bvs": {"hp": 100, "atk": 77, "def": 77, "spa": 128, "spd": 128, "spe": 90}, "stats": {"hp": 298, "atk": 173, "def": 173, "spa": 257, "spd": 257, "spe": 195}, "types": ["Normal", "Psychic"]}, "Zamazenta": {"name": "Zamazenta", "species": "Zamazenta", "speciesId": "zamazenta", "gender": "N", "shiny": false, "level": 71, "moves": ["stoneedge", "bodypress", "ironhead", "irondefense"], "ability": "Dauntless Shield", "evs": {"hp": 85, "atk": 85, "def": 85, "spa": 85, "spd": 85, "spe": 85}, "ivs": {"hp": 31, "atk": 31, "def": 31, "spa": 31, "spd": 31, "spe": 31}, "item": "Leftovers", "teraType": "Steel", "role": "Bulky Setup", "bvs": {"hp": 92, "atk": 120, "def": 115, "spa": 80, "spd": 115, "spe": 138}, "stats": {"hp": 248, "atk": 212, "def": 205, "spa": 155, "spd": 205, "spe": 237}, "types": ["Fighting"]}, "Skeledirge": {"name": "Skeledirge", "species": "Skeledirge", "speciesId": "skeledirge", "gender": "F", "shiny": false, "level": 79, "moves": ["torchsong", "willowisp", "hex", "slackoff"], "ability": "Unaware", "evs": {"hp": 85, "atk": 0, "def": 85, "spa": 85, "spd": 85, "spe": 85}, "ivs": {"hp": 31, "atk": 0, "def": 31, "spa": 31, "spd": 31, "spe": 31}, "item": "Heavy-Duty Boots", "teraType": "Fairy", "role": "Bulky Support", "bvs": {"hp": 104, "atk": 75, "def": 100, "spa": 110, "spd": 75, "spe": 66}, "stats": {"hp": 294, "atk": 123, "def": 204, "spa": 219, "spd": 164, "spe": 150}, "types": ["Fire", "Ghost"]}, "Glimmora": {"name": "Glimmora", "species": "Glimmora", "speciesId": "glimmora", "gender": "M", "shiny": false, "level": 75, "moves": ["energyball", "meteorbeam", "sludgewave", "earthpower"], "ability": "Toxic Debris", "evs": {"hp": 85, "atk": 0, "def": 85, "spa": 85, "spd": 85, "spe": 85}, "ivs": {"hp": 31, "atk": 0, "def": 31, "spa": 31, "spd": 31, "spe": 31}, "item": "Power Herb", "teraType": "Grass", "role": "Setup Sweeper", "bvs": {"hp": 83, "atk": 55, "def": 90, "spa": 130, "spd": 81, "spe": 86}, "stats": {"hp": 248, "atk": 87, "def": 179, "spa": 239, "spd": 165, "spe": 173}, "types": ["Rock", "Poison"]}}, {"Necrozma": {"name": "Necrozma", "species": "Necrozma-Dusk-Mane", "speciesId": "necrozmaduskmane", "gender": "N", "shiny": false, "level": 69, "moves": ["morningsun", "sunsteelstrike", "earthquake", "dragondance"], "ability": "Prism Armor", "evs": {"hp": 85, "atk": 85, "def": 85, "spa": 85, "spd": 85, "spe": 85}, "ivs": {"hp": 31, "atk": 31, "def": 31, "spa": 31, "spd": 31, "spe": 31}, "item": "Weakness Policy", "teraType": "Steel", "role": "Bulky Setup", "bvs": {"hp": 97, "atk": 157, "def": 127, "spa": 113, "spd": 109, "spe": 77}, "stats": {"hp": 248, "atk": 257, "def": 216, "spa": 196, "spd": 191, "spe": 147}, "types": ["Psychic", "Steel"]}, "Pawmot": {"name": "Pawmot", "species": "Pawmot", "speciesId": "pawmot", "gender": "M", "shiny": false, "level": 80, "moves": ["icepunch", "closecombat", "doubleshock", "revivalblessing"], "ability": "Iron Fist", "evs": {"hp": 85, "atk": 85, "def": 85, "spa": 85, "spd": 85, "spe": 85}, "ivs": {"hp": 31, "atk": 31, "def": 31, "spa": 31, "spd": 31, "spe": 31}, "item": "Life Orb", "teraType": "Electric", "role": "Wallbreaker", "bvs": {"hp": 70, "atk": 115, "def": 70, "spa": 70, "spd": 60, "spe": 105}, "stats": {"hp": 243, "atk": 230, "def": 158, "spa": 158, "spd": 142, "spe": 214}, "types": ["Electric", "Fighting"]}, "Crawdaunt": {"name": "Crawdaunt", "species": "Crawdaunt", "speciesId": "crawdaunt", "gender": "M", "shiny": false, "level": 84, "moves": ["knockoff", "crabhammer", "aquajet", "dragondance"], "ability": "Adaptability", "evs": {"hp": 85, "atk": 85, "def": 85, "spa": 85, "spd": 85, "spe": 85}, "ivs": {"hp": 31, "atk": 31, "def": 31, "spa": 31, "spd": 31, "spe": 31}, "item": "Life Orb", "teraType": "Water", "role": "Setup Sweeper", "bvs": {"hp": 63, "atk": 120, "def": 85, "spa": 90, "spd": 55, "spe": 55}, "stats": {"hp": 243, "atk": 250, "def": 191, "spa": 199, "spd": 141, "spe": 141}, "types": ["Water", "Dark"]}, "Glimmora": {"name": "Glimmora", "species": "Glimmora", "speciesId": "glimmora", "gender": "F", "shiny": false, "level": 75, "moves": ["sludgewave", "powergem", "earthpower", "stealthrock"], "ability": "Toxic Debris", "evs": {"hp": 85, "atk": 0, "def": 85, "spa": 85, "spd": 85, "spe": 85}, "ivs": {"hp": 31, "atk": 0, "def": 31, "spa": 31, "spd": 31, "spe": 31}, "item": "Air Balloon", "teraType": "Ground", "role": "Fast Support", "bvs": {"hp": 83, "atk": 55, "def": 90, "spa": 130, "spd": 81, "spe": 86}, "stats": {"hp": 248, "atk": 87, "def": 179, "spa": 239, "spd": 165, "spe": 173}, "types": ["Rock", "Poison"]}, "Hitmonchan": {"name": "Hitmonchan", "species": "Hitmonchan", "speciesId": "hitmonchan", "gender": "M", "shiny": false, "level": 87, "moves": ["bulkup", "drainpunch", "knockoff", "rapidspin"], "ability": "Iron Fist", "evs": {"hp": 85, "atk": 85, "def": 85, "spa": 85, "spd": 85, "spe": 85}, "ivs": {"hp": 31, "atk": 31, "def": 31, "spa": 31, "spd": 31, "spe": 31}, "item": "Leftovers", "teraType": "Dark", "role": "Bulky Setup", "bvs": {"hp": 50, "atk": 105, "def": 79, "spa": 35, "spd": 110, "spe": 76}, "stats": {"hp": 229, "atk": 232, "def": 187, "spa": 111, "spd": 241, "spe": 182}, "types": ["Fighting"]}, "Torterra": {"name": "Torterra", "species": "Torterra", "speciesId": "torterra", "gender": "M", "shiny": false, "level": 78, "moves": ["shellsmash", "rockblast", "headlongrush", "bulletseed"], "ability": "Overgrow", "evs": {"hp": 85, "atk": 85, "def": 85, "spa": 85, "spd": 85, "spe": 85}, "ivs": {"hp": 31, "atk": 31, "def": 31, "spa": 31, "spd": 31, "spe": 31}, "item": "Loaded Dice", "teraType": "Rock", "role": "Setup Sweeper", "bvs": {"hp": 95, "atk": 109, "def": 105, "spa": 75, "spd": 85, "spe": 56}, "stats": {"hp": 276, "atk": 215, "def": 209, "spa": 162, "spd": 178, "spe": 132}, "types": ["Grass", "Ground"]}}]}