{"id": "gen9randombattle-2641730605", "format": "[Gen 9] Random Battle", "players": ["BBUTTER", "10YearsOld4Life"], "log": "|badge|p2|bronze|gen9randombattle|100-9\n|html|<div class=\"broadcast-red\"><strong>This battle is required to be public due to one or more player having a season medal.</strong><br />During the public phase, you can discuss the state of the ladder <a href=\"/seasondiscussion\">in a special chatroom.</a></div>\n|uhtml|medal-msg|<div class=\"broadcast-blue\">Curious what those medals under the avatar are? PS now has Ladder Seasons! For more information, check out the <a href=\"https://www.smogon.com/forums/threads/3740067/\">thread on Smogon.</a></div>\n|raw|<div class=\"broadcast-blue\"><strong>This battle is required to be public due to a player having a name starting with 'medal'.</div>\n|j|\u2606BBUTTER\n|j|\u260610YearsOld4Life\n|t:|1782835127\n|gametype|singles\n|player|p1|BBUTTER|blue|2270\n|player|p2|10YearsOld4Life|ash|2293\n|gen|9\n|tier|[Gen 9] Random Battle\n|rated|\n|rule|Species Clause: Limit one of each Pok\u00e9mon\n|rule|HP Percentage Mod: HP is shown in percentages\n|rule|Sleep Clause Mod: Limit one foe put to sleep\n|rule|Illusion Level Mod: Illusion disguises the Pok\u00e9mon's true level\n|\n|t:|1782835127\n|teamsize|p1|6\n|teamsize|p2|6\n|start\n|switch|p1a: Ursaring|Ursaring, L84, F|288/288\n|switch|p2a: Calyrex|Calyrex, L93|337/337\n|-ability|p2a: Calyrex|Unnerve\n|turn|1\n|j| jge973\n|inactive|Battle timer is ON: inactive players will automatically lose when time's up. (requested by BBUTTER)\n|\n|t:|1782835161\n|move|p2a: Calyrex|Body Press|p1a: Ursaring\n|-supereffective|p1a: Ursaring\n|-damage|p1a: Ursaring|200/288\n|move|p1a: Ursaring|Body Slam|p2a: Calyrex\n|-damage|p2a: Calyrex|220/337\n|\n|-heal|p2a: Calyrex|241/337|[from] item: Leftovers\n|upkeep\n|turn|2\n|\n|t:|1782835176\n|move|p2a: Calyrex|Body Press|p1a: Ursaring\n|-supereffective|p1a: Ursaring\n|-damage|p1a: Ursaring|112/288\n|move|p1a: Ursaring|Body Slam|p2a: Calyrex\n|-damage|p2a: Calyrex|139/337\n|-status|p2a: Calyrex|par\n|\n|-heal|p2a: Calyrex|160/337 par|[from] item: Leftovers\n|upkeep\n|turn|3\n|\n|t:|1782835187\n|move|p1a: Ursaring|Body Slam|p2a: Calyrex\n|-damage|p2a: Calyrex|43/337 par\n|cant|p2a: Calyrex|par\n|\n|-heal|p2a: Calyrex|64/337 par|[from] item: Leftovers\n|upkeep\n|turn|4\n|\n|t:|1782835190\n|move|p1a: Ursaring|Body Slam|p2a: Calyrex\n|-damage|p2a: Calyrex|0 fnt\n|faint|p2a: Calyrex\n|\n|upkeep\n|\n|t:|1782835198\n|switch|p2a: Honchkrow|Honchkrow, L86, M|312/312\n|turn|5\n|\n|t:|1782835203\n|switch|p1a: Dedenne|Dedenne, L88, F|261/261\n|move|p2a: Honchkrow|Brave Bird|p1a: Dedenne\n|-resisted|p1a: Dedenne\n|-damage|p1a: Dedenne|154/261\n|-damage|p2a: Honchkrow|277/312|[from] Recoil\n|\n|upkeep\n|turn|6\n|\n|t:|1782835211\n|switch|p2a: Electivire|Electivire, L84, M|263/263\n|move|p1a: Dedenne|Nuzzle|p2a: Electivire\n|-ability|p2a: Electivire|Motor Drive|boost\n|-boost|p2a: Electivire|spe|1\n|\n|upkeep\n|turn|7\n|\n|t:|1782835219\n|switch|p1a: Hariyama|Hariyama, L87, M|392/392\n|move|p2a: Electivire|Bulk Up|p2a: Electivire\n|-boost|p2a: Electivire|atk|1\n|-boost|p2a: Electivire|def|1\n|\n|-status|p1a: Hariyama|brn|[from] item: Flame Orb\n|upkeep\n|turn|8\n|\n|t:|1782835231\n|move|p2a: Electivire|Bulk Up|p2a: Electivire\n|-boost|p2a: Electivire|atk|1\n|-boost|p2a: Electivire|def|1\n|move|p1a: Hariyama|Knock Off|p2a: Electivire\n|-damage|p2a: Electivire|177/263\n|-enditem|p2a: Electivire|Life Orb|[from] move: Knock Off|[of] p1a: Hariyama\n|\n|-damage|p1a: Hariyama|368/392 brn|[from] brn\n|upkeep\n|turn|9\n|\n|t:|1782835236\n|move|p2a: Electivire|Supercell Slam|p1a: Hariyama\n|-damage|p1a: Hariyama|26/392 brn\n|move|p1a: Hariyama|Facade|p2a: Electivire\n|-damage|p2a: Electivire|68/263\n|\n|-damage|p1a: Hariyama|2/392 brn|[from] brn\n|upkeep\n|turn|10\n|\n|t:|1782835258\n|move|p2a: Electivire|Ice Punch|p1a: Hariyama\n|-damage|p1a: Hariyama|0 fnt\n|faint|p1a: Hariyama\n|\n|upkeep\n|\n|t:|1782835270\n|switch|p1a: Azumarill|Azumarill, L82, F|298/298\n|turn|11\n|\n|t:|1782835277\n|-terastallize|p1a: Azumarill|Water\n|move|p1a: Azumarill|Aqua Jet|p2a: Electivire\n|-damage|p2a: Electivire|10/263\n|move|p2a: Electivire|Supercell Slam|p1a: Azumarill\n|-supereffective|p1a: Azumarill\n|-damage|p1a: Azumarill|0 fnt\n|faint|p1a: Azumarill\n|\n|upkeep\n|-message|BBUTTER forfeited.\n|\n|win|10YearsOld4Life\n", "inputlog": ">version f8ac14003a5f27e1bdc8d8c59608a773c1cb96e5\n>start {\"formatid\":\"gen9randombattle\",\"seed\":\"sodium,a86ab81435f323dd32b24b0b564fd1a1\",\"rated\":\"Rated battle\"}\n>player p1 {\"name\":\"BBUTTER\",\"avatar\":\"blue\",\"rating\":2270,\"seed\":\"sodium,fb05be4f4ad055a3675ffcbd3b582d72\"}\n>player p2 {\"name\":\"10YearsOld4Life\",\"avatar\":\"ash\",\"rating\":2293,\"seed\":\"sodium,bb0a9a13a57bfc7418f4adb7593d830c\"}\n>p1 move bodyslam\n>p2 move bodypress\n>p1 move bodyslam\n>p2 move bodypress\n>p1 move bodyslam\n>p2 move gigadrain\n>p1 move bodyslam\n>p2 move encore\n>p2 switch 2\n>p1 switch 5\n>p2 move bravebird\n>p1 move nuzzle\n>p2 switch 6\n>p1 switch 2\n>p2 move bulkup\n>p1 move knockoff\n>p2 move bulkup\n>p1 move facade\n>p2 move supercellslam\n>p1 move closecombat\n>p2 move icepunch\n>p1 switch 4\n>p1 move aquajet terastallize\n>p2 move supercellslam\n>forcelose p1", "uploadtime": 1782835129, "views": 9, "formatid": "gen9randombattle", "rating": null, "private": 0, "password": null, "player_dets": [{"name": "BBUTTER", "avatar": "blue", "rating": 2270, "seed": "sodium,fb05be4f4ad055a3675ffcbd3b582d72"}, {"name": "10YearsOld4Life", "avatar": "ash", "rating": 2293, "seed": "sodium,bb0a9a13a57bfc7418f4adb7593d830c"}], "teams_full": [{"Ursaring": {"name": "Ursaring", "species": "Ursaring", "speciesId": "ursaring", "gender": "F", "shiny": false, "level": 84, "moves": ["earthquake", "sleeptalk", "bodyslam", "rest"], "ability": "Guts", "evs": {"hp": 85, "atk": 85, "def": 85, "spa": 85, "spd": 85, "spe": 85}, "ivs": {"hp": 31, "atk": 31, "def": 31, "spa": 31, "spd": 31, "spe": 31}, "item": "Eviolite", "teraType": "Ground", "role": "Bulky Attacker", "bvs": {"hp": 90, "atk": 130, "def": 75, "spa": 75, "spd": 75, "spe": 55}, "stats": {"hp": 288, "atk": 267, "def": 174, "spa": 174, "spd": 174, "spe": 141}, "types": ["Normal"]}, "Hariyama": {"name": "Hariyama", "species": "Hariyama", "speciesId": "hariyama", "gender": "M", "shiny": false, "level": 87, "moves": ["facade", "knockoff", "closecombat", "fakeout"], "ability": "Guts", "evs": {"hp": 85, "atk": 85, "def": 85, "spa": 85, "spd": 85, "spe": 85}, "ivs": {"hp": 31, "atk": 31, "def": 31, "spa": 31, "spd": 31, "spe": 31}, "item": "Flame Orb", "teraType": "Normal", "role": "Wallbreaker", "bvs": {"hp": 144, "atk": 120, "def": 60, "spa": 40, "spd": 60, "spe": 50}, "stats": {"hp": 392, "atk": 259, "def": 154, "spa": 119, "spd": 154, "spe": 137}, "types": ["Fighting"]}, "Basculegion": {"name": "Basculegion", "species": "Basculegion-F", "speciesId": "basculegionf", "gender": "F", "shiny": false, "level": 83, "moves": ["hydropump", "flipturn", "shadowball", "wavecrash"], "ability": "Adaptability", "evs": {"hp": 85, "atk": 85, "def": 85, "spa": 85, "spd": 85, "spe": 85}, "ivs": {"hp": 31, "atk": 31, "def": 31, "spa": 31, "spd": 31, "spe": 31}, "item": "Assault Vest", "teraType": "Water", "role": "AV Pivot", "bvs": {"hp": 120, "atk": 92, "def": 65, "spa": 100, "spd": 75, "spe": 78}, "stats": {"hp": 335, "atk": 200, "def": 156, "spa": 214, "spd": 172, "spe": 177}, "types": ["Water", "Ghost"]}, "Azumarill": {"name": "Azumarill", "species": "Azumarill", "speciesId": "azumarill", "gender": "F", "shiny": false, "level": 82, "moves": ["aquajet", "playrough", "liquidation", "icespinner"], "ability": "Huge Power", "evs": {"hp": 85, "atk": 85, "def": 85, "spa": 85, "spd": 85, "spe": 85}, "ivs": {"hp": 31, "atk": 31, "def": 31, "spa": 31, "spd": 31, "spe": 31}, "item": "Choice Band", "teraType": "Water", "role": "Bulky Attacker", "bvs": {"hp": 100, "atk": 50, "def": 80, "spa": 60, "spd": 80, "spe": 50}, "stats": {"hp": 298, "atk": 129, "def": 178, "spa": 146, "spd": 178, "spe": 129}, "types": ["Water", "Fairy"]}, "Dedenne": {"name": "Dedenne", "species": "Dedenne", "speciesId": "dedenne", "gender": "F", "shiny": false, "level": 88, "moves": ["dazzlinggleam", "nuzzle", "uturn", "thunderbolt"], "ability": "Cheek Pouch", "evs": {"hp": 85, "atk": 85, "def": 85, "spa": 85, "spd": 85, "spe": 85}, "ivs": {"hp": 31, "atk": 31, "def": 31, "spa": 31, "spd": 31, "spe": 31}, "item": "Sitrus Berry", "teraType": "Flying", "role": "Fast Support", "bvs": {"hp": 67, "atk": 58, "def": 57, "spa": 81, "spd": 67, "spe": 101}, "stats": {"hp": 261, "atk": 152, "def": 151, "spa": 193, "spd": 168, "spe": 228}, "types": ["Electric", "Fairy"]}, "Houndoom": {"name": "Houndoom", "species": "Houndoom", "speciesId": "houndoom", "gender": "M", "shiny": false, "level": 87, "moves": ["nastyplot", "sludgebomb", "darkpulse", "fireblast"], "ability": "Flash Fire", "evs": {"hp": 85, "atk": 0, "def": 85, "spa": 85, "spd": 85, "spe": 85}, "ivs": {"hp": 31, "atk": 0, "def": 31, "spa": 31, "spd": 31, "spe": 31}, "item": "Heavy-Duty Boots", "teraType": "Poison", "role": "Fast Attacker", "bvs": {"hp": 75, "atk": 90, "def": 50, "spa": 110, "spd": 80, "spe": 95}, "stats": {"hp": 272, "atk": 161, "def": 137, "spa": 241, "spd": 189, "spe": 215}, "types": ["Dark", "Fire"]}}, {"Calyrex": {"name": "Calyrex", "species": "Calyrex", "speciesId": "calyrex", "gender": "N", "shiny": false, "level": 93, "moves": ["gigadrain", "bodypress", "encore", "psyshock"], "ability": "Unnerve", "evs": {"hp": 85, "atk": 0, "def": 85, "spa": 85, "spd": 85, "spe": 85}, "ivs": {"hp": 31, "atk": 0, "def": 31, "spa": 31, "spd": 31, "spe": 31}, "item": "Leftovers", "teraType": "Steel", "role": "Bulky Attacker", "bvs": {"hp": 100, "atk": 80, "def": 80, "spa": 80, "spd": 80, "spe": 80}, "stats": {"hp": 337, "atk": 153, "def": 202, "spa": 202, "spd": 202, "spe": 202}, "types": ["Psychic", "Grass"]}, "Honchkrow": {"name": "Honchkrow", "species": "Honchkrow", "speciesId": "honchkrow", "gender": "M", "shiny": false, "level": 86, "moves": ["heatwave", "suckerpunch", "uturn", "bravebird"], "ability": "Moxie", "evs": {"hp": 85, "atk": 85, "def": 85, "spa": 85, "spd": 85, "spe": 85}, "ivs": {"hp": 31, "atk": 31, "def": 31, "spa": 31, "spd": 31, "spe": 31}, "item": "Heavy-Duty Boots", "teraType": "Dark", "role": "Fast Attacker", "bvs": {"hp": 100, "atk": 125, "def": 52, "spa": 105, "spd": 52, "spe": 71}, "stats": {"hp": 312, "atk": 264, "def": 139, "spa": 230, "spd": 139, "spe": 171}, "types": ["Dark", "Flying"]}, "Medicham": {"name": "Medicham", "species": "Medicham", "speciesId": "medicham", "gender": "M", "shiny": false, "level": 86, "moves": ["icepunch", "closecombat", "zenheadbutt", "trick"], "ability": "Pure Power", "evs": {"hp": 85, "atk": 85, "def": 85, "spa": 85, "spd": 85, "spe": 85}, "ivs": {"hp": 31, "atk": 31, "def": 31, "spa": 31, "spd": 31, "spe": 31}, "item": "Choice Scarf", "teraType": "Fighting", "role": "Fast Attacker", "bvs": {"hp": 60, "atk": 60, "def": 75, "spa": 60, "spd": 75, "spe": 80}, "stats": {"hp": 243, "atk": 152, "def": 178, "spa": 152, "spd": 178, "spe": 187}, "types": ["Fighting", "Psychic"]}, "Piloswine": {"name": "Piloswine", "species": "Piloswine", "speciesId": "piloswine", "gender": "F", "shiny": false, "level": 85, "moves": ["roar", "iciclecrash", "iceshard", "earthquake"], "ability": "Thick Fat", "evs": {"hp": 85, "atk": 85, "def": 85, "spa": 85, "spd": 85, "spe": 85}, "ivs": {"hp": 31, "atk": 31, "def": 31, "spa": 31, "spd": 31, "spe": 31}, "item": "Eviolite", "teraType": "Dragon", "role": "Bulky Support", "bvs": {"hp": 100, "atk": 100, "def": 80, "spa": 60, "spd": 60, "spe": 50}, "stats": {"hp": 309, "atk": 219, "def": 185, "spa": 151, "spd": 151, "spe": 134}, "types": ["Ice", "Ground"]}, "Keldeo": {"name": "Keldeo", "species": "Keldeo-Resolute", "speciesId": "keldeoresolute", "gender": "N", "shiny": false, "level": 79, "moves": ["substitute", "surf", "calmmind", "secretsword"], "ability": "Justified", "evs": {"hp": 85, "atk": 0, "def": 85, "spa": 85, "spd": 85, "spe": 85}, "ivs": {"hp": 31, "atk": 0, "def": 31, "spa": 31, "spd": 31, "spe": 31}, "item": "Leftovers", "teraType": "Steel", "role": "Bulky Setup", "bvs": {"hp": 91, "atk": 72, "def": 90, "spa": 129, "spd": 90, "spe": 108}, "stats": {"hp": 273, "atk": 118, "def": 188, "spa": 249, "spd": 188, "spe": 216}, "types": ["Water", "Fighting"]}, "Electivire": {"name": "Electivire", "species": "Electivire", "speciesId": "electivire", "gender": "M", "shiny": false, "level": 84, "moves": ["bulkup", "icepunch", "supercellslam", "earthquake"], "ability": "Motor Drive", "evs": {"hp": 85, "atk": 85, "def": 85, "spa": 85, "spd": 85, "spe": 85}, "ivs": {"hp": 31, "atk": 31, "def": 31, "spa": 31, "spd": 31, "spe": 31}, "item": "Life Orb", "teraType": "Ground", "role": "Setup Sweeper", "bvs": {"hp": 75, "atk": 123, "def": 67, "spa": 95, "spd": 85, "spe": 95}, "stats": {"hp": 263, "atk": 255, "def": 161, "spa": 208, "spd": 191, "spe": 208}, "types": ["Electric"]}}]}