{"id": "gen9randombattle-2641117101", "format": "[Gen 9] Random Battle", "players": ["Rhseth", "WATER14"], "log": "|j|\u2606Rhseth\n|j|\u2606WATER14\n|t:|1782742616\n|gametype|singles\n|player|p1|Rhseth|266|1608\n|player|p2|WATER14|2|1574\n|gen|9\n|tier|[Gen 9] Random Battle\n|rated|\n|rule|Species Clause: Limit one of each Pok\u00e9mon\n|rule|HP Percentage Mod: HP is shown in percentages\n|rule|Sleep Clause Mod: Limit one foe put to sleep\n|rule|Illusion Level Mod: Illusion disguises the Pok\u00e9mon's true level\n|\n|t:|1782742616\n|teamsize|p1|6\n|teamsize|p2|6\n|start\n|switch|p1a: Tauros|Tauros, L82, M|257/257\n|switch|p2a: Girafarig|Girafarig, L89, F|269/269\n|turn|1\n|inactive|Battle timer is ON: inactive players will automatically lose when time's up. (requested by Rhseth)\n|\n|t:|1782742621\n|move|p1a: Tauros|Throat Chop|p2a: Girafarig\n|-supereffective|p2a: Girafarig\n|-damage|p2a: Girafarig|131/269\n|move|p2a: Girafarig|Nasty Plot|p2a: Girafarig\n|-boost|p2a: Girafarig|spa|2\n|\n|upkeep\n|turn|2\n|\n|t:|1782742629\n|move|p1a: Tauros|Throat Chop|p2a: Girafarig\n|-supereffective|p2a: Girafarig\n|-damage|p2a: Girafarig|0 fnt\n|faint|p2a: Girafarig\n|\n|upkeep\n|\n|t:|1782742632\n|switch|p2a: Heracross|Heracross, L80, M|259/259\n|turn|3\n|\n|t:|1782742654\n|move|p1a: Tauros|Body Slam|p2a: Heracross\n|-damage|p2a: Heracross|84/259\n|move|p2a: Heracross|Close Combat|p1a: Tauros\n|-supereffective|p1a: Tauros\n|-damage|p1a: Tauros|0 fnt\n|-unboost|p2a: Heracross|def|1\n|-unboost|p2a: Heracross|spd|1\n|faint|p1a: Tauros\n|-ability|p2a: Heracross|Moxie|boost\n|-boost|p2a: Heracross|atk|1\n|\n|upkeep\n|inactive|Rhseth has 120 seconds left.\n|\n|t:|1782742670\n|switch|p1a: Mimikyu|Mimikyu, L79, M|216/216\n|turn|4\n|\n|t:|1782742676\n|switch|p2a: Scovillain|Scovillain, L91, M|266/266\n|move|p1a: Mimikyu|Drain Punch|p2a: Scovillain\n|-damage|p2a: Scovillain|202/266\n|-damage|p1a: Mimikyu|195/216|[from] item: Life Orb\n|\n|upkeep\n|turn|5\n|\n|t:|1782742682\n|switch|p1a: Cinderace|Cinderace, L77, M|250/250\n|move|p2a: Scovillain|Sunny Day|p2a: Scovillain\n|-weather|SunnyDay\n|\n|-weather|SunnyDay|[upkeep]\n|upkeep\n|turn|6\n|\n|t:|1782742686\n|move|p2a: Scovillain|Stomping Tantrum|p1a: Cinderace\n|-supereffective|p1a: Cinderace\n|-damage|p1a: Cinderace|88/250\n|move|p1a: Cinderace|Pyro Ball|p2a: Scovillain\n|-damage|p2a: Scovillain|3/266\n|\n|-weather|SunnyDay|[upkeep]\n|upkeep\n|turn|7\n|\n|t:|1782742705\n|switch|p1a: Mimikyu|Mimikyu, L79, M|195/216\n|move|p2a: Scovillain|Stomping Tantrum|p1a: Mimikyu\n|-activate|p1a: Mimikyu|ability: Disguise\n|-damage|p1a: Mimikyu|195/216\n|detailschange|p1a: Mimikyu|Mimikyu-Busted, L79, M\n|-damage|p1a: Mimikyu|168/216|[from] pokemon: Mimikyu-Busted\n|\n|-weather|SunnyDay|[upkeep]\n|upkeep\n|turn|8\n|\n|t:|1782742713\n|move|p1a: Mimikyu|Shadow Sneak|p2a: Scovillain\n|-damage|p2a: Scovillain|0 fnt\n|faint|p2a: Scovillain\n|-damage|p1a: Mimikyu|147/216|[from] item: Life Orb\n|\n|-weather|SunnyDay|[upkeep]\n|upkeep\n|\n|t:|1782742716\n|switch|p2a: Heracross|Heracross, L80, M|84/259\n|turn|9\n|\n|t:|1782742724\n|switch|p1a: Klefki|Klefki, L84, M|233/233\n|move|p2a: Heracross|Knock Off|p1a: Klefki\n|-resisted|p1a: Klefki\n|-damage|p1a: Klefki|179/233\n|-enditem|p1a: Klefki|Leftovers|[from] move: Knock Off|[of] p2a: Heracross\n|\n|-weather|none\n|upkeep\n|turn|10\n|\n|t:|1782742732\n|switch|p2a: Eternatus|Eternatus, L69|308/308\n|-ability|p2a: Eternatus|Pressure\n|move|p1a: Klefki|Thunder Wave|p2a: Eternatus\n|-status|p2a: Eternatus|par\n|\n|upkeep\n|turn|11\n|\n|t:|1782742740\n|move|p1a: Klefki|Spikes|p2a: Eternatus\n|-sidestart|p2: WATER14|Spikes\n|move|p2a: Eternatus|Flamethrower|p1a: Klefki\n|-supereffective|p1a: Klefki\n|-damage|p1a: Klefki|63/233\n|\n|upkeep\n|turn|12\n|\n|t:|1782742746\n|move|p1a: Klefki|Spikes|p2a: Eternatus\n|-sidestart|p2: WATER14|Spikes\n|move|p2a: Eternatus|Flamethrower|p1a: Klefki\n|-supereffective|p1a: Klefki\n|-damage|p1a: Klefki|0 fnt\n|faint|p1a: Klefki\n|\n|upkeep\n|\n|t:|1782742754\n|switch|p1a: Klawf|Klawf, L90, F|272/272\n|turn|13\n|\n|t:|1782742759\n|move|p1a: Klawf|Swords Dance|p1a: Klawf\n|-boost|p1a: Klawf|atk|2\n|cant|p2a: Eternatus|par\n|\n|upkeep\n|turn|14\n|\n|t:|1782742765\n|move|p1a: Klawf|Stone Edge|p2a: Eternatus|[miss]\n|-miss|p1a: Klawf|p2a: Eternatus\n|move|p2a: Eternatus|Toxic|p1a: Klawf\n|-status|p1a: Klawf|tox\n|\n|-damage|p1a: Klawf|255/272 tox|[from] psn\n|upkeep\n|turn|15\n|\n|t:|1782742778\n|move|p1a: Klawf|Stone Edge|p2a: Eternatus|[miss]\n|-miss|p1a: Klawf|p2a: Eternatus\n|move|p2a: Eternatus|Dynamax Cannon|p1a: Klawf\n|-damage|p1a: Klawf|119/272 tox\n|-ability|p1a: Klawf|Anger Shell|boost\n|-boost|p1a: Klawf|atk|1\n|-boost|p1a: Klawf|spa|1\n|-boost|p1a: Klawf|spe|1\n|-unboost|p1a: Klawf|def|1\n|-unboost|p1a: Klawf|spd|1\n|\n|-damage|p1a: Klawf|85/272 tox|[from] psn\n|upkeep\n|turn|16\n|\n|t:|1782742784\n|move|p1a: Klawf|Stone Edge|p2a: Eternatus|[miss]\n|-miss|p1a: Klawf|p2a: Eternatus\n|move|p2a: Eternatus|Recover||[still]\n|-fail|p2a: Eternatus|heal\n|\n|-damage|p1a: Klawf|34/272 tox|[from] psn\n|upkeep\n|turn|17\n|c|\u2606Rhseth|Wtf\n|\n|t:|1782742795\n|move|p1a: Klawf|Stone Edge|p2a: Eternatus\n|-crit|p2a: Eternatus\n|-damage|p2a: Eternatus|0 fnt\n|faint|p2a: Eternatus\n|\n|-damage|p1a: Klawf|0 fnt|[from] psn\n|faint|p1a: Klawf\n|upkeep\n|\n|t:|1782742805\n|switch|p2a: Frosmoth|Frosmoth, L82, M|249/249\n|switch|p1a: Cinderace|Cinderace, L77, M|88/250\n|turn|18\n|\n|t:|1782742813\n|-terastallize|p2a: Frosmoth|Water\n|move|p1a: Cinderace|U-turn|p2a: Frosmoth\n|-start|p1a: Cinderace|typechange|Bug|[from] ability: Libero\n|-damage|p2a: Frosmoth|158/249\n|\n|t:|1782742820\n|switch|p1a: Luvdisc|Luvdisc, M|247/247|[from] U-turn\n|move|p2a: Frosmoth|Quiver Dance|p2a: Frosmoth\n|-boost|p2a: Frosmoth|spa|1\n|-boost|p2a: Frosmoth|spd|1\n|-boost|p2a: Frosmoth|spe|1\n|\n|upkeep\n|turn|19\n|\n|t:|1782742827\n|move|p1a: Luvdisc|Substitute|p1a: Luvdisc\n|-start|p1a: Luvdisc|Substitute\n|-damage|p1a: Luvdisc|186/247\n|move|p2a: Frosmoth|Bug Buzz|p1a: Luvdisc\n|-damage|p1a: Luvdisc|9/247\n|\n|upkeep\n|turn|20\n|\n|t:|1782742833\n|move|p1a: Luvdisc|Endeavor|p2a: Frosmoth\n|-damage|p2a: Frosmoth|9/249\n|move|p2a: Frosmoth|Bug Buzz|p1a: Luvdisc\n|-damage|p1a: Luvdisc|0 fnt\n|faint|p1a: Luvdisc\n|\n|upkeep\n|\n|t:|1782742836\n|switch|p1a: Mimikyu|Mimikyu-Busted, L79, M|147/216\n|turn|21\n|\n|t:|1782742840\n|move|p1a: Mimikyu|Shadow Sneak|p2a: Frosmoth\n|-damage|p2a: Frosmoth|0 fnt\n|faint|p2a: Frosmoth\n|-damage|p1a: Mimikyu|126/216|[from] item: Life Orb\n|\n|upkeep\n|\n|t:|1782742842\n|switch|p2a: Froslass|Froslass, L87, F|263/263\n|-damage|p2a: Froslass|220/263|[from] Spikes\n|turn|22\n|\n|t:|1782742847\n|move|p1a: Mimikyu|Shadow Sneak|p2a: Froslass\n|-supereffective|p2a: Froslass\n|-damage|p2a: Froslass|111/263\n|-damage|p1a: Mimikyu|105/216|[from] item: Life Orb\n|move|p2a: Froslass|Poltergeist|p1a: Mimikyu\n|-activate|p1a: Mimikyu|move: Poltergeist|Life Orb\n|-supereffective|p1a: Mimikyu\n|-damage|p1a: Mimikyu|0 fnt\n|faint|p1a: Mimikyu\n|\n|upkeep\n|\n|t:|1782742855\n|switch|p1a: Cinderace|Cinderace, L77, M|88/250\n|turn|23\n|\n|t:|1782742860\n|move|p2a: Froslass|Destiny Bond|p2a: Froslass\n|-singlemove|p2a: Froslass|Destiny Bond\n|move|p1a: Cinderace|Pyro Ball|p2a: Froslass|[miss]\n|-miss|p1a: Cinderace|p2a: Froslass\n|\n|upkeep\n|turn|24\n|\n|t:|1782742865\n|move|p2a: Froslass|Poltergeist|p1a: Cinderace\n|-activate|p1a: Cinderace|move: Poltergeist|Heavy-Duty Boots\n|-damage|p1a: Cinderace|0 fnt\n|faint|p1a: Cinderace\n|\n|win|WATER14\n|raw|Rhseth's rating: 1608 &rarr; <strong>1586</strong><br />(-22 for losing)\n|raw|WATER14's rating: 1574 &rarr; <strong>1596</strong><br />(+22 for winning)\n", "inputlog": ">version f8ac14003a5f27e1bdc8d8c59608a773c1cb96e5\n>start {\"formatid\":\"gen9randombattle\",\"seed\":\"sodium,457c8cee551c8ca457f8071774224cfb\",\"rated\":\"Rated battle\"}\n>player p1 {\"name\":\"Rhseth\",\"avatar\":\"266\",\"rating\":1608,\"seed\":\"sodium,43f04ad70ae36f94396782710c448135\"}\n>player p2 {\"name\":\"WATER14\",\"avatar\":\"2\",\"rating\":1574,\"seed\":\"sodium,9e27288efc9831a369ab847cf0230c66\"}\n>p1 move throatchop\n>p2 move nastyplot\n>p1 move throatchop\n>p2 move hypervoice\n>p2 switch 4\n>p1 move bodyslam\n>p2 move closecombat\n>p1 switch 3\n>p1 move drainpunch\n>p2 switch 2\n>p1 switch 2\n>p2 move sunnyday\n>p1 move pyroball\n>p2 move stompingtantrum\n>p1 switch 2\n>p2 move stompingtantrum\n>p1 move shadowsneak\n>p2 move fireblast\n>p2 switch 2\n>p1 switch 6\n>p2 move knockoff\n>p1 move thunderwave\n>p2 switch 6\n>p1 move spikes\n>p2 move flamethrower\n>p1 move spikes\n>p2 move flamethrower\n>p1 switch 4\n>p1 move swordsdance\n>p2 move dynamaxcannon\n>p1 move stoneedge\n>p2 move toxic\n>p1 move stoneedge\n>p2 move dynamaxcannon\n>p1 move stoneedge\n>p2 move recover\n>chat \u2606Rhseth|Wtf\n>p1 move stoneedge\n>p2 move recover\n>p1 switch 2\n>p2 switch 3\n>p1 move uturn\n>p2 move quiverdance terastallize\n>p1 switch 5\n>p1 move substitute\n>p2 move bugbuzz\n>p1 move endeavor\n>p2 move bugbuzz\n>p1 switch 6\n>p1 move shadowsneak\n>p2 move bugbuzz\n>p2 switch 5\n>p1 move shadowsneak\n>p2 move poltergeist\n>p1 switch 5\n>p1 move pyroball\n>p2 move destinybond\n>p1 move pyroball\n>p2 move poltergeist", "uploadtime": 1782742870, "views": 11, "formatid": "gen9randombattle", "rating": 1586, "private": 0, "password": null, "player_dets": [{"name": "Rhseth", "avatar": "266", "rating": 1608, "seed": "sodium,43f04ad70ae36f94396782710c448135"}, {"name": "WATER14", "avatar": "2", "rating": 1574, "seed": "sodium,9e27288efc9831a369ab847cf0230c66"}], "teams_full": [{"Tauros": {"name": "Tauros", "species": "Tauros", "speciesId": "tauros", "gender": "M", "shiny": false, "level": 82, "moves": ["earthquake", "bodyslam", "throatchop", "closecombat"], "ability": "Sheer Force", "evs": {"hp": 85, "atk": 85, "def": 85, "spa": 85, "spd": 85, "spe": 85}, "ivs": {"hp": 31, "atk": 31, "def": 31, "spa": 31, "spd": 31, "spe": 31}, "item": "Life Orb", "teraType": "Ground", "role": "Fast Attacker", "bvs": {"hp": 75, "atk": 100, "def": 95, "spa": 40, "spd": 70, "spe": 110}, "stats": {"hp": 257, "atk": 211, "def": 203, "spa": 113, "spd": 162, "spe": 228}, "types": ["Normal"]}, "Cinderace": {"name": "Cinderace", "species": "Cinderace", "speciesId": "cinderace", "gender": "M", "shiny": false, "level": 77, "moves": ["uturn", "courtchange", "pyroball", "willowisp"], "ability": "Libero", "evs": {"hp": 85, "atk": 85, "def": 85, "spa": 85, "spd": 85, "spe": 85}, "ivs": {"hp": 31, "atk": 31, "def": 31, "spa": 31, "spd": 31, "spe": 31}, "item": "Heavy-Duty Boots", "teraType": "Grass", "role": "Fast Support", "bvs": {"hp": 80, "atk": 116, "def": 75, "spa": 65, "spd": 75, "spe": 119}, "stats": {"hp": 250, "atk": 223, "def": 160, "spa": 145, "spd": 160, "spe": 228}, "types": ["Fire"]}, "Mimikyu": {"name": "Mimikyu", "species": "Mimikyu", "speciesId": "mimikyu", "gender": "M", "shiny": false, "level": 79, "moves": ["shadowsneak", "drainpunch", "playrough", "swordsdance"], "ability": "Disguise", "evs": {"hp": 85, "atk": 85, "def": 85, "spa": 85, "spd": 85, "spe": 85}, "ivs": {"hp": 31, "atk": 31, "def": 31, "spa": 31, "spd": 31, "spe": 31}, "item": "Life Orb", "teraType": "Fighting", "role": "Setup Sweeper", "bvs": {"hp": 55, "atk": 90, "def": 80, "spa": 50, "spd": 105, "spe": 96}, "stats": {"hp": 216, "atk": 188, "def": 172, "spa": 125, "spd": 211, "spe": 197}, "types": ["Ghost", "Fairy"]}, "Klawf": {"name": "Klawf", "species": "Klawf", "speciesId": "klawf", "gender": "F", "shiny": false, "level": 90, "moves": ["knockoff", "stoneedge", "swordsdance", "crabhammer"], "ability": "Anger Shell", "evs": {"hp": 85, "atk": 85, "def": 85, "spa": 85, "spd": 85, "spe": 85}, "ivs": {"hp": 31, "atk": 31, "def": 31, "spa": 31, "spd": 31, "spe": 31}, "item": "Scope Lens", "teraType": "Rock", "role": "Setup Sweeper", "bvs": {"hp": 70, "atk": 100, "def": 115, "spa": 35, "spd": 55, "spe": 75}, "stats": {"hp": 272, "atk": 231, "def": 258, "spa": 114, "spd": 150, "spe": 186}, "types": ["Rock"]}, "Luvdisc": {"name": "Luvdisc", "species": "Luvdisc", "speciesId": "luvdisc", "gender": "M", "shiny": false, "level": 100, "moves": ["flipturn", "endeavor", "surf", "substitute"], "ability": "Swift Swim", "evs": {"hp": 81, "atk": 85, "def": 85, "spa": 85, "spd": 85, "spe": 85}, "ivs": {"hp": 31, "atk": 31, "def": 31, "spa": 31, "spd": 31, "spe": 31}, "item": "Heavy-Duty Boots", "teraType": "Ghost", "role": "Fast Support", "bvs": {"hp": 43, "atk": 30, "def": 55, "spa": 40, "spd": 65, "spe": 97}, "stats": {"hp": 247, "atk": 117, "def": 167, "spa": 137, "spd": 187, "spe": 251}, "types": ["Water"]}, "Klefki": {"name": "Klefki", "species": "Klefki", "speciesId": "klefki", "gender": "M", "shiny": false, "level": 84, "moves": ["thunderwave", "foulplay", "spikes", "dazzlinggleam"], "ability": "Prankster", "evs": {"hp": 85, "atk": 0, "def": 85, "spa": 85, "spd": 85, "spe": 85}, "ivs": {"hp": 31, "atk": 0, "def": 31, "spa": 31, "spd": 31, "spe": 31}, "item": "Leftovers", "teraType": "Flying", "role": "Bulky Attacker", "bvs": {"hp": 57, "atk": 80, "def": 91, "spa": 80, "spd": 87, "spe": 75}, "stats": {"hp": 233, "atk": 139, "def": 201, "spa": 183, "spd": 194, "spe": 174}, "types": ["Steel", "Fairy"]}}, {"Girafarig": {"name": "Girafarig", "species": "Girafarig", "speciesId": "girafarig", "gender": "F", "shiny": false, "level": 89, "moves": ["thunderbolt", "psyshock", "hypervoice", "nastyplot"], "ability": "Sap Sipper", "evs": {"hp": 85, "atk": 0, "def": 85, "spa": 85, "spd": 85, "spe": 85}, "ivs": {"hp": 31, "atk": 0, "def": 31, "spa": 31, "spd": 31, "spe": 31}, "item": "Eviolite", "teraType": "Normal", "role": "Fast Bulky Setup", "bvs": {"hp": 70, "atk": 80, "def": 65, "spa": 90, "spd": 65, "spe": 85}, "stats": {"hp": 269, "atk": 147, "def": 166, "spa": 211, "spd": 166, "spe": 202}, "types": ["Normal", "Psychic"]}, "Scovillain": {"name": "Scovillain", "species": "Scovillain", "speciesId": "scovillain", "gender": "M", "shiny": false, "level": 91, "moves": ["fireblast", "stompingtantrum", "energyball", "sunnyday"], "ability": "Chlorophyll", "evs": {"hp": 85, "atk": 85, "def": 85, "spa": 85, "spd": 85, "spe": 85}, "ivs": {"hp": 31, "atk": 31, "def": 31, "spa": 31, "spd": 31, "spe": 31}, "item": "Heavy-Duty Boots", "teraType": "Fire", "role": "Wallbreaker", "bvs": {"hp": 65, "atk": 108, "def": 65, "spa": 108, "spd": 65, "spe": 75}, "stats": {"hp": 266, "atk": 248, "def": 170, "spa": 248, "spd": 170, "spe": 188}, "types": ["Grass", "Fire"]}, "Frosmoth": {"name": "Frosmoth", "species": "Frosmoth", "speciesId": "frosmoth", "gender": "M", "shiny": false, "level": 82, "moves": ["icebeam", "quiverdance", "hurricane", "bugbuzz"], "ability": "Ice Scales", "evs": {"hp": 85, "atk": 0, "def": 85, "spa": 85, "spd": 85, "spe": 85}, "ivs": {"hp": 31, "atk": 0, "def": 31, "spa": 31, "spd": 31, "spe": 31}, "item": "Heavy-Duty Boots", "teraType": "Water", "role": "Setup Sweeper", "bvs": {"hp": 70, "atk": 65, "def": 60, "spa": 125, "spd": 90, "spe": 65}, "stats": {"hp": 249, "atk": 111, "def": 146, "spa": 252, "spd": 195, "spe": 154}, "types": ["Ice", "Bug"]}, "Heracross": {"name": "Heracross", "species": "Heracross", "speciesId": "heracross", "gender": "M", "shiny": false, "level": 80, "moves": ["megahorn", "stoneedge", "knockoff", "closecombat"], "ability": "Moxie", "evs": {"hp": 85, "atk": 85, "def": 85, "spa": 85, "spd": 85, "spe": 85}, "ivs": {"hp": 31, "atk": 31, "def": 31, "spa": 31, "spd": 31, "spe": 31}, "item": "Choice Band", "teraType": "Bug", "role": "Fast Attacker", "bvs": {"hp": 80, "atk": 125, "def": 75, "spa": 40, "spd": 95, "spe": 85}, "stats": {"hp": 259, "atk": 246, "def": 166, "spa": 110, "spd": 198, "spe": 182}, "types": ["Bug", "Fighting"]}, "Froslass": {"name": "Froslass", "species": "Froslass", "speciesId": "froslass", "gender": "F", "shiny": false, "level": 87, "moves": ["tripleaxel", "poltergeist", "destinybond", "willowisp"], "ability": "Cursed Body", "evs": {"hp": 81, "atk": 85, "def": 85, "spa": 85, "spd": 85, "spe": 85}, "ivs": {"hp": 31, "atk": 31, "def": 31, "spa": 31, "spd": 31, "spe": 31}, "item": "Wide Lens", "teraType": "Ghost", "role": "Fast Support", "bvs": {"hp": 70, "atk": 80, "def": 70, "spa": 80, "spd": 70, "spe": 110}, "stats": {"hp": 263, "atk": 189, "def": 172, "spa": 189, "spd": 172, "spe": 241}, "types": ["Ice", "Ghost"]}, "Eternatus": {"name": "Eternatus", "species": "Eternatus", "speciesId": "eternatus", "gender": "N", "shiny": false, "level": 69, "moves": ["dynamaxcannon", "flamethrower", "recover", "toxic"], "ability": "Pressure", "evs": {"hp": 85, "atk": 0, "def": 85, "spa": 85, "spd": 85, "spe": 85}, "ivs": {"hp": 31, "atk": 0, "def": 31, "spa": 31, "spd": 31, "spe": 31}, "item": "Rocky Helmet", "teraType": "Water", "role": "Bulky Support", "bvs": {"hp": 140, "atk": 85, "def": 95, "spa": 145, "spd": 95, "spe": 130}, "stats": {"hp": 308, "atk": 122, "def": 171, "spa": 240, "spd": 171, "spe": 220}, "types": ["Poison", "Dragon"]}}]}