{"id": "gen9randombattle-2641463959", "format": "[Gen 9] Random Battle", "players": ["Zabeme", "beavis7"], "log": "|j|\u2606Zabeme\n|j|\u2606beavis7\n|t:|1782788773\n|gametype|singles\n|player|p1|Zabeme|lady-gen4|1514\n|player|p2|beavis7|266|1540\n|gen|9\n|tier|[Gen 9] Random Battle\n|rated|\n|rule|Species Clause: Limit one of each Pok\u00e9mon\n|rule|HP Percentage Mod: HP is shown in percentages\n|rule|Sleep Clause Mod: Limit one foe put to sleep\n|rule|Illusion Level Mod: Illusion disguises the Pok\u00e9mon's true level\n|\n|t:|1782788773\n|teamsize|p1|6\n|teamsize|p2|6\n|start\n|switch|p1a: Deoxys|Deoxys-Attack, L72|191/191\n|switch|p2a: Bronzong|Bronzong, L88|261/261\n|-ability|p1a: Deoxys|Pressure\n|turn|1\n|inactive|Battle timer is ON: inactive players will automatically lose when time's up. (requested by beavis7)\n|\n|t:|1782788782\n|move|p1a: Deoxys|Knock Off|p2a: Bronzong\n|-supereffective|p2a: Bronzong\n|-damage|p2a: Bronzong|92/261\n|-enditem|p2a: Bronzong|Leftovers|[from] move: Knock Off|[of] p1a: Deoxys\n|-damage|p1a: Deoxys|172/191|[from] item: Life Orb\n|move|p2a: Bronzong|Stealth Rock|p1a: Deoxys\n|-sidestart|p1: Zabeme|move: Stealth Rock\n|\n|upkeep\n|turn|2\n|\n|t:|1782788810\n|switch|p1a: Umbreon|Umbreon, L84, F|297/297\n|-damage|p1a: Umbreon|260/297|[from] Stealth Rock\n|move|p2a: Bronzong|Iron Head|p1a: Umbreon\n|-damage|p1a: Umbreon|188/297\n|\n|-heal|p1a: Umbreon|206/297|[from] item: Leftovers\n|upkeep\n|turn|3\n|\n|t:|1782788818\n|move|p1a: Umbreon|Foul Play|p2a: Bronzong\n|-supereffective|p2a: Bronzong\n|-damage|p2a: Bronzong|0 fnt\n|faint|p2a: Bronzong\n|\n|-heal|p1a: Umbreon|224/297|[from] item: Leftovers\n|upkeep\n|\n|t:|1782788822\n|switch|p2a: Araquanid|Araquanid, L82, F|246/246\n|turn|4\n|\n|t:|1782788844\n|move|p1a: Umbreon|Toxic|p2a: Araquanid\n|-status|p2a: Araquanid|tox\n|move|p2a: Araquanid|Sticky Web|p1a: Umbreon\n|-sidestart|p1: Zabeme|move: Sticky Web\n|\n|-heal|p1a: Umbreon|242/297|[from] item: Leftovers\n|-damage|p2a: Araquanid|231/246 tox|[from] psn\n|upkeep\n|turn|5\n|\n|t:|1782788848\n|move|p1a: Umbreon|Foul Play|p2a: Araquanid\n|-damage|p2a: Araquanid|153/246 tox\n|move|p2a: Araquanid|Leech Life|p1a: Umbreon\n|-supereffective|p1a: Umbreon\n|-damage|p1a: Umbreon|144/297\n|-heal|p2a: Araquanid|202/246 tox|[from] drain|[of] p1a: Umbreon\n|\n|-heal|p1a: Umbreon|162/297|[from] item: Leftovers\n|-damage|p2a: Araquanid|172/246 tox|[from] psn\n|upkeep\n|turn|6\n|\n|t:|1782788855\n|move|p1a: Umbreon|Protect|p1a: Umbreon\n|-singleturn|p1a: Umbreon|Protect\n|move|p2a: Araquanid|Leech Life|p1a: Umbreon\n|-activate|p1a: Umbreon|move: Protect\n|\n|-heal|p1a: Umbreon|180/297|[from] item: Leftovers\n|-damage|p2a: Araquanid|127/246 tox|[from] psn\n|upkeep\n|turn|7\n|\n|t:|1782788860\n|move|p1a: Umbreon|Wish|p1a: Umbreon\n|move|p2a: Araquanid|Leech Life|p1a: Umbreon\n|-supereffective|p1a: Umbreon\n|-damage|p1a: Umbreon|72/297\n|-heal|p2a: Araquanid|181/246 tox|[from] drain|[of] p1a: Umbreon\n|\n|-heal|p1a: Umbreon|90/297|[from] item: Leftovers\n|-damage|p2a: Araquanid|121/246 tox|[from] psn\n|upkeep\n|turn|8\n|\n|t:|1782788869\n|switch|p2a: Sableye|Sableye, L88, F|231/231\n|move|p1a: Umbreon|Protect||[still]\n|-fail|p1a: Umbreon\n|\n|-heal|p1a: Umbreon|238/297|[from] move: Wish|[wisher] Umbreon\n|-heal|p1a: Umbreon|256/297|[from] item: Leftovers\n|upkeep\n|turn|9\n|\n|t:|1782788886\n|switch|p1a: Alcremie|Alcremie-Caramel-Swirl, L90, F|263/263\n|-damage|p1a: Alcremie|231/263|[from] Stealth Rock\n|-activate|p1a: Alcremie|move: Sticky Web\n|-unboost|p1a: Alcremie|spe|1\n|-terastallize|p2a: Sableye|Steel\n|move|p2a: Sableye|Knock Off|p1a: Alcremie\n|-resisted|p1a: Alcremie\n|-damage|p1a: Alcremie|183/263\n|-enditem|p1a: Alcremie|Leftovers|[from] move: Knock Off|[of] p2a: Sableye\n|\n|upkeep\n|turn|10\n|\n|t:|1782788905\n|-terastallize|p1a: Alcremie|Ground\n|move|p2a: Sableye|Thunder Wave|p1a: Alcremie\n|-immune|p1a: Alcremie\n|move|p1a: Alcremie|Tera Blast|p2a: Sableye|[anim] Tera Blast Ground\n|-supereffective|p2a: Sableye\n|-damage|p2a: Sableye|0 fnt\n|faint|p2a: Sableye\n|\n|upkeep\n|\n|t:|1782788914\n|switch|p2a: Ogerpon|Ogerpon, L80, F|259/259\n|turn|11\n|\n|t:|1782788936\n|switch|p1a: Umbreon|Umbreon, L84, F|256/297\n|-damage|p1a: Umbreon|219/297|[from] Stealth Rock\n|-activate|p1a: Umbreon|move: Sticky Web\n|-unboost|p1a: Umbreon|spe|1\n|move|p2a: Ogerpon|Ivy Cudgel|p1a: Umbreon\n|-crit|p1a: Umbreon\n|-damage|p1a: Umbreon|78/297\n|\n|-heal|p1a: Umbreon|96/297|[from] item: Leftovers\n|upkeep\n|turn|12\n|\n|t:|1782788945\n|switch|p2a: Araquanid|Araquanid, L82, F|121/246 tox\n|move|p1a: Umbreon|Protect||[still]\n|-fail|p1a: Umbreon\n|\n|-heal|p1a: Umbreon|114/297|[from] item: Leftovers\n|-damage|p2a: Araquanid|106/246 tox|[from] psn\n|upkeep\n|turn|13\n|\n|t:|1782788950\n|move|p1a: Umbreon|Protect|p1a: Umbreon\n|-singleturn|p1a: Umbreon|Protect\n|move|p2a: Araquanid|Leech Life|p1a: Umbreon\n|-activate|p1a: Umbreon|move: Protect\n|\n|-heal|p1a: Umbreon|132/297|[from] item: Leftovers\n|-damage|p2a: Araquanid|76/246 tox|[from] psn\n|upkeep\n|turn|14\n|\n|t:|1782788965\n|move|p2a: Araquanid|Leech Life|p1a: Umbreon\n|-supereffective|p1a: Umbreon\n|-damage|p1a: Umbreon|24/297\n|-heal|p2a: Araquanid|130/246 tox|[from] drain|[of] p1a: Umbreon\n|move|p1a: Umbreon|Wish|p1a: Umbreon\n|\n|-heal|p1a: Umbreon|42/297|[from] item: Leftovers\n|-damage|p2a: Araquanid|85/246 tox|[from] psn\n|upkeep\n|turn|15\n|\n|t:|1782788983\n|move|p1a: Umbreon|Protect|p1a: Umbreon\n|-singleturn|p1a: Umbreon|Protect\n|move|p2a: Araquanid|Leech Life|p1a: Umbreon\n|-activate|p1a: Umbreon|move: Protect\n|\n|-heal|p1a: Umbreon|190/297|[from] move: Wish|[wisher] Umbreon\n|-heal|p1a: Umbreon|208/297|[from] item: Leftovers\n|-damage|p2a: Araquanid|25/246 tox|[from] psn\n|upkeep\n|turn|16\n|\n|t:|1782788996\n|switch|p1a: Alcremie|Alcremie-Caramel-Swirl, L90, F, tera:Ground|183/263\n|-damage|p1a: Alcremie|167/263|[from] Stealth Rock\n|-activate|p1a: Alcremie|move: Sticky Web\n|-unboost|p1a: Alcremie|spe|1\n|move|p2a: Araquanid|Leech Life|p1a: Alcremie\n|-damage|p1a: Alcremie|97/263\n|-heal|p2a: Araquanid|60/246 tox|[from] drain|[of] p1a: Alcremie\n|\n|-damage|p2a: Araquanid|0 fnt|[from] psn\n|faint|p2a: Araquanid\n|upkeep\n|\n|t:|1782789003\n|switch|p2a: Tyranitar|Tyranitar, L78, M|284/284\n|-weather|Sandstorm|[from] ability: Sand Stream|[of] p2a: Tyranitar\n|turn|17\n|\n|t:|1782789008\n|move|p2a: Tyranitar|Dragon Dance|p2a: Tyranitar\n|-boost|p2a: Tyranitar|atk|1\n|-boost|p2a: Tyranitar|spe|1\n|move|p1a: Alcremie|Alluring Voice|p2a: Tyranitar\n|-supereffective|p2a: Tyranitar\n|-damage|p2a: Tyranitar|140/284\n|-start|p2a: Tyranitar|confusion\n|-enditem|p2a: Tyranitar|Weakness Policy\n|-boost|p2a: Tyranitar|atk|2|[from] item: Weakness Policy\n|-boost|p2a: Tyranitar|spa|2|[from] item: Weakness Policy\n|\n|-weather|Sandstorm|[upkeep]\n|upkeep\n|turn|18\n|\n|t:|1782789014\n|-activate|p2a: Tyranitar|confusion\n|-damage|p2a: Tyranitar|73/284|[from] confusion\n|move|p1a: Alcremie|Tera Blast|p2a: Tyranitar|[anim] Tera Blast Ground\n|-supereffective|p2a: Tyranitar\n|-damage|p2a: Tyranitar|0 fnt\n|faint|p2a: Tyranitar\n|\n|-weather|Sandstorm|[upkeep]\n|upkeep\n|\n|t:|1782789017\n|switch|p2a: Oricorio|Oricorio-Pom-Pom, L82, M|257/257\n|turn|19\n|\n|t:|1782789021\n|move|p2a: Oricorio|Quiver Dance|p2a: Oricorio\n|-boost|p2a: Oricorio|spa|1\n|-boost|p2a: Oricorio|spd|1\n|-boost|p2a: Oricorio|spe|1\n|move|p1a: Alcremie|Recover|p1a: Alcremie\n|-heal|p1a: Alcremie|229/263\n|\n|-weather|Sandstorm|[upkeep]\n|-damage|p2a: Oricorio|241/257|[from] Sandstorm\n|upkeep\n|turn|20\n|\n|t:|1782789029\n|move|p2a: Oricorio|Hurricane|p1a: Alcremie|[miss]\n|-miss|p2a: Oricorio|p1a: Alcremie\n|move|p1a: Alcremie|Alluring Voice|p2a: Oricorio\n|-damage|p2a: Oricorio|150/257\n|\n|-weather|Sandstorm|[upkeep]\n|-damage|p2a: Oricorio|134/257|[from] Sandstorm\n|upkeep\n|turn|21\n|\n|t:|1782789032\n|move|p2a: Oricorio|Hurricane|p1a: Alcremie|[miss]\n|-miss|p2a: Oricorio|p1a: Alcremie\n|move|p1a: Alcremie|Alluring Voice|p2a: Oricorio\n|-damage|p2a: Oricorio|43/257\n|\n|-weather|none\n|upkeep\n|turn|22\n|\n|t:|1782789034\n|move|p2a: Oricorio|Hurricane|p1a: Alcremie\n|-damage|p1a: Alcremie|97/263\n|move|p1a: Alcremie|Alluring Voice|p2a: Oricorio\n|-damage|p2a: Oricorio|0 fnt\n|faint|p2a: Oricorio\n|\n|upkeep\n|\n|t:|1782789036\n|switch|p2a: Ogerpon|Ogerpon, L80, F|259/259\n|turn|23\n|\n|t:|1782789038\n|move|p2a: Ogerpon|Ivy Cudgel|p1a: Alcremie\n|-supereffective|p1a: Alcremie\n|-damage|p1a: Alcremie|0 fnt\n|faint|p1a: Alcremie\n|\n|upkeep\n|\n|t:|1782789048\n|switch|p1a: Piloswine|Piloswine, L85, M|309/309\n|-damage|p1a: Piloswine|271/309|[from] Stealth Rock\n|-activate|p1a: Piloswine|move: Sticky Web\n|-unboost|p1a: Piloswine|spe|1\n|turn|24\n|\n|t:|1782789052\n|move|p1a: Piloswine|Ice Shard|p2a: Ogerpon\n|-supereffective|p2a: Ogerpon\n|-damage|p2a: Ogerpon|169/259\n|move|p2a: Ogerpon|Ivy Cudgel|p1a: Piloswine\n|-supereffective|p1a: Piloswine\n|-damage|p1a: Piloswine|119/309\n|\n|-heal|p2a: Ogerpon|185/259|[from] item: Leftovers\n|upkeep\n|turn|25\n|\n|t:|1782789061\n|move|p1a: Piloswine|Ice Shard|p2a: Ogerpon\n|-supereffective|p2a: Ogerpon\n|-damage|p2a: Ogerpon|87/259\n|move|p2a: Ogerpon|Ivy Cudgel|p1a: Piloswine\n|-supereffective|p1a: Piloswine\n|-damage|p1a: Piloswine|0 fnt\n|faint|p1a: Piloswine\n|\n|-heal|p2a: Ogerpon|103/259|[from] item: Leftovers\n|upkeep\n|\n|t:|1782789069\n|switch|p1a: Umbreon|Umbreon, L84, F|208/297\n|-damage|p1a: Umbreon|171/297|[from] Stealth Rock\n|-activate|p1a: Umbreon|move: Sticky Web\n|-unboost|p1a: Umbreon|spe|1\n|turn|26\n|\n|t:|1782789078\n|move|p2a: Ogerpon|Synthesis|p2a: Ogerpon\n|-heal|p2a: Ogerpon|232/259\n|move|p1a: Umbreon|Toxic|p2a: Ogerpon\n|-status|p2a: Ogerpon|tox\n|\n|-heal|p2a: Ogerpon|248/259 tox|[from] item: Leftovers\n|-heal|p1a: Umbreon|189/297|[from] item: Leftovers\n|-damage|p2a: Ogerpon|232/259 tox|[from] psn\n|upkeep\n|turn|27\n|\n|t:|1782789082\n|move|p2a: Ogerpon|Encore|p1a: Umbreon\n|-start|p1a: Umbreon|Encore\n|move|p1a: Umbreon|Toxic|p2a: Ogerpon\n|-fail|p2a: Ogerpon|tox\n|\n|-heal|p2a: Ogerpon|248/259 tox|[from] item: Leftovers\n|-heal|p1a: Umbreon|207/297|[from] item: Leftovers\n|-damage|p2a: Ogerpon|216/259 tox|[from] psn\n|upkeep\n|turn|28\n|\n|t:|1782789085\n|move|p2a: Ogerpon|Ivy Cudgel|p1a: Umbreon\n|-damage|p1a: Umbreon|108/297\n|move|p1a: Umbreon|Toxic|p2a: Ogerpon\n|-fail|p2a: Ogerpon|tox\n|\n|-heal|p2a: Ogerpon|232/259 tox|[from] item: Leftovers\n|-heal|p1a: Umbreon|126/297|[from] item: Leftovers\n|-damage|p2a: Ogerpon|184/259 tox|[from] psn\n|upkeep\n|turn|29\n|\n|t:|1782789111\n|move|p2a: Ogerpon|Ivy Cudgel|p1a: Umbreon\n|-damage|p1a: Umbreon|27/297\n|move|p1a: Umbreon|Toxic|p2a: Ogerpon\n|-fail|p2a: Ogerpon|tox\n|\n|-heal|p2a: Ogerpon|200/259 tox|[from] item: Leftovers\n|-heal|p1a: Umbreon|45/297|[from] item: Leftovers\n|-damage|p2a: Ogerpon|136/259 tox|[from] psn\n|-end|p1a: Umbreon|Encore\n|upkeep\n|turn|30\n|\n|t:|1782789119\n|move|p2a: Ogerpon|Synthesis|p2a: Ogerpon\n|-heal|p2a: Ogerpon|259/259 tox\n|move|p1a: Umbreon|Wish|p1a: Umbreon\n|\n|-heal|p1a: Umbreon|63/297|[from] item: Leftovers\n|-damage|p2a: Ogerpon|179/259 tox|[from] psn\n|upkeep\n|turn|31\n|\n|t:|1782789124\n|move|p1a: Umbreon|Protect|p1a: Umbreon\n|-singleturn|p1a: Umbreon|Protect\n|move|p2a: Ogerpon|Encore|p1a: Umbreon\n|-activate|p1a: Umbreon|move: Protect\n|\n|-heal|p1a: Umbreon|211/297|[from] move: Wish|[wisher] Umbreon\n|-heal|p2a: Ogerpon|195/259 tox|[from] item: Leftovers\n|-heal|p1a: Umbreon|229/297|[from] item: Leftovers\n|-damage|p2a: Ogerpon|99/259 tox|[from] psn\n|upkeep\n|turn|32\n|-message|beavis7 forfeited.\n|\n|win|Zabeme\n|raw|Zabeme's rating: 1514 &rarr; <strong>1535</strong><br />(+21 for winning)\n|raw|beavis7's rating: 1540 &rarr; <strong>1519</strong><br />(-21 for losing)\n|l|\u2606beavis7\n|player|p2|\n", "inputlog": ">version f8ac14003a5f27e1bdc8d8c59608a773c1cb96e5\n>start {\"formatid\":\"gen9randombattle\",\"seed\":\"sodium,b4cf72051fdfa438323ffb9d2ef43462\",\"rated\":\"Rated battle\"}\n>player p1 {\"name\":\"Zabeme\",\"avatar\":\"lady-gen4\",\"rating\":1514,\"seed\":\"sodium,0374a9efbf957e84df53a3a1e02a6542\"}\n>player p2 {\"name\":\"beavis7\",\"avatar\":\"266\",\"rating\":1540,\"seed\":\"sodium,11ee4cc54ec1797a2191bec886557e22\"}\n>p1 move knockoff\n>p2 move stealthrock\n>p1 switch 4\n>p2 move ironhead\n>p1 move foulplay\n>p2 move earthquake\n>p2 switch 6\n>p1 move toxic\n>p2 move stickyweb\n>p1 move foulplay\n>p2 move leechlife\n>p1 move protect\n>p2 move leechlife\n>p1 move wish\n>p2 move leechlife\n>p1 move protect\n>p2 switch 4\n>p1 switch 6\n>p2 move knockoff terastallize\n>p1 move terablast terastallize\n>p2 move thunderwave\n>p2 switch 5\n>p1 switch 6\n>p2 move ivycudgel\n>p1 move protect\n>p2 switch 4\n>p1 move protect\n>p2 move leechlife\n>p1 move wish\n>p2 move leechlife\n>p1 move protect\n>p2 move leechlife\n>p1 switch 6\n>p2 move leechlife\n>p2 switch 2\n>p1 move alluringvoice\n>p2 move dragondance\n>p1 move terablast\n>p2 move icepunch\n>p2 switch 3\n>p1 move recover\n>p2 move quiverdance\n>p1 move alluringvoice\n>p2 move hurricane\n>p1 move alluringvoice\n>p2 move hurricane\n>p1 move alluringvoice\n>p2 move hurricane\n>p2 switch 4\n>p1 move alluringvoice\n>p2 move ivycudgel\n>p1 switch 5\n>p1 move iceshard\n>p2 move ivycudgel\n>p1 move iceshard\n>p2 move ivycudgel\n>p1 switch 6\n>p1 move toxic\n>p2 move synthesis\n>p1 move wish\n>p2 move encore\n>p1 move toxic\n>p2 move ivycudgel\n>p1 move toxic\n>p2 move ivycudgel\n>p1 move wish\n>p2 move synthesis\n>p1 move protect\n>p2 move encore\n>forcelose p2", "uploadtime": 1782789133, "views": 4, "formatid": "gen9randombattle", "rating": 1519, "private": 0, "password": null, "player_dets": [{"name": "Zabeme", "avatar": "lady-gen4", "rating": 1514, "seed": "sodium,0374a9efbf957e84df53a3a1e02a6542"}, {"name": "beavis7", "avatar": "266", "rating": 1540, "seed": "sodium,11ee4cc54ec1797a2191bec886557e22"}], "teams_full": [{"Deoxys": {"name": "Deoxys", "species": "Deoxys-Attack", "speciesId": "deoxysattack", "gender": "N", "shiny": false, "level": 72, "moves": ["knockoff", "extremespeed", "superpower", "psychoboost"], "ability": "Pressure", "evs": {"hp": 85, "atk": 85, "def": 85, "spa": 85, "spd": 85, "spe": 85}, "ivs": {"hp": 31, "atk": 31, "def": 31, "spa": 31, "spd": 31, "spe": 31}, "item": "Life Orb", "teraType": "Psychic", "role": "Fast Attacker", "bvs": {"hp": 50, "atk": 180, "def": 20, "spa": 180, "spd": 20, "spe": 150}, "stats": {"hp": 191, "atk": 301, "def": 71, "spa": 301, "spd": 71, "spe": 258}, "types": ["Psychic"]}, "Azumarill": {"name": "Azumarill", "species": "Azumarill", "speciesId": "azumarill", "gender": "M", "shiny": false, "level": 82, "moves": ["liquidation", "knockoff", "aquajet", "playrough"], "ability": "Huge Power", "evs": {"hp": 85, "atk": 85, "def": 85, "spa": 85, "spd": 85, "spe": 85}, "ivs": {"hp": 31, "atk": 31, "def": 31, "spa": 31, "spd": 31, "spe": 31}, "item": "Choice Band", "teraType": "Water", "role": "Bulky Attacker", "bvs": {"hp": 100, "atk": 50, "def": 80, "spa": 60, "spd": 80, "spe": 50}, "stats": {"hp": 298, "atk": 129, "def": 178, "spa": 146, "spd": 178, "spe": 129}, "types": ["Water", "Fairy"]}, "Golduck": {"name": "Golduck", "species": "Golduck", "speciesId": "golduck", "gender": "M", "shiny": false, "level": 90, "moves": ["hydropump", "grassknot", "nastyplot", "icebeam"], "ability": "Cloud Nine", "evs": {"hp": 85, "atk": 0, "def": 85, "spa": 85, "spd": 85, "spe": 85}, "ivs": {"hp": 31, "atk": 0, "def": 31, "spa": 31, "spd": 31, "spe": 31}, "item": "Leftovers", "teraType": "Water", "role": "Bulky Setup", "bvs": {"hp": 80, "atk": 82, "def": 78, "spa": 95, "spd": 80, "spe": 85}, "stats": {"hp": 290, "atk": 152, "def": 192, "spa": 222, "spd": 195, "spe": 204}, "types": ["Water"]}, "Umbreon": {"name": "Umbreon", "species": "Umbreon", "speciesId": "umbreon", "gender": "F", "shiny": false, "level": 84, "moves": ["wish", "protect", "foulplay", "toxic"], "ability": "Synchronize", "evs": {"hp": 85, "atk": 0, "def": 85, "spa": 85, "spd": 85, "spe": 85}, "ivs": {"hp": 31, "atk": 0, "def": 31, "spa": 31, "spd": 31, "spe": 31}, "item": "Leftovers", "teraType": "Poison", "role": "Bulky Support", "bvs": {"hp": 95, "atk": 65, "def": 110, "spa": 60, "spd": 130, "spe": 65}, "stats": {"hp": 297, "atk": 114, "def": 233, "spa": 149, "spd": 267, "spe": 157}, "types": ["Dark"]}, "Piloswine": {"name": "Piloswine", "species": "Piloswine", "speciesId": "piloswine", "gender": "M", "shiny": false, "level": 85, "moves": ["roar", "earthquake", "iciclecrash", "iceshard"], "ability": "Thick Fat", "evs": {"hp": 85, "atk": 85, "def": 85, "spa": 85, "spd": 85, "spe": 85}, "ivs": {"hp": 31, "atk": 31, "def": 31, "spa": 31, "spd": 31, "spe": 31}, "item": "Eviolite", "teraType": "Dragon", "role": "Bulky Support", "bvs": {"hp": 100, "atk": 100, "def": 80, "spa": 60, "spd": 60, "spe": 50}, "stats": {"hp": 309, "atk": 219, "def": 185, "spa": 151, "spd": 151, "spe": 134}, "types": ["Ice", "Ground"]}, "Alcremie": {"name": "Alcremie", "species": "Alcremie-Caramel-Swirl", "speciesId": "alcremie", "gender": "F", "shiny": false, "level": 90, "moves": ["terablast", "calmmind", "alluringvoice", "recover"], "ability": "Aroma Veil", "evs": {"hp": 85, "atk": 0, "def": 85, "spa": 85, "spd": 85, "spe": 85}, "ivs": {"hp": 31, "atk": 0, "def": 31, "spa": 31, "spd": 31, "spe": 31}, "item": "Leftovers", "teraType": "Ground", "role": "Tera Blast user", "bvs": {"hp": 65, "atk": 60, "def": 75, "spa": 110, "spd": 121, "spe": 64}, "stats": {"hp": 263, "atk": 113, "def": 186, "spa": 249, "spd": 269, "spe": 167}, "types": ["Fairy"]}}, {"Bronzong": {"name": "Bronzong", "species": "Bronzong", "speciesId": "bronzong", "gender": "N", "shiny": false, "level": 88, "moves": ["earthquake", "hypnosis", "stealthrock", "ironhead"], "ability": "Levitate", "evs": {"hp": 85, "atk": 85, "def": 85, "spa": 85, "spd": 85, "spe": 85}, "ivs": {"hp": 31, "atk": 31, "def": 31, "spa": 31, "spd": 31, "spe": 31}, "item": "Leftovers", "teraType": "Electric", "role": "Bulky Support", "bvs": {"hp": 67, "atk": 89, "def": 116, "spa": 79, "spd": 116, "spe": 33}, "stats": {"hp": 261, "atk": 207, "def": 254, "spa": 189, "spd": 254, "spe": 108}, "types": ["Steel", "Psychic"]}, "Tyranitar": {"name": "Tyranitar", "species": "Tyranitar", "speciesId": "tyranitar", "gender": "M", "shiny": false, "level": 78, "moves": ["knockoff", "icepunch", "stoneedge", "dragondance"], "ability": "Sand Stream", "evs": {"hp": 85, "atk": 85, "def": 85, "spa": 85, "spd": 85, "spe": 85}, "ivs": {"hp": 31, "atk": 31, "def": 31, "spa": 31, "spd": 31, "spe": 31}, "item": "Weakness Policy", "teraType": "Rock", "role": "Bulky Setup", "bvs": {"hp": 100, "atk": 134, "def": 110, "spa": 95, "spd": 100, "spe": 61}, "stats": {"hp": 284, "atk": 254, "def": 217, "spa": 193, "spd": 201, "spe": 140}, "types": ["Rock", "Dark"]}, "Oricorio": {"name": "Oricorio", "species": "Oricorio-Pom-Pom", "speciesId": "oricoriopompom", "gender": "M", "shiny": false, "level": 82, "moves": ["revelationdance", "hurricane", "quiverdance", "roost"], "ability": "Dancer", "evs": {"hp": 85, "atk": 0, "def": 85, "spa": 85, "spd": 85, "spe": 85}, "ivs": {"hp": 31, "atk": 0, "def": 31, "spa": 31, "spd": 31, "spe": 31}, "item": "Heavy-Duty Boots", "teraType": "Ground", "role": "Setup Sweeper", "bvs": {"hp": 75, "atk": 70, "def": 70, "spa": 98, "spd": 70, "spe": 93}, "stats": {"hp": 257, "atk": 119, "def": 162, "spa": 208, "spd": 162, "spe": 200}, "types": ["Electric", "Flying"]}, "Sableye": {"name": "Sableye", "species": "Sableye", "speciesId": "sableye", "gender": "F", "shiny": false, "level": 88, "moves": ["thunderwave", "recover", "encore", "knockoff"], "ability": "Prankster", "evs": {"hp": 85, "atk": 85, "def": 85, "spa": 85, "spd": 85, "spe": 85}, "ivs": {"hp": 31, "atk": 31, "def": 31, "spa": 31, "spd": 31, "spe": 31}, "item": "Leftovers", "teraType": "Steel", "role": "Bulky Support", "bvs": {"hp": 50, "atk": 75, "def": 75, "spa": 65, "spd": 65, "spe": 50}, "stats": {"hp": 231, "atk": 182, "def": 182, "spa": 165, "spd": 165, "spe": 138}, "types": ["Dark", "Ghost"]}, "Ogerpon": {"name": "Ogerpon", "species": "Ogerpon", "speciesId": "ogerpon", "gender": "F", "shiny": false, "level": 80, "moves": ["encore", "ivycudgel", "knockoff", "synthesis"], "ability": "Defiant", "evs": {"hp": 85, "atk": 85, "def": 85, "spa": 85, "spd": 85, "spe": 85}, "ivs": {"hp": 31, "atk": 31, "def": 31, "spa": 31, "spd": 31, "spe": 31}, "item": "Leftovers", "teraType": "Grass", "role": "Fast Support", "bvs": {"hp": 80, "atk": 120, "def": 84, "spa": 60, "spd": 96, "spe": 110}, "stats": {"hp": 259, "atk": 238, "def": 181, "spa": 142, "spd": 200, "spe": 222}, "types": ["Grass"]}, "Araquanid": {"name": "Araquanid", "species": "Araquanid", "speciesId": "araquanid", "gender": "F", "shiny": false, "level": 82, "moves": ["liquidation", "hydropump", "stickyweb", "leechlife"], "ability": "Water Bubble", "evs": {"hp": 85, "atk": 85, "def": 85, "spa": 85, "spd": 85, "spe": 85}, "ivs": {"hp": 31, "atk": 31, "def": 31, "spa": 31, "spd": 31, "spe": 31}, "item": "Heavy-Duty Boots", "teraType": "Steel", "role": "Bulky Attacker", "bvs": {"hp": 68, "atk": 70, "def": 92, "spa": 50, "spd": 132, "spe": 42}, "stats": {"hp": 246, "atk": 162, "def": 198, "spa": 129, "spd": 264, "spe": 116}, "types": ["Water", "Bug"]}}]}