{"id": "gen9randombattle-2641121526", "format": "[Gen 9] Random Battle", "players": ["notmetbh102", "10YearsOld4Life"], "log": "|badge|p2|bronze|gen9randombattle|100-9\n|html|<div class=\"broadcast-red\"><strong>This battle is required to be public due to one or more player having a season medal.</strong><br />During the public phase, you can discuss the state of the ladder <a href=\"/seasondiscussion\">in a special chatroom.</a></div>\n|uhtml|medal-msg|<div class=\"broadcast-blue\">Curious what those medals under the avatar are? PS now has Ladder Seasons! For more information, check out the <a href=\"https://www.smogon.com/forums/threads/3740067/\">thread on Smogon.</a></div>\n|raw|<div class=\"broadcast-blue\"><strong>This battle is required to be public due to a player having a name starting with 'medal'.</div>\n|j|\u2606notmetbh102\n|j|\u260610YearsOld4Life\n|t:|1782743191\n|gametype|singles\n|player|p1|notmetbh102|2|2224\n|player|p2|10YearsOld4Life|ash|2286\n|gen|9\n|tier|[Gen 9] Random Battle\n|rated|\n|rule|Species Clause: Limit one of each Pok\u00e9mon\n|rule|HP Percentage Mod: HP is shown in percentages\n|rule|Sleep Clause Mod: Limit one foe put to sleep\n|rule|Illusion Level Mod: Illusion disguises the Pok\u00e9mon's true level\n|\n|t:|1782743191\n|teamsize|p1|6\n|teamsize|p2|6\n|start\n|switch|p1a: Mightyena|Mightyena, L96, M|290/290\n|switch|p2a: Cresselia|Cresselia, L80, F|323/323\n|-ability|p1a: Mightyena|Intimidate|boost\n|-unboost|p2a: Cresselia|atk|1\n|turn|1\n|inactive|Battle timer is ON: inactive players will automatically lose when time's up. (requested by notmetbh102)\n|c|\u2606notmetbh102|hf\n|c|\u260610YearsOld4Life|hf\n|inactive|10YearsOld4Life has 120 seconds left.\n|\n|t:|1782743231\n|switch|p2a: Alomomola|Alomomola, L87, M|429/429\n|move|p1a: Mightyena|Crunch|p2a: Alomomola\n|-damage|p2a: Alomomola|270/429\n|-unboost|p2a: Alomomola|def|1\n|-damage|p1a: Mightyena|242/290|[from] item: Rocky Helmet|[of] p2a: Alomomola\n|\n|upkeep\n|turn|2\n|\n|t:|1782743237\n|move|p1a: Mightyena|Crunch|p2a: Alomomola\n|-damage|p2a: Alomomola|12/429\n|-damage|p1a: Mightyena|194/290|[from] item: Rocky Helmet|[of] p2a: Alomomola\n|move|p2a: Alomomola|Flip Turn|p1a: Mightyena\n|-damage|p1a: Mightyena|131/290\n|\n|t:|1782743259\n|switch|p2a: Shiftry|Shiftry, L89, M|305/305|[from] Flip Turn\n|\n|upkeep\n|turn|3\n|\n|t:|1782743262\n|switch|p1a: Avalugg|Avalugg, L88, M|310/310\n|move|p2a: Shiftry|Leaf Blade|p1a: Avalugg\n|-damage|p1a: Avalugg|228/310\n|-damage|p2a: Shiftry|275/305|[from] item: Life Orb\n|\n|upkeep\n|turn|4\n|\n|t:|1782743274\n|switch|p2a: Alomomola|Alomomola, L87, M|155/429\n|move|p1a: Avalugg|Recover|p1a: Avalugg\n|-heal|p1a: Avalugg|310/310\n|\n|upkeep\n|turn|5\n|\n|t:|1782743283\n|switch|p1a: Gastrodon|Gastrodon, L86, M|331/331\n|move|p2a: Alomomola|Wish|p2a: Alomomola\n|\n|upkeep\n|turn|6\n|\n|t:|1782743297\n|switch|p2a: Shiftry|Shiftry, L89, M|275/305\n|move|p1a: Gastrodon|Ice Beam|p2a: Shiftry\n|-supereffective|p2a: Shiftry\n|-damage|p2a: Shiftry|105/305\n|\n|-heal|p2a: Shiftry|305/305|[from] move: Wish|[wisher] Alomomola\n|upkeep\n|turn|7\n|\n|t:|1782743303\n|switch|p1a: Avalugg|Avalugg, L88, M|310/310\n|move|p2a: Shiftry|Tailwind|p2a: Shiftry\n|-sidestart|p2: 10YearsOld4Life|move: Tailwind\n|-ability|p2a: Shiftry|Wind Rider|boost\n|-boost|p2a: Shiftry|atk|1\n|\n|upkeep\n|turn|8\n|\n|t:|1782743318\n|move|p2a: Shiftry|Low Kick|p1a: Avalugg\n|-supereffective|p1a: Avalugg\n|-damage|p1a: Avalugg|112/310\n|-damage|p2a: Shiftry|275/305|[from] item: Life Orb\n|move|p1a: Avalugg|Body Press|p2a: Shiftry\n|-supereffective|p2a: Shiftry\n|-damage|p2a: Shiftry|23/305\n|\n|upkeep\n|turn|9\n|\n|t:|1782743323\n|move|p2a: Shiftry|Knock Off|p1a: Avalugg\n|-damage|p1a: Avalugg|0 fnt\n|-enditem|p1a: Avalugg|Heavy-Duty Boots|[from] move: Knock Off|[of] p2a: Shiftry\n|faint|p1a: Avalugg\n|-damage|p2a: Shiftry|0 fnt|[from] item: Life Orb\n|faint|p2a: Shiftry\n|\n|upkeep\n|\n|t:|1782743334\n|switch|p2a: Rabsca|Rabsca, L91, M|284/284\n|switch|p1a: Mightyena|Mightyena, L96, M|131/290\n|-ability|p1a: Mightyena|Intimidate|boost\n|-unboost|p2a: Rabsca|atk|1\n|turn|10\n|\n|t:|1782743339\n|-terastallize|p1a: Mightyena|Poison\n|move|p2a: Rabsca|Bug Buzz|p1a: Mightyena\n|-resisted|p1a: Mightyena\n|-damage|p1a: Mightyena|57/290\n|move|p1a: Mightyena|Crunch|p2a: Rabsca\n|-supereffective|p2a: Rabsca\n|-damage|p2a: Rabsca|0 fnt\n|faint|p2a: Rabsca\n|\n|-sideend|p2: 10YearsOld4Life|move: Tailwind\n|upkeep\n|\n|t:|1782743349\n|switch|p2a: Alomomola|Alomomola, L87, M|298/429\n|turn|11\n|\n|t:|1782743353\n|switch|p1a: Gastrodon|Gastrodon, L86, M|331/331\n|switch|p2a: Venomoth|Venomoth, L84, M|255/255\n|\n|upkeep\n|turn|12\n|\n|t:|1782743364\n|move|p2a: Venomoth|Sleep Powder|p1a: Gastrodon\n|-status|p1a: Gastrodon|slp|[from] move: Sleep Powder\n|cant|p1a: Gastrodon|slp\n|\n|upkeep\n|turn|13\n|\n|t:|1782743366\n|move|p2a: Venomoth|Quiver Dance|p2a: Venomoth\n|-boost|p2a: Venomoth|spa|1\n|-boost|p2a: Venomoth|spd|1\n|-boost|p2a: Venomoth|spe|1\n|cant|p1a: Gastrodon|slp\n|\n|upkeep\n|turn|14\n|\n|t:|1782743368\n|move|p2a: Venomoth|Quiver Dance|p2a: Venomoth\n|-boost|p2a: Venomoth|spa|1\n|-boost|p2a: Venomoth|spd|1\n|-boost|p2a: Venomoth|spe|1\n|-curestatus|p1a: Gastrodon|slp|[msg]\n|move|p1a: Gastrodon|Earthquake|p2a: Venomoth\n|-damage|p2a: Venomoth|117/255\n|\n|upkeep\n|turn|15\n|\n|t:|1782743371\n|move|p2a: Venomoth|Sleep Powder|p1a: Gastrodon|[miss]\n|-miss|p2a: Venomoth|p1a: Gastrodon\n|move|p1a: Gastrodon|Earthquake|p2a: Venomoth\n|-damage|p2a: Venomoth|0 fnt\n|faint|p2a: Venomoth\n|\n|upkeep\n|\n|t:|1782743374\n|switch|p2a: Pincurchin|Pincurchin, M|258/258\n|-fieldstart|move: Electric Terrain|[from] ability: Electric Surge|[of] p2a: Pincurchin\n|turn|16\n|\n|t:|1782743379\n|switch|p1a: Mightyena|Mightyena, L96, M, tera:Poison|57/290\n|-ability|p1a: Mightyena|Intimidate|boost\n|-unboost|p2a: Pincurchin|atk|1\n|move|p2a: Pincurchin|Toxic Spikes|p1a: Mightyena\n|-sidestart|p1: notmetbh102|move: Toxic Spikes\n|\n|upkeep\n|turn|17\n|\n|t:|1782743383\n|switch|p1a: Gastrodon|Gastrodon, L86, M|331/331\n|-status|p1a: Gastrodon|psn\n|move|p2a: Pincurchin|Thunderbolt|p1a: Gastrodon\n|-immune|p1a: Gastrodon\n|\n|-damage|p1a: Gastrodon|290/331 psn|[from] psn\n|upkeep\n|turn|18\n|\n|t:|1782743386\n|switch|p1a: Mightyena|Mightyena, L96, M, tera:Poison|57/290\n|-sideend|p1: notmetbh102|move: Toxic Spikes|[of] p1a: Mightyena\n|-ability|p1a: Mightyena|Intimidate|boost\n|-unboost|p2a: Pincurchin|atk|1\n|move|p2a: Pincurchin|Toxic Spikes|p1a: Mightyena\n|-sidestart|p1: notmetbh102|move: Toxic Spikes\n|\n|upkeep\n|turn|19\n|\n|t:|1782743390\n|switch|p1a: Gastrodon|Gastrodon, L86, M|290/331 psn\n|move|p2a: Pincurchin|Toxic Spikes|p1a: Gastrodon\n|-sidestart|p1: notmetbh102|move: Toxic Spikes\n|\n|-heal|p1a: Gastrodon|310/331 psn|[from] item: Leftovers\n|-damage|p1a: Gastrodon|269/331 psn|[from] psn\n|upkeep\n|turn|20\n|\n|t:|1782743394\n|switch|p1a: Mightyena|Mightyena, L96, M, tera:Poison|57/290\n|-sideend|p1: notmetbh102|move: Toxic Spikes|[of] p1a: Mightyena\n|-ability|p1a: Mightyena|Intimidate|boost\n|-unboost|p2a: Pincurchin|atk|1\n|move|p2a: Pincurchin|Thunderbolt|p1a: Mightyena\n|-damage|p1a: Mightyena|0 fnt\n|faint|p1a: Mightyena\n|\n|-fieldend|move: Electric Terrain\n|upkeep\n|\n|t:|1782743394\n|switch|p1a: Farigiraf|Farigiraf, L90, F|362/362\n|turn|21\n|\n|t:|1782743400\n|move|p1a: Farigiraf|Body Slam|p2a: Pincurchin\n|-damage|p2a: Pincurchin|176/258\n|move|p2a: Pincurchin|Toxic Spikes|p1a: Farigiraf\n|-sidestart|p1: notmetbh102|move: Toxic Spikes\n|\n|-heal|p2a: Pincurchin|192/258|[from] item: Leftovers\n|upkeep\n|turn|22\n|\n|t:|1782743410\n|move|p1a: Farigiraf|Body Slam|p2a: Pincurchin\n|-damage|p2a: Pincurchin|117/258\n|move|p2a: Pincurchin|Thunderbolt|p1a: Farigiraf\n|-damage|p1a: Farigiraf|227/362\n|-status|p1a: Farigiraf|par\n|\n|-heal|p2a: Pincurchin|133/258|[from] item: Leftovers\n|-heal|p1a: Farigiraf|249/362 par|[from] item: Leftovers\n|upkeep\n|turn|23\n|\n|t:|1782743413\n|move|p2a: Pincurchin|Recover|p2a: Pincurchin\n|-heal|p2a: Pincurchin|258/258\n|move|p1a: Farigiraf|Psychic Noise|p2a: Pincurchin\n|-damage|p2a: Pincurchin|168/258\n|-start|p2a: Pincurchin|move: Heal Block\n|\n|-heal|p1a: Farigiraf|271/362 par|[from] item: Leftovers\n|upkeep\n|turn|24\n|\n|t:|1782743420\n|move|p2a: Pincurchin|Thunderbolt|p1a: Farigiraf\n|-damage|p1a: Farigiraf|124/362 par\n|cant|p1a: Farigiraf|par\n|\n|-heal|p1a: Farigiraf|146/362 par|[from] item: Leftovers\n|-end|p2a: Pincurchin|move: Heal Block\n|upkeep\n|turn|25\n|\n|t:|1782743424\n|move|p1a: Farigiraf|Protect|p1a: Farigiraf\n|-singleturn|p1a: Farigiraf|Protect\n|move|p2a: Pincurchin|Thunderbolt|p1a: Farigiraf\n|-activate|p1a: Farigiraf|move: Protect\n|\n|-heal|p2a: Pincurchin|184/258|[from] item: Leftovers\n|-heal|p1a: Farigiraf|168/362 par|[from] item: Leftovers\n|upkeep\n|turn|26\n|\n|t:|1782743427\n|move|p2a: Pincurchin|Thunderbolt|p1a: Farigiraf\n|-damage|p1a: Farigiraf|12/362 par\n|move|p1a: Farigiraf|Wish|p1a: Farigiraf\n|\n|-heal|p2a: Pincurchin|200/258|[from] item: Leftovers\n|-heal|p1a: Farigiraf|34/362 par|[from] item: Leftovers\n|upkeep\n|turn|27\n|\n|t:|1782743430\n|cant|p1a: Farigiraf|par\n|move|p2a: Pincurchin|Thunderbolt|p1a: Farigiraf\n|-damage|p1a: Farigiraf|0 fnt\n|faint|p1a: Farigiraf\n|\n|-heal|p2a: Pincurchin|216/258|[from] item: Leftovers\n|upkeep\n|\n|t:|1782743431\n|switch|p1a: Gastrodon|Gastrodon, L86, M|269/331 psn\n|turn|28\n|\n|t:|1782743451\n|switch|p2a: Alomomola|Alomomola, L87, M|429/429\n|move|p1a: Gastrodon|Ice Beam|p2a: Alomomola\n|-resisted|p2a: Alomomola\n|-damage|p2a: Alomomola|378/429\n|\n|-heal|p1a: Gastrodon|289/331 psn|[from] item: Leftovers\n|-damage|p1a: Gastrodon|248/331 psn|[from] psn\n|upkeep\n|turn|29\n|\n|t:|1782743455\n|move|p2a: Alomomola|Wish|p2a: Alomomola\n|move|p1a: Gastrodon|Ice Beam|p2a: Alomomola\n|-resisted|p2a: Alomomola\n|-damage|p2a: Alomomola|330/429\n|-status|p2a: Alomomola|frz\n|\n|-heal|p1a: Gastrodon|268/331 psn|[from] item: Leftovers\n|-damage|p1a: Gastrodon|227/331 psn|[from] psn\n|upkeep\n|turn|30\n|\n|t:|1782743459\n|switch|p2a: Cresselia|Cresselia, L80, F|323/323\n|move|p1a: Gastrodon|Recover|p1a: Gastrodon\n|-heal|p1a: Gastrodon|331/331 psn\n|\n|-damage|p1a: Gastrodon|290/331 psn|[from] psn\n|upkeep\n|turn|31\n|\n|t:|1782743462\n|move|p2a: Cresselia|Calm Mind|p2a: Cresselia\n|-boost|p2a: Cresselia|spa|1\n|-boost|p2a: Cresselia|spd|1\n|move|p1a: Gastrodon|Ice Beam|p2a: Cresselia\n|-damage|p2a: Cresselia|287/323\n|\n|-heal|p2a: Cresselia|307/323|[from] item: Leftovers\n|-heal|p1a: Gastrodon|310/331 psn|[from] item: Leftovers\n|-damage|p1a: Gastrodon|269/331 psn|[from] psn\n|upkeep\n|turn|32\n|\n|t:|1782743464\n|move|p2a: Cresselia|Calm Mind|p2a: Cresselia\n|-boost|p2a: Cresselia|spa|1\n|-boost|p2a: Cresselia|spd|1\n|move|p1a: Gastrodon|Ice Beam|p2a: Cresselia\n|-damage|p2a: Cresselia|281/323\n|\n|-heal|p2a: Cresselia|301/323|[from] item: Leftovers\n|-heal|p1a: Gastrodon|289/331 psn|[from] item: Leftovers\n|-damage|p1a: Gastrodon|248/331 psn|[from] psn\n|upkeep\n|turn|33\n|\n|t:|1782743474\n|move|p2a: Cresselia|Calm Mind|p2a: Cresselia\n|-boost|p2a: Cresselia|spa|1\n|-boost|p2a: Cresselia|spd|1\n|move|p1a: Gastrodon|Recover|p1a: Gastrodon\n|-heal|p1a: Gastrodon|331/331 psn\n|\n|-heal|p2a: Cresselia|321/323|[from] item: Leftovers\n|-damage|p1a: Gastrodon|290/331 psn|[from] psn\n|upkeep\n|turn|34\n|\n|t:|1782743477\n|move|p2a: Cresselia|Psyshock|p1a: Gastrodon\n|-damage|p1a: Gastrodon|109/331 psn\n|move|p1a: Gastrodon|Recover|p1a: Gastrodon\n|-heal|p1a: Gastrodon|275/331 psn\n|\n|-heal|p2a: Cresselia|323/323|[from] item: Leftovers\n|-heal|p1a: Gastrodon|295/331 psn|[from] item: Leftovers\n|-damage|p1a: Gastrodon|254/331 psn|[from] psn\n|upkeep\n|turn|35\n|\n|t:|1782743480\n|move|p2a: Cresselia|Psyshock|p1a: Gastrodon\n|-damage|p1a: Gastrodon|68/331 psn\n|move|p1a: Gastrodon|Recover|p1a: Gastrodon\n|-heal|p1a: Gastrodon|234/331 psn\n|\n|-heal|p1a: Gastrodon|254/331 psn|[from] item: Leftovers\n|-damage|p1a: Gastrodon|213/331 psn|[from] psn\n|upkeep\n|turn|36\n|\n|t:|1782743483\n|move|p2a: Cresselia|Calm Mind|p2a: Cresselia\n|-boost|p2a: Cresselia|spa|1\n|-boost|p2a: Cresselia|spd|1\n|move|p1a: Gastrodon|Recover|p1a: Gastrodon\n|-heal|p1a: Gastrodon|331/331 psn\n|\n|-damage|p1a: Gastrodon|290/331 psn|[from] psn\n|upkeep\n|turn|37\n|\n|t:|1782743489\n|move|p2a: Cresselia|Psyshock|p1a: Gastrodon\n|-damage|p1a: Gastrodon|50/331 psn\n|move|p1a: Gastrodon|Ice Beam|p2a: Cresselia\n|-damage|p2a: Cresselia|305/323\n|\n|-heal|p2a: Cresselia|323/323|[from] item: Leftovers\n|-heal|p1a: Gastrodon|70/331 psn|[from] item: Leftovers\n|-damage|p1a: Gastrodon|29/331 psn|[from] psn\n|upkeep\n|turn|38\n|\n|t:|1782743498\n|switch|p1a: Sudowoodo|Sudowoodo, L94, M|284/284\n|-status|p1a: Sudowoodo|psn\n|move|p2a: Cresselia|Calm Mind|p2a: Cresselia\n|-boost|p2a: Cresselia|spa|1\n|-boost|p2a: Cresselia|spd|1\n|\n|-damage|p1a: Sudowoodo|249/284 psn|[from] psn\n|upkeep\n|turn|39\n|\n|t:|1782743509\n|-terastallize|p2a: Cresselia|Fairy\n|move|p2a: Cresselia|Moonblast|p1a: Sudowoodo\n|-damage|p1a: Sudowoodo|0 fnt\n|faint|p1a: Sudowoodo\n|\n|upkeep\n|\n|t:|1782743510\n|switch|p1a: Iron Valiant|Iron Valiant, L78|244/244\n|-status|p1a: Iron Valiant|psn\n|turn|40\n|\n|t:|1782743515\n|move|p1a: Iron Valiant|Moonblast|p2a: Cresselia\n|-damage|p2a: Cresselia|287/323\n|-damage|p1a: Iron Valiant|220/244 psn|[from] item: Life Orb\n|move|p2a: Cresselia|Moonblast|p1a: Iron Valiant\n|-supereffective|p1a: Iron Valiant\n|-damage|p1a: Iron Valiant|0 fnt\n|faint|p1a: Iron Valiant\n|-end|p1a: Iron Valiant|Quark Drive|[silent]\n|\n|-heal|p2a: Cresselia|307/323|[from] item: Leftovers\n|upkeep\n|\n|t:|1782743516\n|switch|p1a: Gastrodon|Gastrodon, L86, M|29/331 psn\n|turn|41\n|\n|t:|1782743518\n|move|p2a: Cresselia|Moonblast|p1a: Gastrodon\n|-damage|p1a: Gastrodon|0 fnt\n|faint|p1a: Gastrodon\n|\n|win|10YearsOld4Life\n|raw|notmetbh102's rating: 2224 &rarr; <strong>2208</strong><br />(-16 for losing)\n|raw|10YearsOld4Life's rating: 2286 &rarr; <strong>2302</strong><br />(+16 for winning)\n|c|\u2606notmetbh102|gg\n", "inputlog": ">version f8ac14003a5f27e1bdc8d8c59608a773c1cb96e5\n>start {\"formatid\":\"gen9randombattle\",\"seed\":\"sodium,67f2c73ede5c235b40885419ece49e9e\",\"rated\":\"Rated battle\"}\n>player p1 {\"name\":\"notmetbh102\",\"avatar\":\"2\",\"rating\":2224,\"seed\":\"sodium,6876a60c2d2d4a109e7c0d827de73e68\"}\n>player p2 {\"name\":\"10YearsOld4Life\",\"avatar\":\"ash\",\"rating\":2286,\"seed\":\"sodium,00705b576b404ca2427e9362c1c9cbf1\"}\n>chat \u2606notmetbh102|hf\n>chat \u260610YearsOld4Life|hf\n>p1 move crunch\n>p2 switch 5\n>p1 move crunch\n>p2 move flipturn\n>p2 switch 4\n>p1 switch 3\n>p2 move leafblade\n>p1 move recover\n>p2 switch 4\n>p1 switch 5\n>p2 move wish\n>p1 move icebeam\n>p2 switch 4\n>p1 switch 5\n>p2 move tailwind\n>p1 move bodypress\n>p2 move lowkick\n>p1 move recover\n>p2 move knockoff\n>p1 switch 3\n>p2 switch 3\n>p1 move crunch terastallize\n>p2 move bugbuzz\n>p2 switch 4\n>p1 switch 5\n>p2 switch 2\n>p1 move earthquake\n>p2 move sleeppowder\n>p1 move earthquake\n>p2 move quiverdance\n>p1 move earthquake\n>p2 move quiverdance\n>p1 move earthquake\n>p2 move sleeppowder\n>p2 switch 6\n>p1 switch 5\n>p2 move toxicspikes\n>p1 switch 5\n>p2 move thunderbolt\n>p1 switch 5\n>p2 move toxicspikes\n>p1 switch 5\n>p2 move toxicspikes\n>p1 switch 5\n>p2 move thunderbolt\n>p1 switch 6\n>p1 move bodyslam\n>p2 move toxicspikes\n>p1 move bodyslam\n>p2 move thunderbolt\n>p1 move psychicnoise\n>p2 move recover\n>p1 move bodyslam\n>p2 move thunderbolt\n>p1 move protect\n>p2 move thunderbolt\n>p1 move wish\n>p2 move thunderbolt\n>p1 move protect\n>p2 move thunderbolt\n>p1 switch 5\n>p1 move icebeam\n>p2 switch 2\n>p1 move icebeam\n>p2 move wish\n>p1 move recover\n>p2 switch 5\n>p1 move icebeam\n>p2 move calmmind\n>p1 move icebeam\n>p2 move calmmind\n>p1 move recover\n>p2 move calmmind\n>p1 move recover\n>p2 move psyshock\n>p1 move recover\n>p2 move psyshock\n>p1 move recover\n>p2 move calmmind\n>p1 move icebeam\n>p2 move psyshock\n>p1 switch 2\n>p2 move calmmind\n>p1 move stealthrock\n>p2 move moonblast terastallize\n>p1 switch 4\n>p1 move moonblast\n>p2 move moonblast\n>p1 switch 2\n>p1 move surf\n>p2 move moonblast", "uploadtime": 1782743519, "views": 11, "formatid": "gen9randombattle", "rating": 2208, "private": 0, "password": null, "player_dets": [{"name": "notmetbh102", "avatar": "2", "rating": 2224, "seed": "sodium,6876a60c2d2d4a109e7c0d827de73e68"}, {"name": "10YearsOld4Life", "avatar": "ash", "rating": 2286, "seed": "sodium,00705b576b404ca2427e9362c1c9cbf1"}], "teams_full": [{"Mightyena": {"name": "Mightyena", "species": "Mightyena", "speciesId": "mightyena", "gender": "M", "shiny": false, "level": 96, "moves": ["crunch", "suckerpunch", "poisonfang", "playrough"], "ability": "Intimidate", "evs": {"hp": 85, "atk": 85, "def": 85, "spa": 85, "spd": 85, "spe": 85}, "ivs": {"hp": 31, "atk": 31, "def": 31, "spa": 31, "spd": 31, "spe": 31}, "item": "Choice Band", "teraType": "Poison", "role": "Bulky Attacker", "bvs": {"hp": 70, "atk": 90, "def": 70, "spa": 60, "spd": 60, "spe": 70}, "stats": {"hp": 290, "atk": 227, "def": 189, "spa": 170, "spd": 170, "spe": 189}, "types": ["Dark"]}, "Sudowoodo": {"name": "Sudowoodo", "species": "Sudowoodo", "speciesId": "sudowoodo", "gender": "M", "shiny": false, "level": 94, "moves": ["headsmash", "earthquake", "stealthrock", "suckerpunch"], "ability": "Rock Head", "evs": {"hp": 85, "atk": 85, "def": 85, "spa": 85, "spd": 85, "spe": 85}, "ivs": {"hp": 31, "atk": 31, "def": 31, "spa": 31, "spd": 31, "spe": 31}, "item": "Leftovers", "teraType": "Rock", "role": "Bulky Attacker", "bvs": {"hp": 70, "atk": 100, "def": 115, "spa": 30, "spd": 65, "spe": 30}, "stats": {"hp": 284, "atk": 241, "def": 270, "spa": 110, "spd": 176, "spe": 110}, "types": ["Rock"]}, "Avalugg": {"name": "Avalugg", "species": "Avalugg", "speciesId": "avalugg", "gender": "M", "shiny": false, "level": 88, "moves": ["bodypress", "recover", "avalanche", "rapidspin"], "ability": "Sturdy", "evs": {"hp": 85, "atk": 85, "def": 85, "spa": 85, "spd": 85, "spe": 85}, "ivs": {"hp": 31, "atk": 31, "def": 31, "spa": 31, "spd": 31, "spe": 31}, "item": "Heavy-Duty Boots", "teraType": "Fighting", "role": "Bulky Support", "bvs": {"hp": 95, "atk": 117, "def": 184, "spa": 44, "spd": 46, "spe": 28}, "stats": {"hp": 310, "atk": 256, "def": 374, "spa": 128, "spd": 131, "spe": 100}, "types": ["Ice"]}, "Iron Valiant": {"name": "Iron Valiant", "species": "Iron Valiant", "speciesId": "ironvaliant", "gender": "N", "shiny": false, "level": 78, "moves": ["moonblast", "closecombat", "psychic", "calmmind"], "ability": "Quark Drive", "evs": {"hp": 85, "atk": 85, "def": 85, "spa": 85, "spd": 85, "spe": 85}, "ivs": {"hp": 31, "atk": 31, "def": 31, "spa": 31, "spd": 31, "spe": 31}, "item": "Life Orb", "teraType": "Fighting", "role": "Fast Attacker", "bvs": {"hp": 74, "atk": 130, "def": 90, "spa": 120, "spd": 60, "spe": 116}, "stats": {"hp": 244, "atk": 248, "def": 185, "spa": 232, "spd": 139, "spe": 226}, "types": ["Fairy", "Fighting"]}, "Gastrodon": {"name": "Gastrodon", "species": "Gastrodon", "speciesId": "gastrodon", "gender": "M", "shiny": false, "level": 86, "moves": ["earthquake", "surf", "icebeam", "recover"], "ability": "Storm Drain", "evs": {"hp": 85, "atk": 85, "def": 85, "spa": 85, "spd": 85, "spe": 85}, "ivs": {"hp": 31, "atk": 31, "def": 31, "spa": 31, "spd": 31, "spe": 31}, "item": "Leftovers", "teraType": "Steel", "role": "Bulky Attacker", "bvs": {"hp": 111, "atk": 83, "def": 68, "spa": 92, "spd": 82, "spe": 39}, "stats": {"hp": 331, "atk": 192, "def": 166, "spa": 207, "spd": 190, "spe": 116}, "types": ["Water", "Ground"]}, "Farigiraf": {"name": "Farigiraf", "species": "Farigiraf", "speciesId": "farigiraf", "gender": "F", "shiny": false, "level": 90, "moves": ["protect", "wish", "bodyslam", "psychicnoise"], "ability": "Sap Sipper", "evs": {"hp": 85, "atk": 85, "def": 85, "spa": 85, "spd": 85, "spe": 85}, "ivs": {"hp": 31, "atk": 31, "def": 31, "spa": 31, "spd": 31, "spe": 31}, "item": "Leftovers", "teraType": "Ground", "role": "Bulky Support", "bvs": {"hp": 120, "atk": 90, "def": 70, "spa": 110, "spd": 70, "spe": 60}, "stats": {"hp": 362, "atk": 213, "def": 177, "spa": 249, "spd": 177, "spe": 159}, "types": ["Normal", "Psychic"]}}, {"Cresselia": {"name": "Cresselia", "species": "Cresselia", "speciesId": "cresselia", "gender": "F", "shiny": false, "level": 80, "moves": ["moonblast", "calmmind", "psyshock", "moonlight"], "ability": "Levitate", "evs": {"hp": 85, "atk": 0, "def": 85, "spa": 85, "spd": 85, "spe": 85}, "ivs": {"hp": 31, "atk": 0, "def": 31, "spa": 31, "spd": 31, "spe": 31}, "item": "Leftovers", "teraType": "Fairy", "role": "Bulky Setup", "bvs": {"hp": 120, "atk": 70, "def": 110, "spa": 75, "spd": 120, "spe": 85}, "stats": {"hp": 323, "atk": 117, "def": 222, "spa": 166, "spd": 238, "spe": 182}, "types": ["Psychic"]}, "Venomoth": {"name": "Venomoth", "species": "Venomoth", "speciesId": "venomoth", "gender": "M", "shiny": false, "level": 84, "moves": ["sleeppowder", "quiverdance", "sludgewave", "bugbuzz"], "ability": "Tinted Lens", "evs": {"hp": 85, "atk": 0, "def": 85, "spa": 85, "spd": 85, "spe": 85}, "ivs": {"hp": 31, "atk": 0, "def": 31, "spa": 31, "spd": 31, "spe": 31}, "item": "Heavy-Duty Boots", "teraType": "Poison", "role": "Setup Sweeper", "bvs": {"hp": 70, "atk": 65, "def": 60, "spa": 90, "spd": 75, "spe": 90}, "stats": {"hp": 255, "atk": 114, "def": 149, "spa": 199, "spd": 174, "spe": 199}, "types": ["Bug", "Poison"]}, "Rabsca": {"name": "Rabsca", "species": "Rabsca", "speciesId": "rabsca", "gender": "M", "shiny": false, "level": 91, "moves": ["bugbuzz", "earthpower", "revivalblessing", "psychic"], "ability": "Synchronize", "evs": {"hp": 85, "atk": 0, "def": 85, "spa": 85, "spd": 85, "spe": 85}, "ivs": {"hp": 31, "atk": 0, "def": 31, "spa": 31, "spd": 31, "spe": 31}, "item": "Heavy-Duty Boots", "teraType": "Steel", "role": "Wallbreaker", "bvs": {"hp": 75, "atk": 50, "def": 85, "spa": 115, "spd": 100, "spe": 45}, "stats": {"hp": 284, "atk": 96, "def": 207, "spa": 261, "spd": 234, "spe": 134}, "types": ["Bug", "Psychic"]}, "Shiftry": {"name": "Shiftry", "species": "Shiftry", "speciesId": "shiftry", "gender": "M", "shiny": false, "level": 89, "moves": ["lowkick", "tailwind", "leafblade", "knockoff"], "ability": "Wind Rider", "evs": {"hp": 85, "atk": 85, "def": 85, "spa": 85, "spd": 85, "spe": 85}, "ivs": {"hp": 31, "atk": 31, "def": 31, "spa": 31, "spd": 31, "spe": 31}, "item": "Life Orb", "teraType": "Dark", "role": "Setup Sweeper", "bvs": {"hp": 90, "atk": 100, "def": 60, "spa": 90, "spd": 60, "spe": 80}, "stats": {"hp": 305, "atk": 229, "def": 158, "spa": 211, "spd": 158, "spe": 193}, "types": ["Grass", "Dark"]}, "Alomomola": {"name": "Alomomola", "species": "Alomomola", "speciesId": "alomomola", "gender": "M", "shiny": false, "level": 87, "moves": ["wish", "scald", "protect", "flipturn"], "ability": "Regenerator", "evs": {"hp": 85, "atk": 85, "def": 85, "spa": 85, "spd": 85, "spe": 85}, "ivs": {"hp": 31, "atk": 31, "def": 31, "spa": 31, "spd": 31, "spe": 31}, "item": "Rocky Helmet", "teraType": "Poison", "role": "Bulky Support", "bvs": {"hp": 165, "atk": 75, "def": 80, "spa": 40, "spd": 45, "spe": 65}, "stats": {"hp": 429, "atk": 180, "def": 189, "spa": 119, "spd": 128, "spe": 163}, "types": ["Water"]}, "Pincurchin": {"name": "Pincurchin", "species": "Pincurchin", "speciesId": "pincurchin", "gender": "M", "shiny": false, "level": 100, "moves": ["recover", "scald", "toxicspikes", "thunderbolt"], "ability": "Electric Surge", "evs": {"hp": 85, "atk": 0, "def": 85, "spa": 85, "spd": 85, "spe": 85}, "ivs": {"hp": 31, "atk": 0, "def": 31, "spa": 31, "spd": 31, "spe": 31}, "item": "Leftovers", "teraType": "Water", "role": "Bulky Attacker", "bvs": {"hp": 48, "atk": 101, "def": 95, "spa": 91, "spd": 85, "spe": 15}, "stats": {"hp": 258, "atk": 207, "def": 247, "spa": 239, "spd": 227, "spe": 87}, "types": ["Electric"]}}]}