{"id": "gen9randombattle-2641573274", "format": "[Gen 9] Random Battle", "players": ["Rober_jm", "star reacher"], "log": "|j|\u2606Rober_jm\n|j|\u2606star reacher\n|t:|1782810875\n|gametype|singles\n|player|p1|Rober_jm|1|1955\n|player|p2|star reacher|psychic|2017\n|gen|9\n|tier|[Gen 9] Random Battle\n|rated|\n|rule|Species Clause: Limit one of each Pok\u00e9mon\n|rule|HP Percentage Mod: HP is shown in percentages\n|rule|Sleep Clause Mod: Limit one foe put to sleep\n|rule|Illusion Level Mod: Illusion disguises the Pok\u00e9mon's true level\n|\n|t:|1782810875\n|teamsize|p1|6\n|teamsize|p2|6\n|start\n|switch|p1a: Hariyama|Hariyama, L87, F|392/392\n|switch|p2a: Toucannon|Toucannon, L88, M|284/284\n|turn|1\n|inactive|Battle timer is ON: inactive players will automatically lose when time's up. (requested by star reacher)\n|\n|t:|1782810881\n|switch|p1a: Arceus|Arceus-Rock, L74|300/300\n|-singleturn|p2a: Toucannon|move: Beak Blast\n|move|p2a: Toucannon|Beak Blast|p1a: Arceus\n|-resisted|p1a: Arceus\n|-damage|p1a: Arceus|237/300\n|\n|upkeep\n|turn|2\n|inactive|Rober_jm has 120 seconds left.\n|inactive|Rober_jm has 90 seconds left.\n|\n|t:|1782810945\n|switch|p2a: Forretress|Forretress, L84, M|263/263\n|move|p1a: Arceus|Dragon Dance|p1a: Arceus\n|-boost|p1a: Arceus|atk|1\n|-boost|p1a: Arceus|spe|1\n|\n|upkeep\n|turn|3\n|inactive|Rober_jm has 90 seconds left.\n|\n|t:|1782810956\n|move|p1a: Arceus|Stone Edge|p2a: Forretress\n|-damage|p2a: Forretress|137/263\n|move|p2a: Forretress|Iron Head|p1a: Arceus\n|-supereffective|p1a: Arceus\n|-damage|p1a: Arceus|91/300\n|\n|-heal|p2a: Forretress|153/263|[from] item: Leftovers\n|upkeep\n|turn|4\n|inactive|Rober_jm has 90 seconds left.\n|\n|t:|1782810972\n|move|p1a: Arceus|Recover|p1a: Arceus\n|-heal|p1a: Arceus|241/300\n|move|p2a: Forretress|Iron Head|p1a: Arceus\n|-supereffective|p1a: Arceus\n|-damage|p1a: Arceus|101/300\n|\n|-heal|p2a: Forretress|169/263|[from] item: Leftovers\n|upkeep\n|turn|5\n|inactive|Rober_jm has 90 seconds left.\n|\n|t:|1782810989\n|-terastallize|p1a: Arceus|Ground\n|move|p1a: Arceus|Dragon Dance|p1a: Arceus\n|-boost|p1a: Arceus|atk|1\n|-boost|p1a: Arceus|spe|1\n|move|p2a: Forretress|Iron Head|p1a: Arceus\n|-damage|p1a: Arceus|35/300\n|\n|-heal|p2a: Forretress|185/263|[from] item: Leftovers\n|upkeep\n|turn|6\n|\n|t:|1782810998\n|switch|p2a: Flygon|Flygon, L82, F|265/265\n|move|p1a: Arceus|Recover|p1a: Arceus\n|-heal|p1a: Arceus|185/300\n|\n|upkeep\n|turn|7\n|\n|t:|1782811005\n|move|p1a: Arceus|Recover|p1a: Arceus\n|-heal|p1a: Arceus|300/300\n|move|p2a: Flygon|Earthquake|p1a: Arceus\n|-damage|p1a: Arceus|174/300\n|\n|upkeep\n|turn|8\n|\n|t:|1782811011\n|move|p1a: Arceus|Dragon Dance|p1a: Arceus\n|-boost|p1a: Arceus|atk|1\n|-boost|p1a: Arceus|spe|1\n|move|p2a: Flygon|Earthquake|p1a: Arceus\n|-damage|p1a: Arceus|45/300\n|\n|upkeep\n|turn|9\n|\n|t:|1782811013\n|move|p1a: Arceus|Recover|p1a: Arceus\n|-heal|p1a: Arceus|195/300\n|move|p2a: Flygon|Earthquake|p1a: Arceus\n|-damage|p1a: Arceus|63/300\n|\n|upkeep\n|turn|10\n|\n|t:|1782811016\n|move|p1a: Arceus|Recover|p1a: Arceus\n|-heal|p1a: Arceus|213/300\n|move|p2a: Flygon|Earthquake|p1a: Arceus\n|-damage|p1a: Arceus|77/300\n|\n|upkeep\n|turn|11\n|\n|t:|1782811018\n|move|p1a: Arceus|Recover|p1a: Arceus\n|-heal|p1a: Arceus|227/300\n|move|p2a: Flygon|Earthquake|p1a: Arceus\n|-damage|p1a: Arceus|83/300\n|\n|upkeep\n|turn|12\n|\n|t:|1782811021\n|move|p1a: Arceus|Stone Edge|p2a: Flygon|[miss]\n|-miss|p1a: Arceus|p2a: Flygon\n|move|p2a: Flygon|Earthquake|p1a: Arceus\n|-damage|p1a: Arceus|0 fnt\n|faint|p1a: Arceus\n|\n|upkeep\n|\n|t:|1782811025\n|switch|p1a: Wo-Chien|Wo-Chien, L83|277/277\n|-ability|p1a: Wo-Chien|Tablets of Ruin\n|turn|13\n|\n|t:|1782811031\n|switch|p2a: Forretress|Forretress, L84, M|185/263\n|move|p1a: Wo-Chien|Leech Seed|p2a: Forretress\n|-start|p2a: Forretress|move: Leech Seed\n|\n|-heal|p2a: Forretress|201/263|[from] item: Leftovers\n|-damage|p2a: Forretress|169/263|[from] Leech Seed|[of] p1a: Wo-Chien\n|upkeep\n|turn|14\n|\n|t:|1782811036\n|move|p1a: Wo-Chien|Knock Off|p2a: Forretress\n|-damage|p2a: Forretress|109/263\n|-enditem|p2a: Forretress|Leftovers|[from] move: Knock Off|[of] p1a: Wo-Chien\n|move|p2a: Forretress|Toxic Spikes|p1a: Wo-Chien\n|-sidestart|p1: Rober_jm|move: Toxic Spikes\n|\n|-damage|p2a: Forretress|77/263|[from] Leech Seed|[of] p1a: Wo-Chien\n|upkeep\n|turn|15\n|\n|t:|1782811047\n|move|p1a: Wo-Chien|Protect|p1a: Wo-Chien\n|-singleturn|p1a: Wo-Chien|Protect\n|move|p2a: Forretress|Rapid Spin|p1a: Wo-Chien\n|-activate|p1a: Wo-Chien|move: Protect\n|\n|-damage|p2a: Forretress|45/263|[from] Leech Seed|[of] p1a: Wo-Chien\n|upkeep\n|turn|16\n|\n|t:|1782811049\n|move|p1a: Wo-Chien|Knock Off|p2a: Forretress\n|-damage|p2a: Forretress|3/263\n|move|p2a: Forretress|Toxic Spikes|p1a: Wo-Chien\n|-sidestart|p1: Rober_jm|move: Toxic Spikes\n|\n|-damage|p2a: Forretress|0 fnt|[from] Leech Seed|[of] p1a: Wo-Chien\n|faint|p2a: Forretress\n|upkeep\n|\n|t:|1782811058\n|switch|p2a: Toucannon|Toucannon, L88, M|284/284\n|turn|17\n|inactive|Rober_jm has 120 seconds left.\n|\n|t:|1782811091\n|-singleturn|p2a: Toucannon|move: Beak Blast\n|move|p1a: Wo-Chien|Protect|p1a: Wo-Chien\n|-singleturn|p1a: Wo-Chien|Protect\n|move|p2a: Toucannon|Beak Blast|p1a: Wo-Chien\n|-activate|p1a: Wo-Chien|move: Protect\n|\n|upkeep\n|turn|18\n|\n|t:|1782811097\n|switch|p1a: Luxray|Luxray, L88, M|284/284\n|-status|p1a: Luxray|tox\n|-ability|p1a: Luxray|Intimidate|boost\n|-unboost|p2a: Toucannon|atk|1\n|move|p2a: Toucannon|U-turn|p1a: Luxray\n|-damage|p1a: Luxray|239/284 tox\n|\n|t:|1782811110\n|switch|p2a: Flygon|Flygon, L82, F|265/265|[from] U-turn\n|\n|-damage|p1a: Luxray|222/284 tox|[from] psn\n|upkeep\n|turn|19\n|inactive|Rober_jm has 120 seconds left.\n|\n|t:|1782811133\n|move|p2a: Flygon|U-turn|p1a: Luxray\n|-damage|p1a: Luxray|150/284 tox\n|\n|t:|1782811138\n|switch|p2a: Toucannon|Toucannon, L88, M|284/284|[from] U-turn\n|move|p1a: Luxray|Play Rough|p2a: Toucannon\n|-damage|p2a: Toucannon|187/284\n|\n|-damage|p1a: Luxray|116/284 tox|[from] psn\n|upkeep\n|turn|20\n|inactive|Rober_jm has 120 seconds left.\n|\n|t:|1782811175\n|move|p1a: Luxray|Wild Charge|p2a: Toucannon\n|-supereffective|p2a: Toucannon\n|-damage|p2a: Toucannon|0 fnt\n|faint|p2a: Toucannon\n|-damage|p1a: Luxray|69/284 tox|[from] Recoil\n|\n|-damage|p1a: Luxray|18/284 tox|[from] psn\n|upkeep\n|\n|t:|1782811187\n|switch|p2a: Porygon-Z|Porygon-Z, L83|277/277\n|-ability|p2a: Porygon-Z|Download|boost\n|-boost|p2a: Porygon-Z|spa|1\n|turn|21\n|\n|t:|1782811199\n|move|p2a: Porygon-Z|Tri Attack|p1a: Luxray\n|-damage|p1a: Luxray|0 fnt\n|faint|p1a: Luxray\n|\n|upkeep\n|\n|t:|1782811202\n|switch|p1a: Hariyama|Hariyama, L87, F|392/392\n|-status|p1a: Hariyama|tox\n|turn|22\n|\n|t:|1782811206\n|switch|p2a: Braviary|Braviary-Hisui, L85, M|326/326\n|move|p1a: Hariyama|Close Combat|p2a: Braviary\n|-resisted|p2a: Braviary\n|-damage|p2a: Braviary|283/326\n|-unboost|p1a: Hariyama|def|1\n|-unboost|p1a: Hariyama|spd|1\n|\n|-damage|p1a: Hariyama|368/392 tox|[from] psn\n|upkeep\n|turn|23\n|inactive|Rober_jm has 120 seconds left.\n|\n|t:|1782811232\n|switch|p1a: Snorlax|Snorlax, L82, M|397/397\n|-status|p1a: Snorlax|tox\n|move|p2a: Braviary|Heat Wave|p1a: Snorlax|[miss]\n|-miss|p2a: Braviary|p1a: Snorlax\n|\n|-damage|p1a: Snorlax|373/397 tox|[from] psn\n|upkeep\n|turn|24\n|\n|t:|1782811237\n|switch|p2a: Skeledirge|Skeledirge, L79, M|294/294\n|move|p1a: Snorlax|Body Slam|p2a: Skeledirge\n|-immune|p2a: Skeledirge\n|\n|-heal|p1a: Snorlax|397/397 tox|[from] item: Leftovers\n|-damage|p1a: Snorlax|349/397 tox|[from] psn\n|upkeep\n|turn|25\n|\n|t:|1782811253\n|switch|p2a: Flygon|Flygon, L82, F|265/265\n|move|p1a: Snorlax|Crunch|p2a: Flygon\n|-damage|p2a: Flygon|204/265\n|\n|-heal|p1a: Snorlax|373/397 tox|[from] item: Leftovers\n|-damage|p1a: Snorlax|301/397 tox|[from] psn\n|upkeep\n|turn|26\n|inactive|Rober_jm has 120 seconds left.\n|inactive|Rober_jm has 90 seconds left.\n|\n|t:|1782811301\n|move|p2a: Flygon|U-turn|p1a: Snorlax\n|-damage|p1a: Snorlax|217/397 tox\n|\n|t:|1782811304\n|switch|p2a: Skeledirge|Skeledirge, L79, M|294/294|[from] U-turn\n|move|p1a: Snorlax|Body Slam|p2a: Skeledirge\n|-immune|p2a: Skeledirge\n|\n|-heal|p1a: Snorlax|241/397 tox|[from] item: Leftovers\n|-damage|p1a: Snorlax|145/397 tox|[from] psn\n|upkeep\n|turn|27\n|\n|t:|1782811309\n|switch|p1a: Hariyama|Hariyama, L87, F|368/392 tox\n|move|p2a: Skeledirge|Torch Song|p1a: Hariyama\n|-damage|p1a: Hariyama|334/392 tox\n|-boost|p2a: Skeledirge|spa|1\n|\n|-damage|p1a: Hariyama|310/392 tox|[from] psn\n|upkeep\n|turn|28\n|\n|t:|1782811316\n|move|p2a: Skeledirge|Hex|p1a: Hariyama\n|-damage|p1a: Hariyama|154/392 tox\n|move|p1a: Hariyama|Knock Off|p2a: Skeledirge\n|-supereffective|p2a: Skeledirge\n|-damage|p2a: Skeledirge|114/294\n|-enditem|p2a: Skeledirge|Heavy-Duty Boots|[from] move: Knock Off|[of] p1a: Hariyama\n|\n|-damage|p1a: Hariyama|106/392 tox|[from] psn\n|upkeep\n|turn|29\n|\n|t:|1782811326\n|move|p2a: Skeledirge|Slack Off|p2a: Skeledirge\n|-heal|p2a: Skeledirge|261/294\n|move|p1a: Hariyama|Close Combat|p2a: Skeledirge\n|-immune|p2a: Skeledirge\n|\n|-damage|p1a: Hariyama|34/392 tox|[from] psn\n|upkeep\n|turn|30\n|-message|Rober_jm forfeited.\n|\n|win|star reacher\n", "inputlog": ">version f8ac14003a5f27e1bdc8d8c59608a773c1cb96e5\n>start {\"formatid\":\"gen9randombattle\",\"seed\":\"sodium,a5256b55fe271db85ab6f94baf8280bc\",\"rated\":\"Rated battle\"}\n>player p1 {\"name\":\"Rober_jm\",\"avatar\":\"1\",\"rating\":1955,\"seed\":\"sodium,5950bc254d4b4b07db84d71295e15367\"}\n>player p2 {\"name\":\"star reacher\",\"avatar\":\"psychic\",\"rating\":2017,\"seed\":\"sodium,2f0687a6ace0042fc34bef77a25cde67\"}\n>p1 switch 3\n>p2 move beakblast\n>p1 move dragondance\n>p2 switch 3\n>p1 move stoneedge\n>p2 move ironhead\n>p1 move recover\n>p2 move ironhead\n>p1 move dragondance terastallize\n>p2 move ironhead\n>p1 move recover\n>p2 switch 2\n>p1 move recover\n>p2 move earthquake\n>p1 move dragondance\n>p2 move earthquake\n>p1 move recover\n>p2 move earthquake\n>p1 move recover\n>p2 move earthquake\n>p1 move recover\n>p2 move earthquake\n>p1 move stoneedge\n>p2 move earthquake\n>p1 switch 4\n>p1 move leechseed\n>p2 switch 2\n>p1 move knockoff\n>p2 move toxicspikes\n>p1 move protect\n>p2 move rapidspin\n>p1 move knockoff\n>p2 move toxicspikes\n>p2 switch 3\n>p1 move protect\n>p2 move beakblast\n>p1 switch 2\n>p2 move uturn\n>p2 switch 2\n>p1 move playrough\n>p2 move uturn\n>p2 switch 2\n>p1 move wildcharge\n>p2 move roost\n>p2 switch 5\n>p1 move voltswitch\n>p2 move triattack\n>p1 switch 3\n>p1 move closecombat\n>p2 switch 6\n>p1 switch 6\n>p2 move heatwave\n>p1 move bodyslam\n>p2 switch 4\n>p1 move crunch\n>p2 switch 2\n>p1 move bodyslam\n>p2 move uturn\n>p2 switch 2\n>p1 switch 6\n>p2 move torchsong\n>p1 move knockoff\n>p2 move hex\n>p1 move closecombat\n>p2 move slackoff\n>forcelose p1", "uploadtime": 1782810879, "views": 3, "formatid": "gen9randombattle", "rating": null, "private": 0, "password": null, "player_dets": [{"name": "Rober_jm", "avatar": "1", "rating": 1955, "seed": "sodium,5950bc254d4b4b07db84d71295e15367"}, {"name": "star reacher", "avatar": "psychic", "rating": 2017, "seed": "sodium,2f0687a6ace0042fc34bef77a25cde67"}], "teams_full": [{"Hariyama": {"name": "Hariyama", "species": "Hariyama", "speciesId": "hariyama", "gender": "F", "shiny": false, "level": 87, "moves": ["closecombat", "headlongrush", "knockoff", "heavyslam"], "ability": "Thick Fat", "evs": {"hp": 85, "atk": 85, "def": 85, "spa": 85, "spd": 85, "spe": 85}, "ivs": {"hp": 31, "atk": 31, "def": 31, "spa": 31, "spd": 31, "spe": 31}, "item": "Assault Vest", "teraType": "Steel", "role": "AV Pivot", "bvs": {"hp": 144, "atk": 120, "def": 60, "spa": 40, "spd": 60, "spe": 50}, "stats": {"hp": 392, "atk": 259, "def": 154, "spa": 119, "spd": 154, "spe": 137}, "types": ["Fighting"]}, "Luxray": {"name": "Luxray", "species": "Luxray", "speciesId": "luxray", "gender": "M", "shiny": false, "level": 88, "moves": ["voltswitch", "throatchop", "wildcharge", "playrough"], "ability": "Intimidate", "evs": {"hp": 85, "atk": 85, "def": 85, "spa": 85, "spd": 85, "spe": 85}, "ivs": {"hp": 31, "atk": 31, "def": 31, "spa": 31, "spd": 31, "spe": 31}, "item": "Assault Vest", "teraType": "Electric", "role": "AV Pivot", "bvs": {"hp": 80, "atk": 120, "def": 79, "spa": 95, "spd": 79, "spe": 70}, "stats": {"hp": 284, "atk": 261, "def": 189, "spa": 217, "spd": 189, "spe": 173}, "types": ["Electric"]}, "Arceus": {"name": "Arceus", "species": "Arceus-Rock", "speciesId": "arceusrock", "gender": "N", "shiny": false, "level": 74, "moves": ["recover", "earthquake", "stoneedge", "dragondance"], "ability": "Multitype", "evs": {"hp": 85, "atk": 85, "def": 85, "spa": 85, "spd": 85, "spe": 85}, "ivs": {"hp": 31, "atk": 31, "def": 31, "spa": 31, "spd": 31, "spe": 31}, "item": "Stone Plate", "teraType": "Ground", "role": "Setup Sweeper", "bvs": {"hp": 120, "atk": 120, "def": 120, "spa": 120, "spd": 120, "spe": 120}, "stats": {"hp": 300, "atk": 221, "def": 221, "spa": 221, "spd": 221, "spe": 221}, "types": ["Rock"]}, "Wo-Chien": {"name": "Wo-Chien", "species": "Wo-Chien", "speciesId": "wochien", "gender": "N", "shiny": false, "level": 83, "moves": ["gigadrain", "leechseed", "protect", "knockoff"], "ability": "Tablets of Ruin", "evs": {"hp": 85, "atk": 85, "def": 85, "spa": 85, "spd": 85, "spe": 85}, "ivs": {"hp": 31, "atk": 31, "def": 31, "spa": 31, "spd": 31, "spe": 31}, "item": "Leftovers", "teraType": "Poison", "role": "Bulky Support", "bvs": {"hp": 85, "atk": 85, "def": 100, "spa": 95, "spd": 135, "spe": 70}, "stats": {"hp": 277, "atk": 189, "def": 214, "spa": 205, "spd": 272, "spe": 164}, "types": ["Dark", "Grass"]}, "Primarina": {"name": "Primarina", "species": "Primarina", "speciesId": "primarina", "gender": "M", "shiny": false, "level": 83, "moves": ["moonblast", "hydropump", "psychic", "flipturn"], "ability": "Torrent", "evs": {"hp": 85, "atk": 85, "def": 85, "spa": 85, "spd": 85, "spe": 85}, "ivs": {"hp": 31, "atk": 31, "def": 31, "spa": 31, "spd": 31, "spe": 31}, "item": "Choice Specs", "teraType": "Water", "role": "Wallbreaker", "bvs": {"hp": 80, "atk": 74, "def": 74, "spa": 126, "spd": 116, "spe": 60}, "stats": {"hp": 268, "atk": 171, "def": 171, "spa": 257, "spd": 240, "spe": 147}, "types": ["Water", "Fairy"]}, "Snorlax": {"name": "Snorlax", "species": "Snorlax", "speciesId": "snorlax", "gender": "M", "shiny": false, "level": 82, "moves": ["crunch", "bodyslam", "curse", "earthquake"], "ability": "Thick Fat", "evs": {"hp": 85, "atk": 85, "def": 85, "spa": 85, "spd": 85, "spe": 85}, "ivs": {"hp": 31, "atk": 31, "def": 31, "spa": 31, "spd": 31, "spe": 31}, "item": "Leftovers", "teraType": "Poison", "role": "Bulky Setup", "bvs": {"hp": 160, "atk": 110, "def": 65, "spa": 65, "spd": 110, "spe": 30}, "stats": {"hp": 397, "atk": 228, "def": 154, "spa": 154, "spd": 228, "spe": 96}, "types": ["Normal"]}}, {"Toucannon": {"name": "Toucannon", "species": "Toucannon", "speciesId": "toucannon", "gender": "M", "shiny": false, "level": 88, "moves": ["roost", "boomburst", "beakblast", "uturn"], "ability": "Keen Eye", "evs": {"hp": 85, "atk": 85, "def": 85, "spa": 85, "spd": 85, "spe": 85}, "ivs": {"hp": 31, "atk": 31, "def": 31, "spa": 31, "spd": 31, "spe": 31}, "item": "Heavy-Duty Boots", "teraType": "Steel", "role": "Bulky Support", "bvs": {"hp": 80, "atk": 120, "def": 75, "spa": 75, "spd": 75, "spe": 60}, "stats": {"hp": 284, "atk": 261, "def": 182, "spa": 182, "spd": 182, "spe": 156}, "types": ["Normal", "Flying"]}, "Flygon": {"name": "Flygon", "species": "Flygon", "speciesId": "flygon", "gender": "F", "shiny": false, "level": 82, "moves": ["stoneedge", "outrage", "earthquake", "uturn"], "ability": "Levitate", "evs": {"hp": 85, "atk": 85, "def": 85, "spa": 85, "spd": 85, "spe": 85}, "ivs": {"hp": 31, "atk": 31, "def": 31, "spa": 31, "spd": 31, "spe": 31}, "item": "Choice Band", "teraType": "Rock", "role": "Fast Attacker", "bvs": {"hp": 80, "atk": 100, "def": 80, "spa": 80, "spd": 80, "spe": 100}, "stats": {"hp": 265, "atk": 211, "def": 178, "spa": 178, "spd": 178, "spe": 211}, "types": ["Ground", "Dragon"]}, "Forretress": {"name": "Forretress", "species": "Forretress", "speciesId": "forretress", "gender": "M", "shiny": false, "level": 84, "moves": ["toxicspikes", "rapidspin", "ironhead", "voltswitch"], "ability": "Sturdy", "evs": {"hp": 85, "atk": 85, "def": 85, "spa": 85, "spd": 85, "spe": 85}, "ivs": {"hp": 31, "atk": 31, "def": 31, "spa": 31, "spd": 31, "spe": 31}, "item": "Leftovers", "teraType": "Water", "role": "Bulky Support", "bvs": {"hp": 75, "atk": 90, "def": 140, "spa": 60, "spd": 60, "spe": 40}, "stats": {"hp": 263, "atk": 199, "def": 283, "spa": 149, "spd": 149, "spe": 115}, "types": ["Bug", "Steel"]}, "Skeledirge": {"name": "Skeledirge", "species": "Skeledirge", "speciesId": "skeledirge", "gender": "M", "shiny": false, "level": 79, "moves": ["torchsong", "hex", "slackoff", "willowisp"], "ability": "Unaware", "evs": {"hp": 85, "atk": 0, "def": 85, "spa": 85, "spd": 85, "spe": 85}, "ivs": {"hp": 31, "atk": 0, "def": 31, "spa": 31, "spd": 31, "spe": 31}, "item": "Heavy-Duty Boots", "teraType": "Water", "role": "Bulky Support", "bvs": {"hp": 104, "atk": 75, "def": 100, "spa": 110, "spd": 75, "spe": 66}, "stats": {"hp": 294, "atk": 123, "def": 204, "spa": 219, "spd": 164, "spe": 150}, "types": ["Fire", "Ghost"]}, "Porygon-Z": {"name": "Porygon-Z", "species": "Porygon-Z", "speciesId": "porygonz", "gender": "N", "shiny": false, "level": 83, "moves": ["icebeam", "shadowball", "triattack", "thunderbolt"], "ability": "Download", "evs": {"hp": 85, "atk": 0, "def": 85, "spa": 85, "spd": 85, "spe": 85}, "ivs": {"hp": 31, "atk": 0, "def": 31, "spa": 31, "spd": 31, "spe": 31}, "item": "Choice Scarf", "teraType": "Ghost", "role": "Fast Attacker", "bvs": {"hp": 85, "atk": 80, "def": 70, "spa": 135, "spd": 75, "spe": 90}, "stats": {"hp": 277, "atk": 137, "def": 164, "spa": 272, "spd": 172, "spe": 197}, "types": ["Normal"]}, "Braviary": {"name": "Braviary", "species": "Braviary-Hisui", "speciesId": "braviaryhisui", "gender": "M", "shiny": false, "level": 85, "moves": ["heatwave", "hurricane", "psychic", "agility"], "ability": "Sheer Force", "evs": {"hp": 85, "atk": 0, "def": 85, "spa": 85, "spd": 85, "spe": 85}, "ivs": {"hp": 31, "atk": 0, "def": 31, "spa": 31, "spd": 31, "spe": 31}, "item": "Life Orb", "teraType": "Fire", "role": "Setup Sweeper", "bvs": {"hp": 110, "atk": 83, "def": 70, "spa": 112, "spd": 70, "spe": 65}, "stats": {"hp": 326, "atk": 146, "def": 168, "spa": 239, "spd": 168, "spe": 159}, "types": ["Psychic", "Flying"]}}]}