{"id": "gen9randombattle-2641467643", "format": "[Gen 9] Random Battle", "players": ["sleepydolphin7", "Ctannn"], "log": "|badge|p2|bronze|gen9ou|100-9\n|uhtml|medal-msg|<div class=\"broadcast-blue\">Curious what those medals under the avatar are? PS now has Ladder Seasons! For more information, check out the <a href=\"https://www.smogon.com/forums/threads/3740067/\">thread on Smogon.</a></div>\n|j|\u2606sleepydolphin7\n|j|\u2606Ctannn\n|t:|1782789382\n|gametype|singles\n|player|p1|sleepydolphin7|aquagrunt-rse|2118\n|player|p2|Ctannn|170|2083\n|gen|9\n|tier|[Gen 9] Random Battle\n|rated|\n|rule|Species Clause: Limit one of each Pok\u00e9mon\n|rule|HP Percentage Mod: HP is shown in percentages\n|rule|Sleep Clause Mod: Limit one foe put to sleep\n|rule|Illusion Level Mod: Illusion disguises the Pok\u00e9mon's true level\n|\n|t:|1782789382\n|teamsize|p1|6\n|teamsize|p2|6\n|start\n|switch|p1a: Wigglytuff|Wigglytuff, L96, M|424/424\n|switch|p2a: Cinderace|Cinderace, L77, M|249/249\n|turn|1\n|inactive|Battle timer is ON: inactive players will automatically lose when time's up. (requested by Ctannn)\n|\n|t:|1782789399\n|switch|p2a: Palossand|Palossand, L89, F|296/296\n|move|p1a: Wigglytuff|Thunder Wave|p2a: Palossand\n|-immune|p2a: Palossand\n|\n|upkeep\n|turn|2\n|\n|t:|1782789411\n|switch|p1a: Sandslash|Sandslash-Alola, L88, M|275/275\n|move|p2a: Palossand|Stealth Rock|p1a: Sandslash\n|-sidestart|p1: sleepydolphin7|move: Stealth Rock\n|\n|upkeep\n|turn|3\n|\n|t:|1782789419\n|move|p1a: Sandslash|Spikes|p2a: Palossand\n|-sidestart|p2: Ctannn|Spikes\n|move|p2a: Palossand|Earth Power|p1a: Sandslash\n|-supereffective|p1a: Sandslash\n|-damage|p1a: Sandslash|29/275\n|\n|-heal|p1a: Sandslash|46/275|[from] item: Leftovers\n|upkeep\n|turn|4\n|\n|t:|1782789422\n|switch|p2a: Volcanion|Volcanion, L79|255/255\n|-damage|p2a: Volcanion|224/255|[from] Spikes\n|move|p1a: Sandslash|Triple Axel|p2a: Volcanion|[miss]\n|-miss|p1a: Sandslash|p2a: Volcanion\n|\n|-heal|p1a: Sandslash|63/275|[from] item: Leftovers\n|upkeep\n|turn|5\n|\n|t:|1782789427\n|move|p1a: Sandslash|Rapid Spin|p2a: Volcanion\n|-damage|p2a: Volcanion|191/255\n|-boost|p1a: Sandslash|spe|1\n|-sideend|p1: sleepydolphin7|Stealth Rock|[from] move: Rapid Spin|[of] p1a: Sandslash\n|move|p2a: Volcanion|Flame Charge|p1a: Sandslash\n|-supereffective|p1a: Sandslash\n|-damage|p1a: Sandslash|0 fnt\n|-boost|p2a: Volcanion|spe|1\n|faint|p1a: Sandslash\n|\n|upkeep\n|\n|t:|1782789443\n|switch|p1a: Dragonite|Dragonite, L74, F|257/257\n|turn|6\n|\n|t:|1782789452\n|move|p2a: Volcanion|Flame Charge|p1a: Dragonite\n|-resisted|p1a: Dragonite\n|-damage|p1a: Dragonite|243/257\n|-boost|p2a: Volcanion|spe|1\n|move|p1a: Dragonite|Dragon Dance|p1a: Dragonite\n|-boost|p1a: Dragonite|atk|1\n|-boost|p1a: Dragonite|spe|1\n|\n|upkeep\n|turn|7\n|\n|t:|1782789456\n|move|p2a: Volcanion|Steam Eruption|p1a: Dragonite\n|-resisted|p1a: Dragonite\n|-damage|p1a: Dragonite|174/257\n|move|p1a: Dragonite|Dragon Dance|p1a: Dragonite\n|-boost|p1a: Dragonite|atk|1\n|-boost|p1a: Dragonite|spe|1\n|\n|upkeep\n|turn|8\n|\n|t:|1782789457\n|move|p1a: Dragonite|Earthquake|p2a: Volcanion\n|-supereffective|p2a: Volcanion\n|-damage|p2a: Volcanion|0 fnt\n|faint|p2a: Volcanion\n|\n|upkeep\n|\n|t:|1782789469\n|switch|p2a: Zacian|Zacian, L69, shiny|241/241\n|-damage|p2a: Zacian|211/241|[from] Spikes\n|-ability|p2a: Zacian|Intrepid Sword|boost\n|-boost|p2a: Zacian|atk|1\n|turn|9\n|\n|t:|1782789476\n|-terastallize|p1a: Dragonite|Ground\n|move|p1a: Dragonite|Roost|p1a: Dragonite\n|-heal|p1a: Dragonite|257/257\n|move|p2a: Zacian|Play Rough|p1a: Dragonite|[miss]\n|-miss|p2a: Zacian|p1a: Dragonite\n|\n|upkeep\n|turn|10\n|\n|t:|1782789481\n|move|p1a: Dragonite|Dragon Dance|p1a: Dragonite\n|-boost|p1a: Dragonite|atk|1\n|-boost|p1a: Dragonite|spe|1\n|move|p2a: Zacian|Play Rough|p1a: Dragonite\n|-damage|p1a: Dragonite|178/257\n|-damage|p2a: Zacian|187/241|[from] item: Life Orb\n|\n|upkeep\n|turn|11\n|\n|t:|1782789485\n|move|p1a: Dragonite|Earthquake|p2a: Zacian\n|-damage|p2a: Zacian|0 fnt\n|faint|p2a: Zacian\n|\n|upkeep\n|\n|t:|1782789489\n|switch|p2a: Sunflora|Sunflora, F|312/312\n|-damage|p2a: Sunflora|273/312|[from] Spikes\n|turn|12\n|\n|t:|1782789498\n|move|p1a: Dragonite|Outrage|p2a: Sunflora\n|-damage|p2a: Sunflora|0 fnt\n|faint|p2a: Sunflora\n|\n|upkeep\n|\n|t:|1782789506\n|switch|p2a: Palossand|Palossand, L89, F|296/296\n|-damage|p2a: Palossand|259/296|[from] Spikes\n|turn|13\n|\n|t:|1782789510\n|move|p1a: Dragonite|Outrage|p2a: Palossand|[from] lockedmove\n|-damage|p2a: Palossand|1/296\n|move|p2a: Palossand|Earth Power|p1a: Dragonite\n|-damage|p1a: Dragonite|73/257\n|\n|-heal|p2a: Palossand|19/296|[from] item: Leftovers\n|upkeep\n|turn|14\n|\n|t:|1782789513\n|move|p1a: Dragonite|Outrage|p2a: Palossand|[from] lockedmove\n|-damage|p2a: Palossand|0 fnt\n|faint|p2a: Palossand\n|-start|p1a: Dragonite|confusion|[fatigue]\n|\n|upkeep\n|\n|t:|1782789515\n|switch|p2a: Lycanroc|Lycanroc-Dusk, L81, M|254/254\n|-damage|p2a: Lycanroc|223/254|[from] Spikes\n|turn|15\n|\n|t:|1782789517\n|-activate|p1a: Dragonite|confusion\n|move|p1a: Dragonite|Earthquake|p2a: Lycanroc\n|-supereffective|p2a: Lycanroc\n|-damage|p2a: Lycanroc|0 fnt\n|faint|p2a: Lycanroc\n|\n|upkeep\n|-message|Ctannn forfeited.\n|\n|win|sleepydolphin7\n", "inputlog": ">version f8ac14003a5f27e1bdc8d8c59608a773c1cb96e5\n>start {\"formatid\":\"gen9randombattle\",\"seed\":\"sodium,57134a84ef7b1bed9315212c38e8649f\",\"rated\":\"Rated battle\"}\n>player p1 {\"name\":\"sleepydolphin7\",\"avatar\":\"aquagrunt-rse\",\"rating\":2118,\"seed\":\"sodium,bef89d8b95581c775d656ca722870dcb\"}\n>player p2 {\"name\":\"Ctannn\",\"avatar\":\"170\",\"rating\":2083,\"seed\":\"sodium,1249e91a8f19fe0114f6749cba3f0a58\"}\n>p1 move thunderwave\n>p2 switch 4\n>p1 switch 3\n>p2 move stealthrock\n>p1 move spikes\n>p2 move earthpower\n>p1 move tripleaxel\n>p2 switch 3\n>p1 move rapidspin\n>p2 move flamecharge\n>p1 switch 6\n>p1 move dragondance\n>p2 move flamecharge\n>p1 move dragondance\n>p2 move steameruption\n>p1 move earthquake\n>p2 move steameruption\n>p2 switch 5\n>p1 move roost terastallize\n>p2 move playrough\n>p1 move dragondance\n>p2 move playrough\n>p1 move earthquake\n>p2 move playrough\n>p2 switch 2\n>p1 move outrage\n>p2 move solarbeam\n>p2 switch 3\n>p1 move outrage\n>p2 move earthpower\n>p1 move outrage\n>p2 move earthpower\n>p2 switch 6\n>p1 move earthquake\n>p2 move swordsdance\n>forcelose p2", "uploadtime": 1782789383, "views": 3, "formatid": "gen9randombattle", "rating": null, "private": 0, "password": null, "player_dets": [{"name": "sleepydolphin7", "avatar": "aquagrunt-rse", "rating": 2118, "seed": "sodium,bef89d8b95581c775d656ca722870dcb"}, {"name": "Ctannn", "avatar": "170", "rating": 2083, "seed": "sodium,1249e91a8f19fe0114f6749cba3f0a58"}], "teams_full": [{"Wigglytuff": {"name": "Wigglytuff", "species": "Wigglytuff", "speciesId": "wigglytuff", "gender": "M", "shiny": false, "level": 96, "moves": ["dazzlinggleam", "protect", "thunderwave", "wish"], "ability": "Competitive", "evs": {"hp": 85, "atk": 0, "def": 85, "spa": 85, "spd": 85, "spe": 85}, "ivs": {"hp": 31, "atk": 0, "def": 31, "spa": 31, "spd": 31, "spe": 31}, "item": "Leftovers", "teraType": "Poison", "role": "Bulky Support", "bvs": {"hp": 140, "atk": 70, "def": 45, "spa": 85, "spd": 50, "spe": 45}, "stats": {"hp": 424, "atk": 139, "def": 141, "spa": 218, "spd": 150, "spe": 141}, "types": ["Normal", "Fairy"]}, "Pincurchin": {"name": "Pincurchin", "species": "Pincurchin", "speciesId": "pincurchin", "gender": "M", "shiny": false, "level": 100, "moves": ["curse", "recover", "liquidation", "zingzap"], "ability": "Electric Surge", "evs": {"hp": 85, "atk": 85, "def": 85, "spa": 85, "spd": 85, "spe": 85}, "ivs": {"hp": 31, "atk": 31, "def": 31, "spa": 31, "spd": 31, "spe": 31}, "item": "Leftovers", "teraType": "Water", "role": "Bulky Setup", "bvs": {"hp": 48, "atk": 101, "def": 95, "spa": 91, "spd": 85, "spe": 15}, "stats": {"hp": 258, "atk": 259, "def": 247, "spa": 239, "spd": 227, "spe": 87}, "types": ["Electric"]}, "Sandslash": {"name": "Sandslash", "species": "Sandslash-Alola", "speciesId": "sandslashalola", "gender": "M", "shiny": false, "level": 88, "moves": ["ironhead", "tripleaxel", "spikes", "rapidspin"], "ability": "Slush Rush", "evs": {"hp": 85, "atk": 85, "def": 85, "spa": 85, "spd": 85, "spe": 85}, "ivs": {"hp": 31, "atk": 31, "def": 31, "spa": 31, "spd": 31, "spe": 31}, "item": "Leftovers", "teraType": "Water", "role": "Bulky Support", "bvs": {"hp": 75, "atk": 100, "def": 120, "spa": 25, "spd": 65, "spe": 65}, "stats": {"hp": 275, "atk": 226, "def": 261, "spa": 94, "spd": 165, "spe": 165}, "types": ["Ice", "Steel"]}, "Staraptor": {"name": "Staraptor", "species": "Staraptor", "speciesId": "staraptor", "gender": "M", "shiny": false, "level": 79, "moves": ["doubleedge", "uturn", "quickattack", "bravebird"], "ability": "Reckless", "evs": {"hp": 81, "atk": 85, "def": 85, "spa": 85, "spd": 85, "spe": 85}, "ivs": {"hp": 31, "atk": 31, "def": 31, "spa": 31, "spd": 31, "spe": 31}, "item": "Choice Band", "teraType": "Flying", "role": "Fast Attacker", "bvs": {"hp": 85, "atk": 120, "def": 70, "spa": 50, "spd": 60, "spe": 100}, "stats": {"hp": 263, "atk": 235, "def": 156, "spa": 125, "spd": 140, "spe": 204}, "types": ["Normal", "Flying"]}, "Gouging Fire": {"name": "Gouging Fire", "species": "Gouging Fire", "speciesId": "gougingfire", "gender": "N", "shiny": false, "level": 74, "moves": ["heatcrash", "dragondance", "earthquake", "outrage"], "ability": "Protosynthesis", "evs": {"hp": 85, "atk": 85, "def": 85, "spa": 85, "spd": 85, "spe": 85}, "ivs": {"hp": 31, "atk": 31, "def": 31, "spa": 31, "spd": 31, "spe": 31}, "item": "Heavy-Duty Boots", "teraType": "Ground", "role": "Setup Sweeper", "bvs": {"hp": 105, "atk": 115, "def": 121, "spa": 65, "spd": 93, "spe": 91}, "stats": {"hp": 277, "atk": 213, "def": 222, "spa": 139, "spd": 181, "spe": 178}, "types": ["Fire", "Dragon"]}, "Dragonite": {"name": "Dragonite", "species": "Dragonite", "speciesId": "dragonite", "gender": "F", "shiny": false, "level": 74, "moves": ["dragondance", "outrage", "earthquake", "roost"], "ability": "Multiscale", "evs": {"hp": 85, "atk": 85, "def": 85, "spa": 85, "spd": 85, "spe": 85}, "ivs": {"hp": 31, "atk": 31, "def": 31, "spa": 31, "spd": 31, "spe": 31}, "item": "Heavy-Duty Boots", "teraType": "Ground", "role": "Bulky Setup", "bvs": {"hp": 91, "atk": 134, "def": 95, "spa": 100, "spd": 100, "spe": 80}, "stats": {"hp": 257, "atk": 241, "def": 184, "spa": 191, "spd": 191, "spe": 161}, "types": ["Dragon", "Flying"]}}, {"Cinderace": {"name": "Cinderace", "species": "Cinderace", "speciesId": "cinderace", "gender": "M", "shiny": false, "level": 77, "moves": ["highjumpkick", "gunkshot", "pyroball", "uturn"], "ability": "Libero", "evs": {"hp": 81, "atk": 85, "def": 85, "spa": 85, "spd": 85, "spe": 85}, "ivs": {"hp": 31, "atk": 31, "def": 31, "spa": 31, "spd": 31, "spe": 31}, "item": "Choice Band", "teraType": "Fire", "role": "Wallbreaker", "bvs": {"hp": 80, "atk": 116, "def": 75, "spa": 65, "spd": 75, "spe": 119}, "stats": {"hp": 249, "atk": 223, "def": 160, "spa": 145, "spd": 160, "spe": 228}, "types": ["Fire"]}, "Sunflora": {"name": "Sunflora", "species": "Sunflora", "speciesId": "sunflora", "gender": "F", "shiny": false, "level": 100, "moves": ["weatherball", "solarbeam", "earthpower", "sunnyday"], "ability": "Chlorophyll", "evs": {"hp": 85, "atk": 0, "def": 85, "spa": 85, "spd": 85, "spe": 85}, "ivs": {"hp": 31, "atk": 0, "def": 31, "spa": 31, "spd": 31, "spe": 31}, "item": "Life Orb", "teraType": "Fire", "role": "Setup Sweeper", "bvs": {"hp": 75, "atk": 75, "def": 55, "spa": 105, "spd": 85, "spe": 30}, "stats": {"hp": 312, "atk": 155, "def": 167, "spa": 267, "spd": 227, "spe": 117}, "types": ["Grass"]}, "Volcanion": {"name": "Volcanion", "species": "Volcanion", "speciesId": "volcanion", "gender": "N", "shiny": false, "level": 79, "moves": ["steameruption", "flamethrower", "flamecharge", "earthpower"], "ability": "Water Absorb", "evs": {"hp": 81, "atk": 85, "def": 85, "spa": 85, "spd": 85, "spe": 85}, "ivs": {"hp": 31, "atk": 31, "def": 31, "spa": 31, "spd": 31, "spe": 31}, "item": "Assault Vest", "teraType": "Fire", "role": "Bulky Attacker", "bvs": {"hp": 80, "atk": 110, "def": 120, "spa": 130, "spd": 90, "spe": 70}, "stats": {"hp": 255, "atk": 219, "def": 235, "spa": 251, "spd": 188, "spe": 156}, "types": ["Fire", "Water"]}, "Palossand": {"name": "Palossand", "species": "Palossand", "speciesId": "palossand", "gender": "F", "shiny": false, "level": 89, "moves": ["shoreup", "earthpower", "shadowball", "stealthrock"], "ability": "Water Compaction", "evs": {"hp": 85, "atk": 0, "def": 85, "spa": 85, "spd": 85, "spe": 85}, "ivs": {"hp": 31, "atk": 0, "def": 31, "spa": 31, "spd": 31, "spe": 31}, "item": "Leftovers", "teraType": "Water", "role": "Bulky Support", "bvs": {"hp": 85, "atk": 75, "def": 110, "spa": 100, "spd": 75, "spe": 35}, "stats": {"hp": 296, "atk": 138, "def": 247, "spa": 229, "spd": 184, "spe": 113}, "types": ["Ghost", "Ground"]}, "Zacian": {"name": "Zacian", "species": "Zacian", "speciesId": "zacian", "gender": "N", "shiny": true, "level": 69, "moves": ["swordsdance", "wildcharge", "closecombat", "playrough"], "ability": "Intrepid Sword", "evs": {"hp": 85, "atk": 85, "def": 85, "spa": 85, "spd": 85, "spe": 85}, "ivs": {"hp": 31, "atk": 31, "def": 31, "spa": 31, "spd": 31, "spe": 31}, "item": "Life Orb", "teraType": "Fighting", "role": "Fast Attacker", "bvs": {"hp": 92, "atk": 120, "def": 115, "spa": 80, "spd": 115, "spe": 138}, "stats": {"hp": 241, "atk": 206, "def": 199, "spa": 151, "spd": 199, "spe": 231}, "types": ["Fairy"]}, "Lycanroc": {"name": "Lycanroc", "species": "Lycanroc-Dusk", "speciesId": "lycanrocdusk", "gender": "M", "shiny": false, "level": 81, "moves": ["closecombat", "stoneedge", "psychicfangs", "swordsdance"], "ability": "Tough Claws", "evs": {"hp": 85, "atk": 85, "def": 85, "spa": 85, "spd": 85, "spe": 85}, "ivs": {"hp": 31, "atk": 31, "def": 31, "spa": 31, "spd": 31, "spe": 31}, "item": "Life Orb", "teraType": "Fighting", "role": "Setup Sweeper", "bvs": {"hp": 75, "atk": 117, "def": 65, "spa": 55, "spd": 65, "spe": 110}, "stats": {"hp": 254, "atk": 236, "def": 152, "spa": 136, "spd": 152, "spe": 225}, "types": ["Rock"]}}]}