{"id": "gen9randombattle-2641741827", "format": "[Gen 9] Random Battle", "players": ["smokyaim", "CandleBlue"], "log": "|badge|p1|bronze|gen9randombattle|100-9\n|html|<div class=\"broadcast-red\"><strong>This battle is required to be public due to one or more player having a season medal.</strong><br />During the public phase, you can discuss the state of the ladder <a href=\"/seasondiscussion\">in a special chatroom.</a></div>\n|uhtml|medal-msg|<div class=\"broadcast-blue\">Curious what those medals under the avatar are? PS now has Ladder Seasons! For more information, check out the <a href=\"https://www.smogon.com/forums/threads/3740067/\">thread on Smogon.</a></div>\n|j|\u2606smokyaim\n|j|\u2606CandleBlue\n|t:|1782836474\n|gametype|singles\n|player|p1|smokyaim|1|2305\n|player|p2|CandleBlue|1|2240\n|gen|9\n|tier|[Gen 9] Random Battle\n|rated|\n|rule|Species Clause: Limit one of each Pok\u00e9mon\n|rule|HP Percentage Mod: HP is shown in percentages\n|rule|Sleep Clause Mod: Limit one foe put to sleep\n|rule|Illusion Level Mod: Illusion disguises the Pok\u00e9mon's true level\n|\n|t:|1782836474\n|teamsize|p1|6\n|teamsize|p2|6\n|start\n|switch|p1a: Kyogre|Kyogre, L71|259/259\n|switch|p2a: Arcanine|Arcanine, L84, M|288/288\n|-ability|p2a: Arcanine|Intimidate|boost\n|-unboost|p1a: Kyogre|atk|1\n|-weather|RainDance|[from] ability: Drizzle|[of] p1a: Kyogre\n|turn|1\n|\n|t:|1782836487\n|switch|p2a: Rayquaza|Rayquaza, L72|270/270\n|-ability|p2a: Rayquaza|Air Lock\n|move|p1a: Kyogre|Thunder|p2a: Rayquaza\n|-damage|p2a: Rayquaza|185/270\n|\n|-weather|RainDance|[upkeep]\n|upkeep\n|turn|2\n|inactive|Battle timer is ON: inactive players will automatically lose when time's up. (requested by smokyaim)\n|\n|t:|1782836528\n|switch|p2a: Blastoise|Blastoise, L80, M|258/258\n|switch|p1a: Glalie|Glalie, L96, F|309/309\n|\n|-weather|RainDance|[upkeep]\n|upkeep\n|turn|3\n|\n|t:|1782836541\n|switch|p2a: Arcanine|Arcanine, L84, M|288/288\n|-ability|p2a: Arcanine|Intimidate|boost\n|-fail|p1a: Glalie|unboost|Attack|[from] ability: Inner Focus|[of] p1a: Glalie\n|move|p1a: Glalie|Taunt|p2a: Arcanine\n|-start|p2a: Arcanine|move: Taunt\n|\n|-weather|RainDance|[upkeep]\n|upkeep\n|turn|4\n|\n|t:|1782836550\n|move|p1a: Glalie|Spikes|p2a: Arcanine\n|-sidestart|p2: CandleBlue|Spikes\n|move|p2a: Arcanine|Flare Blitz|p1a: Glalie\n|-supereffective|p1a: Glalie\n|-damage|p1a: Glalie|183/309\n|-damage|p2a: Arcanine|246/288|[from] Recoil\n|\n|-weather|RainDance|[upkeep]\n|upkeep\n|turn|5\n|\n|t:|1782836555\n|switch|p1a: Kyogre|Kyogre, L71|259/259\n|move|p2a: Arcanine|Flare Blitz|p1a: Kyogre\n|-resisted|p1a: Kyogre\n|-damage|p1a: Kyogre|223/259\n|-damage|p2a: Arcanine|234/288|[from] Recoil\n|\n|-weather|none\n|-heal|p1a: Kyogre|239/259|[from] item: Leftovers\n|-end|p2a: Arcanine|move: Taunt\n|upkeep\n|turn|6\n|\n|t:|1782836577\n|switch|p2a: Blastoise|Blastoise, L80, M|258/258\n|-damage|p2a: Blastoise|226/258|[from] Spikes\n|move|p1a: Kyogre|Origin Pulse|p2a: Blastoise\n|-resisted|p2a: Blastoise\n|-damage|p2a: Blastoise|173/258\n|\n|-heal|p1a: Kyogre|255/259|[from] item: Leftovers\n|upkeep\n|turn|7\n|\n|t:|1782836588\n|move|p2a: Blastoise|Shell Smash|p2a: Blastoise\n|-unboost|p2a: Blastoise|def|1\n|-unboost|p2a: Blastoise|spd|1\n|-boost|p2a: Blastoise|atk|2\n|-boost|p2a: Blastoise|spa|2\n|-boost|p2a: Blastoise|spe|2\n|-enditem|p2a: Blastoise|White Herb\n|-clearnegativeboost|p2a: Blastoise|[silent]\n|move|p1a: Kyogre|Thunder|p2a: Blastoise|[miss]\n|-miss|p1a: Kyogre|p2a: Blastoise\n|\n|-heal|p1a: Kyogre|259/259|[from] item: Leftovers\n|upkeep\n|turn|8\n|\n|t:|1782836592\n|move|p2a: Blastoise|Earthquake|p1a: Kyogre\n|-damage|p1a: Kyogre|122/259\n|move|p1a: Kyogre|Thunder|p2a: Blastoise|[miss]\n|-miss|p1a: Kyogre|p2a: Blastoise\n|\n|-heal|p1a: Kyogre|138/259|[from] item: Leftovers\n|upkeep\n|turn|9\n|\n|t:|1782836597\n|move|p2a: Blastoise|Earthquake|p1a: Kyogre\n|-damage|p1a: Kyogre|0 fnt\n|faint|p1a: Kyogre\n|\n|upkeep\n|\n|t:|1782836618\n|switch|p1a: Lapras|Lapras, L87, F|368/368\n|turn|10\n|\n|t:|1782836631\n|move|p2a: Blastoise|Earthquake|p1a: Lapras\n|-damage|p1a: Lapras|240/368\n|move|p1a: Lapras|Freeze-Dry|p2a: Blastoise\n|-supereffective|p2a: Blastoise\n|-damage|p2a: Blastoise|51/258\n|\n|upkeep\n|turn|11\n|\n|t:|1782836643\n|move|p2a: Blastoise|Earthquake|p1a: Lapras\n|-damage|p1a: Lapras|125/368\n|move|p1a: Lapras|Rest|p1a: Lapras\n|-status|p1a: Lapras|slp|[from] move: Rest\n|-heal|p1a: Lapras|368/368 slp|[silent]\n|\n|upkeep\n|turn|12\n|\n|t:|1782836653\n|move|p2a: Blastoise|Earthquake|p1a: Lapras\n|-damage|p1a: Lapras|250/368 slp\n|cant|p1a: Lapras|slp\n|move|p1a: Lapras|Sleep Talk|p1a: Lapras\n|move|p1a: Lapras|Freeze-Dry|p2a: Blastoise|[from] move: Sleep Talk\n|-supereffective|p2a: Blastoise\n|-damage|p2a: Blastoise|0 fnt\n|faint|p2a: Blastoise\n|\n|upkeep\n|inactive|CandleBlue has 120 seconds left.\n|\n|t:|1782836691\n|switch|p2a: Bruxish|Bruxish, L85, F|254/254\n|-damage|p2a: Bruxish|223/254|[from] Spikes\n|turn|13\n|\n|t:|1782836700\n|move|p2a: Bruxish|Psychic Fangs|p1a: Lapras\n|-damage|p1a: Lapras|1/368 slp\n|cant|p1a: Lapras|slp\n|move|p1a: Lapras|Sleep Talk|p1a: Lapras\n|move|p1a: Lapras|Sparkling Aria|p2a: Bruxish|[from] move: Sleep Talk\n|-resisted|p2a: Bruxish\n|-damage|p2a: Bruxish|174/254\n|\n|upkeep\n|turn|14\n|\n|t:|1782836707\n|switch|p1a: Mandibuzz|Mandibuzz, L85, F|326/326\n|move|p2a: Bruxish|Psychic Fangs|p1a: Mandibuzz\n|-immune|p1a: Mandibuzz\n|\n|upkeep\n|turn|15\n|\n|t:|1782836719\n|switch|p2a: Arcanine|Arcanine, L84, M|234/288\n|-ability|p2a: Arcanine|Intimidate|boost\n|-unboost|p1a: Mandibuzz|atk|1\n|move|p1a: Mandibuzz|Foul Play|p2a: Arcanine\n|-damage|p2a: Arcanine|107/288\n|\n|upkeep\n|turn|16\n|\n|t:|1782836728\n|move|p2a: Arcanine|Morning Sun|p2a: Arcanine\n|-heal|p2a: Arcanine|251/288\n|move|p1a: Mandibuzz|Foul Play|p2a: Arcanine\n|-damage|p2a: Arcanine|119/288\n|\n|upkeep\n|turn|17\n|\n|t:|1782836731\n|move|p2a: Arcanine|Morning Sun|p2a: Arcanine\n|-heal|p2a: Arcanine|263/288\n|move|p1a: Mandibuzz|Foul Play|p2a: Arcanine\n|-damage|p2a: Arcanine|148/288\n|\n|upkeep\n|turn|18\n|\n|t:|1782836738\n|move|p2a: Arcanine|Morning Sun|p2a: Arcanine\n|-heal|p2a: Arcanine|288/288\n|move|p1a: Mandibuzz|Toxic|p2a: Arcanine\n|-status|p2a: Arcanine|tox\n|\n|-damage|p2a: Arcanine|270/288 tox|[from] psn\n|upkeep\n|turn|19\n|\n|t:|1782836743\n|switch|p1a: Sandaconda|Sandaconda, L84, M|258/258\n|move|p2a: Arcanine|Flare Blitz|p1a: Sandaconda\n|-damage|p1a: Sandaconda|146/258\n|-damage|p2a: Arcanine|233/288 tox|[from] Recoil\n|\n|-heal|p1a: Sandaconda|162/258|[from] item: Leftovers\n|-damage|p2a: Arcanine|197/288 tox|[from] psn\n|upkeep\n|turn|20\n|\n|t:|1782836748\n|move|p2a: Arcanine|Flare Blitz|p1a: Sandaconda\n|-damage|p1a: Sandaconda|53/258\n|-damage|p2a: Arcanine|161/288 tox|[from] Recoil\n|move|p1a: Sandaconda|Rest|p1a: Sandaconda\n|-status|p1a: Sandaconda|slp|[from] move: Rest\n|-heal|p1a: Sandaconda|258/258 slp|[silent]\n|\n|-damage|p2a: Arcanine|107/288 tox|[from] psn\n|upkeep\n|turn|21\n|\n|t:|1782836756\n|move|p2a: Arcanine|Flare Blitz|p1a: Sandaconda\n|-damage|p1a: Sandaconda|144/258 slp\n|-damage|p2a: Arcanine|69/288 tox|[from] Recoil\n|cant|p1a: Sandaconda|slp\n|\n|-heal|p1a: Sandaconda|160/258 slp|[from] item: Leftovers\n|-damage|p2a: Arcanine|0 fnt|[from] psn\n|faint|p2a: Arcanine\n|upkeep\n|\n|t:|1782836766\n|switch|p2a: Rayquaza|Rayquaza, L72|185/270\n|-ability|p2a: Rayquaza|Air Lock\n|turn|22\n|\n|t:|1782836770\n|switch|p1a: Dedenne|Dedenne, L88, F|261/261\n|move|p2a: Rayquaza|Swords Dance|p2a: Rayquaza\n|-boost|p2a: Rayquaza|atk|2\n|\n|upkeep\n|turn|23\n|\n|t:|1782836775\n|move|p1a: Dedenne|Dazzling Gleam|p2a: Rayquaza\n|-supereffective|p2a: Rayquaza\n|-damage|p2a: Rayquaza|0 fnt\n|faint|p2a: Rayquaza\n|\n|upkeep\n|\n|t:|1782836781\n|switch|p2a: Smeargle|Smeargle, L95, F|258/258\n|-damage|p2a: Smeargle|226/258|[from] Spikes\n|turn|24\n|\n|t:|1782836791\n|move|p1a: Dedenne|Nuzzle|p2a: Smeargle\n|-damage|p2a: Smeargle|201/258\n|-status|p2a: Smeargle|par\n|cant|p2a: Smeargle|par\n|\n|upkeep\n|turn|25\n|\n|t:|1782836795\n|move|p1a: Dedenne|U-turn|p2a: Smeargle\n|-damage|p2a: Smeargle|141/258 par\n|\n|t:|1782836799\n|switch|p1a: Sandaconda|Sandaconda, L84, M|160/258 slp|[from] U-turn\n|cant|p2a: Smeargle|par\n|\n|-heal|p1a: Sandaconda|176/258 slp|[from] item: Leftovers\n|upkeep\n|turn|26\n|\n|t:|1782836806\n|cant|p1a: Sandaconda|slp\n|move|p2a: Smeargle|Ceaseless Edge|p1a: Sandaconda\n|-damage|p1a: Sandaconda|157/258 slp\n|-sidestart|p1: smokyaim|Spikes\n|\n|-activate|p1a: Sandaconda|ability: Shed Skin\n|-curestatus|p1a: Sandaconda|slp|[msg]\n|-heal|p1a: Sandaconda|173/258|[from] item: Leftovers\n|upkeep\n|turn|27\n|\n|t:|1782836812\n|move|p1a: Sandaconda|Earthquake|p2a: Smeargle\n|-damage|p2a: Smeargle|0 fnt\n|faint|p2a: Smeargle\n|\n|-heal|p1a: Sandaconda|189/258|[from] item: Leftovers\n|upkeep\n|\n|t:|1782836815\n|switch|p2a: Bruxish|Bruxish, L85, F|174/254\n|-damage|p2a: Bruxish|143/254|[from] Spikes\n|turn|28\n|\n|t:|1782836822\n|switch|p1a: Lapras|Lapras, L87, F|1/368 slp\n|move|p2a: Bruxish|Psychic Fangs|p1a: Lapras\n|-damage|p1a: Lapras|0 fnt\n|faint|p1a: Lapras\n|\n|upkeep\n|\n|t:|1782836826\n|switch|p1a: Mandibuzz|Mandibuzz, L85, F|326/326\n|turn|29\n|\n|t:|1782836828\n|switch|p2a: Great Tusk|Great Tusk, L77|304/304\n|-damage|p2a: Great Tusk|266/304|[from] Spikes\n|move|p1a: Mandibuzz|Foul Play|p2a: Great Tusk\n|-resisted|p2a: Great Tusk\n|-damage|p2a: Great Tusk|218/304\n|\n|upkeep\n|turn|30\n|\n|t:|1782836836\n|-end|p2a: Great Tusk|Protosynthesis|[silent]\n|switch|p2a: Bruxish|Bruxish, L85, F|143/254\n|-damage|p2a: Bruxish|112/254|[from] Spikes\n|move|p1a: Mandibuzz|Toxic|p2a: Bruxish|[miss]\n|-miss|p1a: Mandibuzz|p2a: Bruxish\n|\n|upkeep\n|turn|31\n|\n|t:|1782836843\n|switch|p1a: Dedenne|Dedenne, L88, F|261/261\n|-damage|p1a: Dedenne|229/261|[from] Spikes\n|move|p2a: Bruxish|Ice Fang|p1a: Dedenne\n|-crit|p1a: Dedenne\n|-damage|p1a: Dedenne|0 fnt\n|faint|p1a: Dedenne\n|\n|upkeep\n|\n|t:|1782836850\n|switch|p1a: Glalie|Glalie, L96, F|183/309\n|turn|32\n|\n|t:|1782836859\n|switch|p2a: Great Tusk|Great Tusk, L77|218/304\n|-damage|p2a: Great Tusk|180/304|[from] Spikes\n|move|p1a: Glalie|Freeze-Dry|p2a: Great Tusk\n|-supereffective|p2a: Great Tusk\n|-crit|p2a: Great Tusk\n|-damage|p2a: Great Tusk|0 fnt\n|faint|p2a: Great Tusk\n|-end|p2a: Great Tusk|Protosynthesis|[silent]\n|\n|upkeep\n|\n|t:|1782836861\n|switch|p2a: Bruxish|Bruxish, L85, F|112/254\n|-damage|p2a: Bruxish|81/254|[from] Spikes\n|turn|33\n|\n|t:|1782836869\n|move|p1a: Glalie|Freeze-Dry|p2a: Bruxish\n|-supereffective|p2a: Bruxish\n|-damage|p2a: Bruxish|0 fnt\n|faint|p2a: Bruxish\n|\n|win|smokyaim\n|raw|smokyaim's rating: 2305 &rarr; <strong>2321</strong><br />(+16 for winning)\n|raw|CandleBlue's rating: 2240 &rarr; <strong>2224</strong><br />(-16 for losing)\n", "inputlog": ">version f8ac14003a5f27e1bdc8d8c59608a773c1cb96e5\n>start {\"formatid\":\"gen9randombattle\",\"seed\":\"sodium,62ea08581417487cea087a8635ff22ca\",\"rated\":\"Rated battle\"}\n>player p1 {\"name\":\"smokyaim\",\"avatar\":\"1\",\"rating\":2305,\"seed\":\"sodium,acd30350743bef45c2d60595e69309cc\"}\n>player p2 {\"name\":\"CandleBlue\",\"avatar\":\"1\",\"rating\":2240,\"seed\":\"sodium,c6a787383b19b1e65014c47a60a108b2\"}\n>p1 move thunder\n>p2 switch 2\n>p1 switch 3\n>p2 switch 4\n>p1 move taunt\n>p2 switch 2\n>p1 move spikes\n>p2 move flareblitz\n>p1 switch 3\n>p2 move flareblitz\n>p1 move originpulse\n>p2 switch 2\n>p1 move thunder\n>p2 move shellsmash\n>p1 move thunder\n>p2 move earthquake\n>p1 move thunder\n>p2 move earthquake\n>p1 switch 2\n>p1 move freezedry\n>p2 move earthquake\n>p1 move rest\n>p2 move earthquake\n>p1 move sleeptalk\n>p2 move earthquake\n>p2 switch 5\n>p1 move sleeptalk\n>p2 move psychicfangs\n>p1 switch 4\n>p2 move psychicfangs\n>p1 move foulplay\n>p2 switch 2\n>p1 move foulplay\n>p2 move morningsun\n>p1 move foulplay\n>p2 move morningsun\n>p1 move toxic\n>p2 move morningsun\n>p1 switch 5\n>p2 move flareblitz\n>p1 move rest\n>p2 move flareblitz\n>p1 move coil\n>p2 move flareblitz\n>p2 switch 4\n>p1 switch 6\n>p2 move swordsdance\n>p1 move dazzlinggleam\n>p2 move earthquake\n>p2 switch 6\n>p1 move nuzzle\n>p2 move spore\n>p1 move uturn\n>p2 move spore\n>p1 switch 6\n>p1 move earthquake\n>p2 move ceaselessedge\n>p1 move earthquake\n>p2 move stealthrock\n>p2 switch 2\n>p1 switch 4\n>p2 move psychicfangs\n>p1 switch 5\n>p1 move foulplay\n>p2 switch 3\n>p1 move toxic\n>p2 switch 3\n>p1 switch 6\n>p2 move icefang\n>p1 switch 3\n>p1 move freezedry\n>p2 switch 3\n>p2 switch 3\n>p1 move freezedry\n>p2 move crunch", "uploadtime": 1782836478, "views": 9, "formatid": "gen9randombattle", "rating": 2224, "private": 0, "password": null, "player_dets": [{"name": "smokyaim", "avatar": "1", "rating": 2305, "seed": "sodium,acd30350743bef45c2d60595e69309cc"}, {"name": "CandleBlue", "avatar": "1", "rating": 2240, "seed": "sodium,c6a787383b19b1e65014c47a60a108b2"}], "teams_full": [{"Kyogre": {"name": "Kyogre", "species": "Kyogre", "speciesId": "kyogre", "gender": "N", "shiny": false, "level": 71, "moves": ["calmmind", "thunder", "icebeam", "originpulse"], "ability": "Drizzle", "evs": {"hp": 85, "atk": 0, "def": 85, "spa": 85, "spd": 85, "spe": 85}, "ivs": {"hp": 31, "atk": 0, "def": 31, "spa": 31, "spd": 31, "spe": 31}, "item": "Leftovers", "teraType": "Electric", "role": "Bulky Setup", "bvs": {"hp": 100, "atk": 100, "def": 90, "spa": 150, "spd": 140, "spe": 90}, "stats": {"hp": 259, "atk": 147, "def": 169, "spa": 254, "spd": 240, "spe": 169}, "types": ["Water"]}, "Lapras": {"name": "Lapras", "species": "Lapras", "speciesId": "lapras", "gender": "F", "shiny": false, "level": 87, "moves": ["sleeptalk", "sparklingaria", "rest", "freezedry"], "ability": "Water Absorb", "evs": {"hp": 85, "atk": 0, "def": 85, "spa": 85, "spd": 85, "spe": 85}, "ivs": {"hp": 31, "atk": 0, "def": 31, "spa": 31, "spd": 31, "spe": 31}, "item": "Heavy-Duty Boots", "teraType": "Dragon", "role": "Bulky Attacker", "bvs": {"hp": 130, "atk": 85, "def": 80, "spa": 85, "spd": 95, "spe": 60}, "stats": {"hp": 368, "atk": 152, "def": 189, "spa": 198, "spd": 215, "spe": 154}, "types": ["Water", "Ice"]}, "Glalie": {"name": "Glalie", "species": "Glalie", "speciesId": "glalie", "gender": "F", "shiny": false, "level": 96, "moves": ["earthquake", "spikes", "taunt", "freezedry"], "ability": "Inner Focus", "evs": {"hp": 85, "atk": 85, "def": 85, "spa": 85, "spd": 85, "spe": 85}, "ivs": {"hp": 31, "atk": 31, "def": 31, "spa": 31, "spd": 31, "spe": 31}, "item": "Heavy-Duty Boots", "teraType": "Ground", "role": "Fast Support", "bvs": {"hp": 80, "atk": 80, "def": 80, "spa": 80, "spd": 80, "spe": 80}, "stats": {"hp": 309, "atk": 208, "def": 208, "spa": 208, "spd": 208, "spe": 208}, "types": ["Ice"]}, "Mandibuzz": {"name": "Mandibuzz", "species": "Mandibuzz", "speciesId": "mandibuzz", "gender": "F", "shiny": false, "level": 85, "moves": ["foulplay", "defog", "toxic", "roost"], "ability": "Overcoat", "evs": {"hp": 85, "atk": 0, "def": 85, "spa": 85, "spd": 85, "spe": 85}, "ivs": {"hp": 31, "atk": 0, "def": 31, "spa": 31, "spd": 31, "spe": 31}, "item": "Heavy-Duty Boots", "teraType": "Steel", "role": "Bulky Support", "bvs": {"hp": 110, "atk": 65, "def": 105, "spa": 55, "spd": 95, "spe": 80}, "stats": {"hp": 326, "atk": 115, "def": 227, "spa": 142, "spd": 210, "spe": 185}, "types": ["Dark", "Flying"]}, "Sandaconda": {"name": "Sandaconda", "species": "Sandaconda", "speciesId": "sandaconda", "gender": "M", "shiny": false, "level": 84, "moves": ["stoneedge", "earthquake", "coil", "rest"], "ability": "Shed Skin", "evs": {"hp": 85, "atk": 85, "def": 85, "spa": 85, "spd": 85, "spe": 85}, "ivs": {"hp": 31, "atk": 31, "def": 31, "spa": 31, "spd": 31, "spe": 31}, "item": "Leftovers", "teraType": "Dragon", "role": "Bulky Setup", "bvs": {"hp": 72, "atk": 107, "def": 125, "spa": 65, "spd": 70, "spe": 71}, "stats": {"hp": 258, "atk": 228, "def": 258, "spa": 157, "spd": 166, "spe": 167}, "types": ["Ground"]}, "Dedenne": {"name": "Dedenne", "species": "Dedenne", "speciesId": "dedenne", "gender": "F", "shiny": false, "level": 88, "moves": ["dazzlinggleam", "nuzzle", "thunderbolt", "uturn"], "ability": "Cheek Pouch", "evs": {"hp": 85, "atk": 85, "def": 85, "spa": 85, "spd": 85, "spe": 85}, "ivs": {"hp": 31, "atk": 31, "def": 31, "spa": 31, "spd": 31, "spe": 31}, "item": "Sitrus Berry", "teraType": "Flying", "role": "Fast Support", "bvs": {"hp": 67, "atk": 58, "def": 57, "spa": 81, "spd": 67, "spe": 101}, "stats": {"hp": 261, "atk": 152, "def": 151, "spa": 193, "spd": 168, "spe": 228}, "types": ["Electric", "Fairy"]}}, {"Arcanine": {"name": "Arcanine", "species": "Arcanine", "speciesId": "arcanine", "gender": "M", "shiny": false, "level": 84, "moves": ["roar", "extremespeed", "flareblitz", "morningsun"], "ability": "Intimidate", "evs": {"hp": 85, "atk": 85, "def": 85, "spa": 85, "spd": 85, "spe": 85}, "ivs": {"hp": 31, "atk": 31, "def": 31, "spa": 31, "spd": 31, "spe": 31}, "item": "Heavy-Duty Boots", "teraType": "Normal", "role": "Bulky Attacker", "bvs": {"hp": 90, "atk": 110, "def": 80, "spa": 100, "spd": 80, "spe": 95}, "stats": {"hp": 288, "atk": 233, "def": 183, "spa": 216, "spd": 183, "spe": 208}, "types": ["Fire"]}, "Rayquaza": {"name": "Rayquaza", "species": "Rayquaza", "speciesId": "rayquaza", "gender": "N", "shiny": false, "level": 72, "moves": ["swordsdance", "scaleshot", "earthquake", "dragonascent"], "ability": "Air Lock", "evs": {"hp": 85, "atk": 85, "def": 85, "spa": 85, "spd": 85, "spe": 85}, "ivs": {"hp": 31, "atk": 31, "def": 31, "spa": 31, "spd": 31, "spe": 31}, "item": "Loaded Dice", "teraType": "Steel", "role": "Fast Bulky Setup", "bvs": {"hp": 105, "atk": 150, "def": 90, "spa": 150, "spd": 90, "spe": 95}, "stats": {"hp": 270, "atk": 258, "def": 172, "spa": 258, "spd": 172, "spe": 179}, "types": ["Dragon", "Flying"]}, "Great Tusk": {"name": "Great Tusk", "species": "Great Tusk", "speciesId": "greattusk", "gender": "N", "shiny": false, "level": 77, "moves": ["rapidspin", "headlongrush", "knockoff", "closecombat"], "ability": "Protosynthesis", "evs": {"hp": 85, "atk": 85, "def": 85, "spa": 85, "spd": 85, "spe": 85}, "ivs": {"hp": 31, "atk": 31, "def": 31, "spa": 31, "spd": 31, "spe": 31}, "item": "Assault Vest", "teraType": "Ground", "role": "Bulky Support", "bvs": {"hp": 115, "atk": 131, "def": 131, "spa": 53, "spd": 53, "spe": 87}, "stats": {"hp": 304, "atk": 246, "def": 246, "spa": 126, "spd": 126, "spe": 179}, "types": ["Ground", "Fighting"]}, "Blastoise": {"name": "Blastoise", "species": "Blastoise", "speciesId": "blastoise", "gender": "M", "shiny": false, "level": 80, "moves": ["icebeam", "shellsmash", "earthquake", "hydropump"], "ability": "Torrent", "evs": {"hp": 85, "atk": 85, "def": 85, "spa": 85, "spd": 85, "spe": 85}, "ivs": {"hp": 31, "atk": 31, "def": 31, "spa": 31, "spd": 31, "spe": 31}, "item": "White Herb", "teraType": "Ground", "role": "Setup Sweeper", "bvs": {"hp": 79, "atk": 83, "def": 100, "spa": 85, "spd": 105, "spe": 78}, "stats": {"hp": 258, "atk": 179, "def": 206, "spa": 182, "spd": 214, "spe": 171}, "types": ["Water"]}, "Bruxish": {"name": "Bruxish", "species": "Bruxish", "speciesId": "bruxish", "gender": "F", "shiny": false, "level": 85, "moves": ["psychicfangs", "icefang", "crunch", "wavecrash"], "ability": "Strong Jaw", "evs": {"hp": 85, "atk": 85, "def": 85, "spa": 85, "spd": 85, "spe": 85}, "ivs": {"hp": 31, "atk": 31, "def": 31, "spa": 31, "spd": 31, "spe": 31}, "item": "Choice Band", "teraType": "Psychic", "role": "Fast Attacker", "bvs": {"hp": 68, "atk": 105, "def": 70, "spa": 70, "spd": 70, "spe": 92}, "stats": {"hp": 254, "atk": 227, "def": 168, "spa": 168, "spd": 168, "spe": 205}, "types": ["Water", "Psychic"]}, "Smeargle": {"name": "Smeargle", "species": "Smeargle", "speciesId": "smeargle", "gender": "F", "shiny": false, "level": 95, "moves": ["spore", "stealthrock", "ceaselessedge", "stickyweb"], "ability": "Own Tempo", "evs": {"hp": 85, "atk": 85, "def": 85, "spa": 85, "spd": 85, "spe": 85}, "ivs": {"hp": 31, "atk": 31, "def": 31, "spa": 31, "spd": 31, "spe": 31}, "item": "Focus Sash", "teraType": "Ghost", "role": "Fast Support", "bvs": {"hp": 55, "atk": 20, "def": 35, "spa": 20, "spd": 45, "spe": 75}, "stats": {"hp": 258, "atk": 92, "def": 120, "spa": 92, "spd": 139, "spe": 196}, "types": ["Normal"]}}]}