{"id": "gen9randombattle-2641497542", "format": "[Gen 9] Random Battle", "players": ["zard_fish", "Jenome"], "log": "|j|\u2606zard_fish\n|j|\u2606Jenome\n|t:|1782794805\n|gametype|singles\n|player|p1|zard_fish|1|1434\n|player|p2|Jenome|gentleman-gen4|1496\n|gen|9\n|tier|[Gen 9] Random Battle\n|rated|\n|rule|Species Clause: Limit one of each Pok\u00e9mon\n|rule|HP Percentage Mod: HP is shown in percentages\n|rule|Sleep Clause Mod: Limit one foe put to sleep\n|rule|Illusion Level Mod: Illusion disguises the Pok\u00e9mon's true level\n|\n|t:|1782794806\n|teamsize|p1|6\n|teamsize|p2|6\n|start\n|switch|p1a: Iron Moth|Iron Moth, L78|253/253\n|switch|p2a: Sandslash|Sandslash-Alola, L88, F|275/275\n|turn|1\n|inactive|Battle timer is ON: inactive players will automatically lose when time's up. (requested by zard_fish)\n|\n|t:|1782794820\n|switch|p2a: Ninetales|Ninetales, L85, F|263/263\n|-weather|SunnyDay|[from] ability: Drought|[of] p2a: Ninetales\n|move|p1a: Iron Moth|Fire Blast|p2a: Ninetales\n|-resisted|p2a: Ninetales\n|-damage|p2a: Ninetales|176/263\n|\n|-weather|SunnyDay|[upkeep]\n|upkeep\n|turn|2\n|\n|t:|1782794834\n|move|p2a: Ninetales|Nasty Plot|p2a: Ninetales\n|-boost|p2a: Ninetales|spa|2\n|move|p1a: Iron Moth|Sludge Wave|p2a: Ninetales\n|-damage|p2a: Ninetales|74/263\n|\n|-weather|SunnyDay|[upkeep]\n|upkeep\n|turn|3\n|\n|t:|1782794843\n|move|p2a: Ninetales|Scorching Sands|p1a: Iron Moth\n|-supereffective|p1a: Iron Moth\n|-damage|p1a: Iron Moth|0 fnt\n|faint|p1a: Iron Moth\n|-end|p1a: Iron Moth|Quark Drive|[silent]\n|\n|-weather|SunnyDay|[upkeep]\n|upkeep\n|\n|t:|1782794849\n|switch|p1a: Clefable|Clefable, L83, F|293/293\n|turn|4\n|\n|t:|1782794867\n|move|p2a: Ninetales|Fire Blast|p1a: Clefable\n|-damage|p1a: Clefable|127/293\n|move|p1a: Clefable|Calm Mind|p1a: Clefable\n|-boost|p1a: Clefable|spa|1\n|-boost|p1a: Clefable|spd|1\n|\n|-weather|SunnyDay|[upkeep]\n|-heal|p1a: Clefable|145/293|[from] item: Leftovers\n|upkeep\n|turn|5\n|\n|t:|1782794876\n|move|p2a: Ninetales|Fire Blast|p1a: Clefable\n|-damage|p1a: Clefable|40/293\n|move|p1a: Clefable|Moonblast|p2a: Ninetales\n|-resisted|p2a: Ninetales\n|-damage|p2a: Ninetales|13/263\n|\n|-weather|none\n|-heal|p1a: Clefable|58/293|[from] item: Leftovers\n|upkeep\n|turn|6\n|\n|t:|1782794883\n|move|p2a: Ninetales|Fire Blast|p1a: Clefable\n|-damage|p1a: Clefable|0 fnt\n|faint|p1a: Clefable\n|\n|upkeep\n|-message|zard_fish forfeited.\n|\n|win|Jenome\n|raw|zard_fish's rating: 1434 &rarr; <strong>1418</strong><br />(-16 for losing)\n|raw|Jenome's rating: 1496 &rarr; <strong>1512</strong><br />(+16 for winning)\n|l|\u2606zard_fish\n|player|p1|\n", "inputlog": ">version f8ac14003a5f27e1bdc8d8c59608a773c1cb96e5\n>start {\"formatid\":\"gen9randombattle\",\"seed\":\"sodium,4e451d1a5c1f2588a3719900bdc430a5\",\"rated\":\"Rated battle\"}\n>player p1 {\"name\":\"zard_fish\",\"avatar\":\"1\",\"rating\":1434,\"seed\":\"sodium,b3fbcf6f947c5dd4e271f384adffb505\"}\n>player p2 {\"name\":\"Jenome\",\"avatar\":\"gentleman-gen4\",\"rating\":1496,\"seed\":\"sodium,70fe73ca223d947f68d0c10d98150e0b\"}\n>p1 move fireblast\n>p2 switch 4\n>p1 move sludgewave\n>p2 move nastyplot\n>p1 move sludgewave\n>p2 move scorchingsands\n>p1 switch 6\n>p1 move calmmind\n>p2 move fireblast\n>p1 move moonblast\n>p2 move fireblast\n>p1 move moonlight\n>p2 move fireblast\n>forcelose p1", "uploadtime": 1782794889, "views": 4, "formatid": "gen9randombattle", "rating": 1418, "private": 0, "password": null, "player_dets": [{"name": "zard_fish", "avatar": "1", "rating": 1434, "seed": "sodium,b3fbcf6f947c5dd4e271f384adffb505"}, {"name": "Jenome", "avatar": "gentleman-gen4", "rating": 1496, "seed": "sodium,70fe73ca223d947f68d0c10d98150e0b"}], "teams_full": [{"Iron Moth": {"name": "Iron Moth", "species": "Iron Moth", "speciesId": "ironmoth", "gender": "N", "shiny": false, "level": 78, "moves": ["sludgewave", "morningsun", "energyball", "fireblast"], "ability": "Quark Drive", "evs": {"hp": 85, "atk": 0, "def": 85, "spa": 85, "spd": 85, "spe": 85}, "ivs": {"hp": 31, "atk": 0, "def": 31, "spa": 31, "spd": 31, "spe": 31}, "item": "Heavy-Duty Boots", "teraType": "Fire", "role": "Fast Attacker", "bvs": {"hp": 80, "atk": 70, "def": 60, "spa": 140, "spd": 110, "spe": 110}, "stats": {"hp": 253, "atk": 114, "def": 139, "spa": 263, "spd": 217, "spe": 217}, "types": ["Fire", "Poison"]}, "Dusknoir": {"name": "Dusknoir", "species": "Dusknoir", "speciesId": "dusknoir", "gender": "F", "shiny": false, "level": 89, "moves": ["earthquake", "shadowsneak", "poltergeist", "trick"], "ability": "Frisk", "evs": {"hp": 85, "atk": 85, "def": 85, "spa": 85, "spd": 85, "spe": 85}, "ivs": {"hp": 31, "atk": 31, "def": 31, "spa": 31, "spd": 31, "spe": 31}, "item": "Choice Band", "teraType": "Ground", "role": "Wallbreaker", "bvs": {"hp": 45, "atk": 100, "def": 135, "spa": 65, "spd": 135, "spe": 45}, "stats": {"hp": 225, "atk": 229, "def": 291, "spa": 166, "spd": 291, "spe": 131}, "types": ["Ghost"]}, "Kingdra": {"name": "Kingdra", "species": "Kingdra", "speciesId": "kingdra", "gender": "M", "shiny": false, "level": 84, "moves": ["dragondance", "ironhead", "outrage", "wavecrash"], "ability": "Sniper", "evs": {"hp": 85, "atk": 85, "def": 85, "spa": 85, "spd": 85, "spe": 85}, "ivs": {"hp": 31, "atk": 31, "def": 31, "spa": 31, "spd": 31, "spe": 31}, "item": "Lum Berry", "teraType": "Steel", "role": "Fast Bulky Setup", "bvs": {"hp": 75, "atk": 95, "def": 95, "spa": 95, "spd": 95, "spe": 85}, "stats": {"hp": 263, "atk": 208, "def": 208, "spa": 208, "spd": 208, "spe": 191}, "types": ["Water", "Dragon"]}, "Venomoth": {"name": "Venomoth", "species": "Venomoth", "speciesId": "venomoth", "gender": "M", "shiny": false, "level": 84, "moves": ["sleeppowder", "bugbuzz", "sludgewave", "quiverdance"], "ability": "Tinted Lens", "evs": {"hp": 85, "atk": 0, "def": 85, "spa": 85, "spd": 85, "spe": 85}, "ivs": {"hp": 31, "atk": 0, "def": 31, "spa": 31, "spd": 31, "spe": 31}, "item": "Heavy-Duty Boots", "teraType": "Poison", "role": "Setup Sweeper", "bvs": {"hp": 70, "atk": 65, "def": 60, "spa": 90, "spd": 75, "spe": 90}, "stats": {"hp": 255, "atk": 114, "def": 149, "spa": 199, "spd": 174, "spe": 199}, "types": ["Bug", "Poison"]}, "Toucannon": {"name": "Toucannon", "species": "Toucannon", "speciesId": "toucannon", "gender": "F", "shiny": false, "level": 88, "moves": ["roost", "bulletseed", "beakblast", "boomburst"], "ability": "Skill Link", "evs": {"hp": 85, "atk": 85, "def": 85, "spa": 85, "spd": 85, "spe": 85}, "ivs": {"hp": 31, "atk": 31, "def": 31, "spa": 31, "spd": 31, "spe": 31}, "item": "Heavy-Duty Boots", "teraType": "Steel", "role": "Bulky Support", "bvs": {"hp": 80, "atk": 120, "def": 75, "spa": 75, "spd": 75, "spe": 60}, "stats": {"hp": 284, "atk": 261, "def": 182, "spa": 182, "spd": 182, "spe": 156}, "types": ["Normal", "Flying"]}, "Clefable": {"name": "Clefable", "species": "Clefable", "speciesId": "clefable", "gender": "F", "shiny": false, "level": 83, "moves": ["calmmind", "moonlight", "fireblast", "moonblast"], "ability": "Unaware", "evs": {"hp": 85, "atk": 0, "def": 85, "spa": 85, "spd": 85, "spe": 85}, "ivs": {"hp": 31, "atk": 0, "def": 31, "spa": 31, "spd": 31, "spe": 31}, "item": "Leftovers", "teraType": "Fire", "role": "Bulky Setup", "bvs": {"hp": 95, "atk": 70, "def": 73, "spa": 95, "spd": 90, "spe": 60}, "stats": {"hp": 293, "atk": 121, "def": 169, "spa": 205, "spd": 197, "spe": 147}, "types": ["Fairy"]}}, {"Sandslash": {"name": "Sandslash", "species": "Sandslash-Alola", "speciesId": "sandslashalola", "gender": "F", "shiny": false, "level": 88, "moves": ["ironhead", "tripleaxel", "spikes", "rapidspin"], "ability": "Slush Rush", "evs": {"hp": 85, "atk": 85, "def": 85, "spa": 85, "spd": 85, "spe": 85}, "ivs": {"hp": 31, "atk": 31, "def": 31, "spa": 31, "spd": 31, "spe": 31}, "item": "Leftovers", "teraType": "Water", "role": "Bulky Support", "bvs": {"hp": 75, "atk": 100, "def": 120, "spa": 25, "spd": 65, "spe": 65}, "stats": {"hp": 275, "atk": 226, "def": 261, "spa": 94, "spd": 165, "spe": 165}, "types": ["Ice", "Steel"]}, "Mabosstiff": {"name": "Mabosstiff", "species": "Mabosstiff", "speciesId": "mabosstiff", "gender": "M", "shiny": false, "level": 86, "moves": ["crunch", "psychicfangs", "playrough", "wildcharge"], "ability": "Stakeout", "evs": {"hp": 85, "atk": 85, "def": 85, "spa": 85, "spd": 85, "spe": 85}, "ivs": {"hp": 31, "atk": 31, "def": 31, "spa": 31, "spd": 31, "spe": 31}, "item": "Choice Scarf", "teraType": "Dark", "role": "Bulky Attacker", "bvs": {"hp": 80, "atk": 120, "def": 90, "spa": 60, "spd": 70, "spe": 85}, "stats": {"hp": 278, "atk": 256, "def": 204, "spa": 152, "spd": 170, "spe": 195}, "types": ["Dark"]}, "Hoopa": {"name": "Hoopa", "species": "Hoopa-Unbound", "speciesId": "hoopaunbound", "gender": "N", "shiny": false, "level": 80, "moves": ["focusblast", "psychic", "gunkshot", "hyperspacefury"], "ability": "Magician", "evs": {"hp": 85, "atk": 85, "def": 85, "spa": 85, "spd": 85, "spe": 85}, "ivs": {"hp": 31, "atk": 31, "def": 31, "spa": 31, "spd": 31, "spe": 31}, "item": "Assault Vest", "teraType": "Fighting", "role": "Bulky Attacker", "bvs": {"hp": 80, "atk": 160, "def": 60, "spa": 170, "spd": 130, "spe": 80}, "stats": {"hp": 259, "atk": 302, "def": 142, "spa": 318, "spd": 254, "spe": 174}, "types": ["Psychic", "Dark"]}, "Ninetales": {"name": "Ninetales", "species": "Ninetales", "speciesId": "ninetales", "gender": "F", "shiny": false, "level": 85, "moves": ["nastyplot", "solarbeam", "scorchingsands", "fireblast"], "ability": "Drought", "evs": {"hp": 85, "atk": 0, "def": 85, "spa": 85, "spd": 85, "spe": 85}, "ivs": {"hp": 31, "atk": 0, "def": 31, "spa": 31, "spd": 31, "spe": 31}, "item": "Heavy-Duty Boots", "teraType": "Fire", "role": "Setup Sweeper", "bvs": {"hp": 73, "atk": 76, "def": 75, "spa": 81, "spd": 100, "spe": 100}, "stats": {"hp": 263, "atk": 134, "def": 176, "spa": 186, "spd": 219, "spe": 219}, "types": ["Fire"]}, "Spectrier": {"name": "Spectrier", "species": "Spectrier", "speciesId": "spectrier", "gender": "N", "shiny": false, "level": 75, "moves": ["drainingkiss", "shadowball", "substitute", "nastyplot"], "ability": "Grim Neigh", "evs": {"hp": 85, "atk": 0, "def": 85, "spa": 85, "spd": 85, "spe": 85}, "ivs": {"hp": 31, "atk": 0, "def": 31, "spa": 31, "spd": 31, "spe": 31}, "item": "Leftovers", "teraType": "Fairy", "role": "Setup Sweeper", "bvs": {"hp": 100, "atk": 65, "def": 60, "spa": 145, "spd": 80, "spe": 130}, "stats": {"hp": 274, "atk": 102, "def": 134, "spa": 261, "spd": 164, "spe": 239}, "types": ["Ghost"]}, "Flygon": {"name": "Flygon", "species": "Flygon", "speciesId": "flygon", "gender": "M", "shiny": false, "level": 82, "moves": ["uturn", "stoneedge", "outrage", "earthquake"], "ability": "Levitate", "evs": {"hp": 85, "atk": 85, "def": 85, "spa": 85, "spd": 85, "spe": 85}, "ivs": {"hp": 31, "atk": 31, "def": 31, "spa": 31, "spd": 31, "spe": 31}, "item": "Choice Band", "teraType": "Rock", "role": "Fast Attacker", "bvs": {"hp": 80, "atk": 100, "def": 80, "spa": 80, "spd": 80, "spe": 100}, "stats": {"hp": 265, "atk": 211, "def": 178, "spa": 178, "spd": 178, "spe": 211}, "types": ["Ground", "Dragon"]}}]}