{"id": "gen9randombattle-2641474745", "format": "[Gen 9] Random Battle", "players": ["skendoendo", "jonuz"], "log": "|j|\u2606skendoendo\n|j|\u2606jonuz\n|t:|1782790544\n|gametype|singles\n|player|p1|skendoendo|juggler|2055\n|player|p2|jonuz|169|2047\n|gen|9\n|tier|[Gen 9] Random Battle\n|rated|\n|rule|Species Clause: Limit one of each Pok\u00e9mon\n|rule|HP Percentage Mod: HP is shown in percentages\n|rule|Sleep Clause Mod: Limit one foe put to sleep\n|rule|Illusion Level Mod: Illusion disguises the Pok\u00e9mon's true level\n|\n|t:|1782790544\n|teamsize|p1|6\n|teamsize|p2|6\n|start\n|switch|p1a: Scrafty|Scrafty, L83, F|244/244\n|switch|p2a: Indeedee|Indeedee-F, L90, F|272/272\n|-fieldstart|move: Psychic Terrain|[from] ability: Psychic Surge|[of] p2a: Indeedee\n|turn|1\n|\n|t:|1782790569\n|switch|p1a: Vigoroth|Vigoroth, L85, F|275/275\n|move|p2a: Indeedee|Dazzling Gleam|p1a: Vigoroth\n|-damage|p1a: Vigoroth|191/275\n|\n|upkeep\n|turn|2\n|\n|t:|1782790575\n|switch|p2a: Hitmontop|Hitmontop, L88, M|231/231\n|-ability|p2a: Hitmontop|Intimidate|boost\n|-unboost|p1a: Vigoroth|atk|1\n|move|p1a: Vigoroth|Knock Off|p2a: Hitmontop\n|-resisted|p2a: Hitmontop\n|-damage|p2a: Hitmontop|212/231\n|-enditem|p2a: Hitmontop|Assault Vest|[from] move: Knock Off|[of] p1a: Vigoroth\n|\n|upkeep\n|turn|3\n|\n|t:|1782790606\n|switch|p1a: Torkoal|Torkoal, L88, M|266/266\n|-weather|SunnyDay|[from] ability: Drought|[of] p1a: Torkoal\n|move|p2a: Hitmontop|Close Combat|p1a: Torkoal\n|-damage|p1a: Torkoal|178/266\n|-unboost|p2a: Hitmontop|def|1\n|-unboost|p2a: Hitmontop|spd|1\n|\n|-weather|SunnyDay|[upkeep]\n|upkeep\n|turn|4\n|\n|t:|1782790619\n|switch|p2a: Ninetales|Ninetales, L85, M|263/263\n|move|p1a: Torkoal|Lava Plume|p2a: Ninetales\n|-resisted|p2a: Ninetales\n|-damage|p2a: Ninetales|207/263\n|\n|-weather|SunnyDay|[upkeep]\n|upkeep\n|turn|5\n|\n|t:|1782790643\n|move|p2a: Ninetales|Nasty Plot|p2a: Ninetales\n|-boost|p2a: Ninetales|spa|2\n|move|p1a: Torkoal|Stealth Rock|p2a: Ninetales\n|-sidestart|p2: jonuz|move: Stealth Rock\n|\n|-weather|SunnyDay|[upkeep]\n|-fieldend|move: Psychic Terrain\n|upkeep\n|turn|6\n|\n|t:|1782790655\n|move|p2a: Ninetales|Fire Blast|p1a: Torkoal\n|-resisted|p1a: Torkoal\n|-damage|p1a: Torkoal|14/266\n|move|p1a: Torkoal|Rapid Spin|p2a: Ninetales\n|-damage|p2a: Ninetales|165/263\n|-boost|p1a: Torkoal|spe|1\n|\n|-weather|SunnyDay|[upkeep]\n|upkeep\n|turn|7\n|\n|t:|1782790660\n|move|p2a: Ninetales|Solar Beam||[still]\n|-prepare|p2a: Ninetales|Solar Beam\n|-anim|p2a: Ninetales|Solar Beam|p1a: Torkoal\n|-resisted|p1a: Torkoal\n|-damage|p1a: Torkoal|0 fnt\n|faint|p1a: Torkoal\n|\n|-weather|none\n|upkeep\n|\n|t:|1782790669\n|switch|p1a: Vigoroth|Vigoroth, L85, F|191/275\n|turn|8\n|\n|t:|1782790673\n|move|p2a: Ninetales|Fire Blast|p1a: Vigoroth\n|-damage|p1a: Vigoroth|11/275\n|move|p1a: Vigoroth|Body Slam|p2a: Ninetales\n|-damage|p2a: Ninetales|81/263\n|-status|p2a: Ninetales|par\n|\n|upkeep\n|turn|9\n|\n|t:|1782790680\n|move|p1a: Vigoroth|Body Slam|p2a: Ninetales\n|-crit|p2a: Ninetales\n|-damage|p2a: Ninetales|0 fnt\n|faint|p2a: Ninetales\n|\n|upkeep\n|\n|t:|1782790685\n|switch|p2a: Kilowattrel|Kilowattrel, L83, M|252/252\n|turn|10\n|\n|t:|1782790717\n|switch|p1a: Raging Bolt|Raging Bolt, L78|323/323\n|-enditem|p1a: Raging Bolt|Booster Energy\n|-activate|p1a: Raging Bolt|ability: Protosynthesis|[fromitem]\n|-start|p1a: Raging Bolt|protosynthesisspa\n|move|p2a: Kilowattrel|U-turn|p1a: Raging Bolt\n|-damage|p1a: Raging Bolt|282/323\n|\n|t:|1782790724\n|switch|p2a: Indeedee|Indeedee-F, L90, F|272/272|[from] U-turn\n|-damage|p2a: Indeedee|238/272|[from] Stealth Rock\n|-fieldstart|move: Psychic Terrain|[from] ability: Psychic Surge|[of] p2a: Indeedee\n|\n|upkeep\n|turn|11\n|\n|t:|1782790743\n|-terastallize|p1a: Raging Bolt|Fairy\n|move|p2a: Indeedee|Dazzling Gleam|p1a: Raging Bolt\n|-damage|p1a: Raging Bolt|186/323\n|move|p1a: Raging Bolt|Calm Mind|p1a: Raging Bolt\n|-boost|p1a: Raging Bolt|spa|1\n|-boost|p1a: Raging Bolt|spd|1\n|\n|upkeep\n|turn|12\n|\n|t:|1782790777\n|move|p2a: Indeedee|Dazzling Gleam|p1a: Raging Bolt\n|-damage|p1a: Raging Bolt|118/323\n|move|p1a: Raging Bolt|Thunderbolt|p2a: Indeedee\n|-damage|p2a: Indeedee|73/272\n|\n|upkeep\n|turn|13\n|\n|t:|1782790791\n|move|p2a: Indeedee|Dazzling Gleam|p1a: Raging Bolt\n|-damage|p1a: Raging Bolt|53/323\n|move|p1a: Raging Bolt|Thunderbolt|p2a: Indeedee\n|-damage|p2a: Indeedee|0 fnt\n|faint|p2a: Indeedee\n|\n|upkeep\n|\n|t:|1782790810\n|switch|p2a: Hitmontop|Hitmontop, L88, M|212/231\n|-damage|p2a: Hitmontop|198/231|[from] Stealth Rock\n|-ability|p2a: Hitmontop|Intimidate|boost\n|-unboost|p1a: Raging Bolt|atk|1\n|turn|14\n|\n|t:|1782790835\n|move|p2a: Hitmontop|Stone Edge|p1a: Raging Bolt\n|-damage|p1a: Raging Bolt|0 fnt\n|faint|p1a: Raging Bolt\n|-end|p1a: Raging Bolt|Protosynthesis|[silent]\n|\n|-fieldend|move: Psychic Terrain\n|upkeep\n|\n|t:|1782790874\n|switch|p1a: Leavanny|Leavanny, L86, M|269/269\n|turn|15\n|\n|t:|1782790880\n|move|p1a: Leavanny|Bullet Seed|p2a: Hitmontop\n|-damage|p2a: Hitmontop|173/231\n|-damage|p2a: Hitmontop|148/231\n|-damage|p2a: Hitmontop|120/231\n|-damage|p2a: Hitmontop|93/231\n|-hitcount|p2a: Hitmontop|4\n|move|p2a: Hitmontop|Rapid Spin|p1a: Leavanny\n|-damage|p1a: Leavanny|228/269\n|-boost|p2a: Hitmontop|spe|1\n|-sideend|p2: jonuz|Stealth Rock|[from] move: Rapid Spin|[of] p2a: Hitmontop\n|\n|upkeep\n|turn|16\n|\n|t:|1782790887\n|move|p2a: Hitmontop|Stone Edge|p1a: Leavanny\n|-supereffective|p1a: Leavanny\n|-damage|p1a: Leavanny|80/269\n|move|p1a: Leavanny|Bullet Seed|p2a: Hitmontop\n|-crit|p2a: Hitmontop\n|-damage|p2a: Hitmontop|54/231\n|-damage|p2a: Hitmontop|29/231\n|-damage|p2a: Hitmontop|2/231\n|-damage|p2a: Hitmontop|0 fnt\n|faint|p2a: Hitmontop\n|-hitcount|p2: Hitmontop|4\n|\n|upkeep\n|\n|t:|1782790899\n|switch|p2a: Minior|Minior-Indigo, L79|224/224\n|-formechange|p2a: Minior|Minior-Meteor||[from] ability: Shields Down\n|turn|17\n|\n|t:|1782790938\n|move|p1a: Leavanny|Triple Axel|p2a: Minior|[miss]\n|-miss|p1a: Leavanny|p2a: Minior\n|move|p2a: Minior|Shell Smash|p2a: Minior\n|-unboost|p2a: Minior|def|1\n|-unboost|p2a: Minior|spd|1\n|-boost|p2a: Minior|atk|2\n|-boost|p2a: Minior|spa|2\n|-boost|p2a: Minior|spe|2\n|-enditem|p2a: Minior|White Herb\n|-clearnegativeboost|p2a: Minior|[silent]\n|\n|upkeep\n|turn|18\n|\n|t:|1782790942\n|move|p2a: Minior|Acrobatics|p1a: Leavanny\n|-supereffective|p1a: Leavanny\n|-damage|p1a: Leavanny|0 fnt\n|faint|p1a: Leavanny\n|\n|upkeep\n|\n|t:|1782790947\n|switch|p1a: Kyurem|Kyurem, L77|319/319\n|-ability|p1a: Kyurem|Pressure\n|turn|19\n|\n|t:|1782790953\n|-terastallize|p2a: Minior|Steel\n|move|p2a: Minior|Power Gem|p1a: Kyurem\n|-supereffective|p1a: Kyurem\n|-damage|p1a: Kyurem|73/319\n|move|p1a: Kyurem|Ice Beam|p2a: Minior\n|-resisted|p2a: Minior\n|-damage|p2a: Minior|147/224\n|\n|upkeep\n|turn|20\n|\n|t:|1782790957\n|move|p2a: Minior|Power Gem|p1a: Kyurem\n|-supereffective|p1a: Kyurem\n|-damage|p1a: Kyurem|0 fnt\n|faint|p1a: Kyurem\n|\n|upkeep\n|\n|t:|1782790959\n|switch|p1a: Scrafty|Scrafty, L83, F|244/244\n|turn|21\n|\n|t:|1782790961\n|move|p2a: Minior|Acrobatics|p1a: Scrafty\n|-supereffective|p1a: Scrafty\n|-damage|p1a: Scrafty|0 fnt\n|faint|p1a: Scrafty\n|\n|upkeep\n|\n|t:|1782790964\n|switch|p1a: Vigoroth|Vigoroth, L85, F|11/275\n|turn|22\n|\n|t:|1782790967\n|move|p2a: Minior|Acrobatics|p1a: Vigoroth\n|-damage|p1a: Vigoroth|0 fnt\n|faint|p1a: Vigoroth\n|\n|win|jonuz\n", "inputlog": ">version f8ac14003a5f27e1bdc8d8c59608a773c1cb96e5\n>start {\"formatid\":\"gen9randombattle\",\"seed\":\"sodium,c17f176415168c3db169130fb9ae23d5\",\"rated\":\"Rated battle\"}\n>player p1 {\"name\":\"skendoendo\",\"avatar\":\"juggler\",\"rating\":2055,\"seed\":\"sodium,f7b67affbc61238b1021501ca59902df\"}\n>player p2 {\"name\":\"jonuz\",\"avatar\":\"169\",\"rating\":2047,\"seed\":\"sodium,ab528be98927ecb324c6418f6c3cc156\"}\n>p1 switch 6\n>p2 move dazzlinggleam\n>p1 move knockoff\n>p2 switch 4\n>p1 switch 2\n>p2 move closecombat\n>p1 move lavaplume\n>p2 switch 3\n>p1 move stealthrock\n>p2 move nastyplot\n>p1 move rapidspin\n>p2 move fireblast\n>p1 move rapidspin\n>p2 move solarbeam\n>p1 switch 2\n>p1 move bodyslam\n>p2 move fireblast\n>p1 move bodyslam\n>p2 move fireblast\n>p2 switch 2\n>p1 switch 4\n>p2 move uturn\n>p2 switch 4\n>p1 move calmmind terastallize\n>p2 move dazzlinggleam\n>p1 move thunderbolt\n>p2 move dazzlinggleam\n>p1 move thunderbolt\n>p2 move dazzlinggleam\n>p2 switch 3\n>p1 move thunderbolt\n>p2 move stoneedge\n>p1 switch 5\n>p1 move bulletseed\n>p2 move rapidspin\n>p1 move bulletseed\n>p2 move stoneedge\n>p2 switch 5\n>p1 move tripleaxel\n>p2 move shellsmash\n>p1 move tripleaxel\n>p2 move acrobatics\n>p1 switch 3\n>p1 move icebeam\n>p2 move powergem terastallize\n>p1 move icebeam\n>p2 move powergem\n>p1 switch 6\n>p1 move drainpunch\n>p2 move acrobatics\n>p1 switch 4\n>p1 move slackoff\n>p2 move acrobatics", "uploadtime": 1782790546, "views": 3, "formatid": "gen9randombattle", "rating": null, "private": 0, "password": null, "player_dets": [{"name": "skendoendo", "avatar": "juggler", "rating": 2055, "seed": "sodium,f7b67affbc61238b1021501ca59902df"}, {"name": "jonuz", "avatar": "169", "rating": 2047, "seed": "sodium,ab528be98927ecb324c6418f6c3cc156"}], "teams_full": [{"Scrafty": {"name": "Scrafty", "species": "Scrafty", "speciesId": "scrafty", "gender": "F", "shiny": false, "level": 83, "moves": ["knockoff", "rest", "drainpunch", "bulkup"], "ability": "Shed Skin", "evs": {"hp": 85, "atk": 85, "def": 85, "spa": 85, "spd": 85, "spe": 85}, "ivs": {"hp": 31, "atk": 31, "def": 31, "spa": 31, "spd": 31, "spe": 31}, "item": "Leftovers", "teraType": "Poison", "role": "Bulky Setup", "bvs": {"hp": 65, "atk": 90, "def": 115, "spa": 45, "spd": 115, "spe": 58}, "stats": {"hp": 244, "atk": 197, "def": 239, "spa": 122, "spd": 239, "spe": 144}, "types": ["Dark", "Fighting"]}, "Torkoal": {"name": "Torkoal", "species": "Torkoal", "speciesId": "torkoal", "gender": "M", "shiny": false, "level": 88, "moves": ["stealthrock", "lavaplume", "solarbeam", "rapidspin"], "ability": "Drought", "evs": {"hp": 85, "atk": 85, "def": 85, "spa": 85, "spd": 85, "spe": 85}, "ivs": {"hp": 31, "atk": 31, "def": 31, "spa": 31, "spd": 31, "spe": 31}, "item": "Heavy-Duty Boots", "teraType": "Dragon", "role": "Bulky Support", "bvs": {"hp": 70, "atk": 85, "def": 140, "spa": 85, "spd": 70, "spe": 20}, "stats": {"hp": 266, "atk": 200, "def": 297, "spa": 200, "spd": 173, "spe": 85}, "types": ["Fire"]}, "Kyurem": {"name": "Kyurem", "species": "Kyurem", "speciesId": "kyurem", "gender": "N", "shiny": false, "level": 77, "moves": ["icebeam", "earthpower", "freezedry", "dracometeor"], "ability": "Pressure", "evs": {"hp": 85, "atk": 0, "def": 85, "spa": 85, "spd": 85, "spe": 85}, "ivs": {"hp": 31, "atk": 0, "def": 31, "spa": 31, "spd": 31, "spe": 31}, "item": "Choice Specs", "teraType": "Ground", "role": "Wallbreaker", "bvs": {"hp": 125, "atk": 130, "def": 90, "spa": 130, "spd": 90, "spe": 95}, "stats": {"hp": 319, "atk": 205, "def": 183, "spa": 245, "spd": 183, "spe": 191}, "types": ["Dragon", "Ice"]}, "Raging Bolt": {"name": "Raging Bolt", "species": "Raging Bolt", "speciesId": "ragingbolt", "gender": "N", "shiny": false, "level": 78, "moves": ["dragonpulse", "thunderbolt", "calmmind", "thunderclap"], "ability": "Protosynthesis", "evs": {"hp": 85, "atk": 0, "def": 85, "spa": 85, "spd": 85, "spe": 85}, "ivs": {"hp": 31, "atk": 0, "def": 31, "spa": 31, "spd": 31, "spe": 31}, "item": "Booster Energy", "teraType": "Fairy", "role": "Fast Bulky Setup", "bvs": {"hp": 125, "atk": 73, "def": 91, "spa": 137, "spd": 89, "spe": 75}, "stats": {"hp": 323, "atk": 118, "def": 187, "spa": 259, "spd": 184, "spe": 162}, "types": ["Electric", "Dragon"]}, "Leavanny": {"name": "Leavanny", "species": "Leavanny", "speciesId": "leavanny", "gender": "M", "shiny": false, "level": 86, "moves": ["stickyweb", "tripleaxel", "bulletseed", "knockoff"], "ability": "Chlorophyll", "evs": {"hp": 85, "atk": 85, "def": 85, "spa": 85, "spd": 85, "spe": 85}, "ivs": {"hp": 31, "atk": 31, "def": 31, "spa": 31, "spd": 31, "spe": 31}, "item": "Loaded Dice", "teraType": "Ghost", "role": "Fast Attacker", "bvs": {"hp": 75, "atk": 103, "def": 80, "spa": 70, "spd": 80, "spe": 92}, "stats": {"hp": 269, "atk": 226, "def": 187, "spa": 170, "spd": 187, "spe": 207}, "types": ["Bug", "Grass"]}, "Vigoroth": {"name": "Vigoroth", "species": "Vigoroth", "speciesId": "vigoroth", "gender": "F", "shiny": false, "level": 85, "moves": ["knockoff", "slackoff", "bulkup", "bodyslam"], "ability": "Vital Spirit", "evs": {"hp": 85, "atk": 85, "def": 85, "spa": 85, "spd": 85, "spe": 85}, "ivs": {"hp": 31, "atk": 31, "def": 31, "spa": 31, "spd": 31, "spe": 31}, "item": "Eviolite", "teraType": "Ghost", "role": "Bulky Setup", "bvs": {"hp": 80, "atk": 80, "def": 80, "spa": 55, "spd": 55, "spe": 90}, "stats": {"hp": 275, "atk": 185, "def": 185, "spa": 142, "spd": 142, "spe": 202}, "types": ["Normal"]}}, {"Indeedee": {"name": "Indeedee", "species": "Indeedee-F", "speciesId": "indeedeef", "gender": "F", "shiny": false, "level": 90, "moves": ["shadowball", "hypervoice", "dazzlinggleam", "psychic"], "ability": "Psychic Surge", "evs": {"hp": 85, "atk": 0, "def": 85, "spa": 85, "spd": 85, "spe": 85}, "ivs": {"hp": 31, "atk": 0, "def": 31, "spa": 31, "spd": 31, "spe": 31}, "item": "Choice Specs", "teraType": "Fairy", "role": "Fast Attacker", "bvs": {"hp": 70, "atk": 55, "def": 65, "spa": 95, "spd": 105, "spe": 85}, "stats": {"hp": 272, "atk": 104, "def": 168, "spa": 222, "spd": 240, "spe": 204}, "types": ["Psychic", "Normal"]}, "Kilowattrel": {"name": "Kilowattrel", "species": "Kilowattrel", "speciesId": "kilowattrel", "gender": "M", "shiny": false, "level": 83, "moves": ["roost", "hurricane", "discharge", "uturn"], "ability": "Volt Absorb", "evs": {"hp": 85, "atk": 85, "def": 85, "spa": 85, "spd": 85, "spe": 85}, "ivs": {"hp": 31, "atk": 31, "def": 31, "spa": 31, "spd": 31, "spe": 31}, "item": "Heavy-Duty Boots", "teraType": "Water", "role": "Bulky Attacker", "bvs": {"hp": 70, "atk": 70, "def": 60, "spa": 105, "spd": 60, "spe": 125}, "stats": {"hp": 252, "atk": 164, "def": 147, "spa": 222, "spd": 147, "spe": 255}, "types": ["Electric", "Flying"]}, "Ninetales": {"name": "Ninetales", "species": "Ninetales", "speciesId": "ninetales", "gender": "M", "shiny": false, "level": 85, "moves": ["nastyplot", "solarbeam", "scorchingsands", "fireblast"], "ability": "Drought", "evs": {"hp": 85, "atk": 0, "def": 85, "spa": 85, "spd": 85, "spe": 85}, "ivs": {"hp": 31, "atk": 0, "def": 31, "spa": 31, "spd": 31, "spe": 31}, "item": "Heavy-Duty Boots", "teraType": "Grass", "role": "Setup Sweeper", "bvs": {"hp": 73, "atk": 76, "def": 75, "spa": 81, "spd": 100, "spe": 100}, "stats": {"hp": 263, "atk": 134, "def": 176, "spa": 186, "spd": 219, "spe": 219}, "types": ["Fire"]}, "Hitmontop": {"name": "Hitmontop", "species": "Hitmontop", "speciesId": "hitmontop", "gender": "M", "shiny": false, "level": 88, "moves": ["suckerpunch", "rapidspin", "closecombat", "stoneedge"], "ability": "Intimidate", "evs": {"hp": 85, "atk": 85, "def": 85, "spa": 85, "spd": 85, "spe": 85}, "ivs": {"hp": 31, "atk": 31, "def": 31, "spa": 31, "spd": 31, "spe": 31}, "item": "Assault Vest", "teraType": "Steel", "role": "Bulky Support", "bvs": {"hp": 50, "atk": 95, "def": 95, "spa": 35, "spd": 110, "spe": 70}, "stats": {"hp": 231, "atk": 217, "def": 217, "spa": 112, "spd": 244, "spe": 173}, "types": ["Fighting"]}, "Minior": {"name": "Minior", "species": "Minior-Indigo", "speciesId": "minior", "gender": "N", "shiny": false, "level": 79, "moves": ["powergem", "earthquake", "shellsmash", "acrobatics"], "ability": "Shields Down", "evs": {"hp": 85, "atk": 85, "def": 85, "spa": 85, "spd": 85, "spe": 85}, "ivs": {"hp": 31, "atk": 31, "def": 31, "spa": 31, "spd": 31, "spe": 31}, "item": "White Herb", "teraType": "Steel", "role": "Setup Sweeper", "bvs": {"hp": 60, "atk": 100, "def": 60, "spa": 100, "spd": 60, "spe": 120}, "stats": {"hp": 224, "atk": 204, "def": 140, "spa": 204, "spd": 140, "spe": 235}, "types": ["Rock", "Flying"]}, "Meloetta": {"name": "Meloetta", "species": "Meloetta", "speciesId": "meloetta", "gender": "N", "shiny": false, "level": 82, "moves": ["relicsong", "closecombat", "tripleaxel", "knockoff"], "ability": "Serene Grace", "evs": {"hp": 85, "atk": 85, "def": 85, "spa": 85, "spd": 85, "spe": 85}, "ivs": {"hp": 31, "atk": 31, "def": 31, "spa": 31, "spd": 31, "spe": 31}, "item": "Life Orb", "teraType": "Dark", "role": "Wallbreaker", "bvs": {"hp": 100, "atk": 77, "def": 77, "spa": 128, "spd": 128, "spe": 90}, "stats": {"hp": 298, "atk": 173, "def": 173, "spa": 257, "spd": 257, "spe": 195}, "types": ["Normal", "Psychic"]}}]}