{"id": "gen9randombattle-2641471189", "format": "[Gen 9] Random Battle", "players": ["Magikarpitalism", "pop smoke"], "log": "|badge|p2|bronze|gen9randombattle|100-9\n|html|<div class=\"broadcast-red\"><strong>This battle is required to be public due to one or more player having a season medal.</strong><br />During the public phase, you can discuss the state of the ladder <a href=\"/seasondiscussion\">in a special chatroom.</a></div>\n|uhtml|medal-msg|<div class=\"broadcast-blue\">Curious what those medals under the avatar are? PS now has Ladder Seasons! For more information, check out the <a href=\"https://www.smogon.com/forums/threads/3740067/\">thread on Smogon.</a></div>\n|j|\u2606Magikarpitalism\n|j|\u2606pop smoke\n|t:|1782789940\n|gametype|singles\n|player|p1|Magikarpitalism|steven|2069\n|player|p2|pop smoke|#wcop2025uswest2|2261\n|gen|9\n|tier|[Gen 9] Random Battle\n|rated|\n|rule|Species Clause: Limit one of each Pok\u00e9mon\n|rule|HP Percentage Mod: HP is shown in percentages\n|rule|Sleep Clause Mod: Limit one foe put to sleep\n|rule|Illusion Level Mod: Illusion disguises the Pok\u00e9mon's true level\n|\n|t:|1782789940\n|teamsize|p1|6\n|teamsize|p2|6\n|start\n|switch|p1a: Gouging Fire|Gouging Fire, L74|277/277\n|switch|p2a: Tsareena|Tsareena, L87, F|267/267\n|turn|1\n|\n|t:|1782789959\n|move|p1a: Gouging Fire|Dragon Dance|p1a: Gouging Fire\n|-boost|p1a: Gouging Fire|atk|1\n|-boost|p1a: Gouging Fire|spe|1\n|move|p2a: Tsareena|U-turn|p1a: Gouging Fire\n|-resisted|p1a: Gouging Fire\n|-damage|p1a: Gouging Fire|248/277\n|\n|t:|1782789972\n|switch|p2a: Overqwil|Overqwil, L82, F|274/274|[from] U-turn\n|-ability|p2a: Overqwil|Intimidate|boost\n|-unboost|p1a: Gouging Fire|atk|1\n|\n|upkeep\n|turn|2\n|\n|t:|1782789983\n|-end|p1a: Gouging Fire|Protosynthesis|[silent]\n|switch|p1a: Whiscash|Whiscash, L88, F|337/337\n|move|p2a: Overqwil|Scale Shot|p1a: Whiscash\n|-damage|p1a: Whiscash|316/337\n|-damage|p1a: Whiscash|294/337\n|-damage|p1a: Whiscash|273/337\n|-damage|p1a: Whiscash|251/337\n|-hitcount|p1a: Whiscash|4\n|-unboost|p2a: Overqwil|def|1\n|-boost|p2a: Overqwil|spe|1\n|\n|upkeep\n|turn|3\n|\n|t:|1782790006\n|switch|p2a: Tsareena|Tsareena, L87, F|267/267\n|move|p1a: Whiscash|Stone Edge|p2a: Tsareena|[miss]\n|-miss|p1a: Whiscash|p2a: Tsareena\n|\n|upkeep\n|turn|4\n|\n|t:|1782790012\n|switch|p1a: Magmortar|Magmortar, L88, M|275/275\n|move|p2a: Tsareena|Power Whip|p1a: Magmortar\n|-resisted|p1a: Magmortar\n|-damage|p1a: Magmortar|184/275\n|-status|p2a: Tsareena|brn|[from] ability: Flame Body|[of] p1a: Magmortar\n|\n|-damage|p2a: Tsareena|251/267 brn|[from] brn\n|upkeep\n|turn|5\n|\n|t:|1782790024\n|switch|p2a: Inteleon|Inteleon, L81, M|246/246\n|move|p1a: Magmortar|Fire Blast|p2a: Inteleon\n|-resisted|p2a: Inteleon\n|-damage|p2a: Inteleon|147/246\n|\n|upkeep\n|turn|6\n|\n|t:|1782790033\n|switch|p1a: Snorlax|Snorlax, L82, M|397/397\n|move|p2a: Inteleon|Scald|p1a: Snorlax\n|-damage|p1a: Snorlax|267/397\n|\n|-heal|p1a: Snorlax|291/397|[from] item: Leftovers\n|upkeep\n|turn|7\n|\n|t:|1782790036\n|move|p2a: Inteleon|Scald|p1a: Snorlax\n|-damage|p1a: Snorlax|174/397\n|-status|p1a: Snorlax|brn\n|move|p1a: Snorlax|Body Slam|p2a: Inteleon\n|-damage|p2a: Inteleon|82/246\n|\n|-heal|p1a: Snorlax|198/397 brn|[from] item: Leftovers\n|-damage|p1a: Snorlax|174/397 brn|[from] brn\n|upkeep\n|turn|8\n|\n|t:|1782790038\n|move|p2a: Inteleon|Scald|p1a: Snorlax\n|-damage|p1a: Snorlax|0 fnt\n|faint|p1a: Snorlax\n|\n|upkeep\n|\n|t:|1782790067\n|switch|p1a: Raging Bolt|Raging Bolt, L78|323/323\n|-enditem|p1a: Raging Bolt|Booster Energy\n|-activate|p1a: Raging Bolt|ability: Protosynthesis|[fromitem]\n|-start|p1a: Raging Bolt|protosynthesisspa\n|turn|9\n|\n|t:|1782790070\n|move|p2a: Inteleon|Scald|p1a: Raging Bolt\n|-resisted|p1a: Raging Bolt\n|-damage|p1a: Raging Bolt|203/323\n|move|p1a: Raging Bolt|Calm Mind|p1a: Raging Bolt\n|-boost|p1a: Raging Bolt|spa|1\n|-boost|p1a: Raging Bolt|spd|1\n|\n|upkeep\n|turn|10\n|\n|t:|1782790073\n|switch|p2a: Slowking|Slowking-Galar, L85, F|300/300\n|move|p1a: Raging Bolt|Calm Mind|p1a: Raging Bolt\n|-boost|p1a: Raging Bolt|spa|1\n|-boost|p1a: Raging Bolt|spd|1\n|\n|upkeep\n|turn|11\n|\n|t:|1782790079\n|move|p1a: Raging Bolt|Calm Mind|p1a: Raging Bolt\n|-boost|p1a: Raging Bolt|spa|1\n|-boost|p1a: Raging Bolt|spd|1\n|move|p2a: Slowking|Sludge Bomb|p1a: Raging Bolt\n|-damage|p1a: Raging Bolt|158/323\n|\n|upkeep\n|turn|12\n|\n|t:|1782790085\n|move|p1a: Raging Bolt|Thunderbolt|p2a: Slowking\n|-damage|p2a: Slowking|95/300\n|move|p2a: Slowking|Future Sight|p1a: Raging Bolt\n|-start|p2a: Slowking|move: Future Sight\n|\n|upkeep\n|turn|13\n|\n|t:|1782790091\n|switch|p2a: Tsareena|Tsareena, L87, F|251/267 brn\n|move|p1a: Raging Bolt|Dragon Pulse|p2a: Tsareena\n|-damage|p2a: Tsareena|0 fnt\n|faint|p2a: Tsareena\n|\n|upkeep\n|\n|t:|1782790095\n|switch|p2a: Dragonite|Dragonite, L74, M|257/257\n|turn|14\n|\n|t:|1782790099\n|move|p1a: Raging Bolt|Dragon Pulse|p2a: Dragonite\n|-supereffective|p2a: Dragonite\n|-damage|p2a: Dragonite|0 fnt\n|faint|p2a: Dragonite\n|\n|-end|p1a: Raging Bolt|move: Future Sight\n|-crit|p1a: Raging Bolt\n|-damage|p1a: Raging Bolt|0 fnt\n|faint|p1a: Raging Bolt\n|-end|p1a: Raging Bolt|Protosynthesis|[silent]\n|upkeep\n|\n|t:|1782790126\n|switch|p1a: Hitmonlee|Hitmonlee, L85, M|223/223\n|switch|p2a: Oricorio|Oricorio-Pa'u, L87, F|272/272\n|turn|15\n|\n|t:|1782790133\n|-terastallize|p2a: Oricorio|Ground\n|move|p2a: Oricorio|Quiver Dance|p2a: Oricorio\n|-boost|p2a: Oricorio|spa|1\n|-boost|p2a: Oricorio|spd|1\n|-boost|p2a: Oricorio|spe|1\n|move|p1a: Hitmonlee|Knock Off|p2a: Oricorio\n|-damage|p2a: Oricorio|139/272\n|-enditem|p2a: Oricorio|Heavy-Duty Boots|[from] move: Knock Off|[of] p1a: Hitmonlee\n|\n|upkeep\n|turn|16\n|\n|t:|1782790138\n|switch|p1a: Whiscash|Whiscash, L88, F|251/337\n|move|p2a: Oricorio|Hurricane|p1a: Whiscash\n|-damage|p1a: Whiscash|35/337\n|\n|upkeep\n|turn|17\n|\n|t:|1782790141\n|move|p2a: Oricorio|Revelation Dance|p1a: Whiscash\n|-damage|p1a: Whiscash|0 fnt\n|faint|p1a: Whiscash\n|\n|upkeep\n|\n|t:|1782790148\n|switch|p1a: Hitmonlee|Hitmonlee, L85, M|223/223\n|turn|18\n|\n|t:|1782790151\n|-terastallize|p1a: Hitmonlee|Fighting\n|move|p1a: Hitmonlee|Mach Punch|p2a: Oricorio\n|-damage|p2a: Oricorio|21/272\n|move|p2a: Oricorio|Hurricane|p1a: Hitmonlee|[miss]\n|-miss|p2a: Oricorio|p1a: Hitmonlee\n|\n|upkeep\n|turn|19\n|\n|t:|1782790157\n|move|p1a: Hitmonlee|Mach Punch|p2a: Oricorio\n|-crit|p2a: Oricorio\n|-damage|p2a: Oricorio|0 fnt\n|faint|p2a: Oricorio\n|\n|upkeep\n|\n|t:|1782790160\n|switch|p2a: Slowking|Slowking-Galar, L85, F|195/300\n|turn|20\n|\n|t:|1782790164\n|switch|p1a: Magmortar|Magmortar, L88, M|184/275\n|move|p2a: Slowking|Psychic Noise|p1a: Magmortar\n|-damage|p1a: Magmortar|108/275\n|-start|p1a: Magmortar|move: Heal Block\n|\n|upkeep\n|turn|21\n|\n|t:|1782790167\n|move|p1a: Magmortar|Fire Blast|p2a: Slowking\n|-damage|p2a: Slowking|107/300\n|move|p2a: Slowking|Surf|p1a: Magmortar\n|-supereffective|p1a: Magmortar\n|-damage|p1a: Magmortar|0 fnt\n|faint|p1a: Magmortar\n|\n|upkeep\n|\n|t:|1782790172\n|switch|p1a: Hitmonlee|Hitmonlee, L85, M, tera:Fighting|223/223\n|turn|22\n|\n|t:|1782790177\n|switch|p2a: Inteleon|Inteleon, L81, M|82/246\n|move|p1a: Hitmonlee|High Jump Kick|p2a: Inteleon\n|-damage|p2a: Inteleon|0 fnt\n|faint|p2a: Inteleon\n|\n|upkeep\n|\n|t:|1782790181\n|switch|p2a: Slowking|Slowking-Galar, L85, F|207/300\n|turn|23\n|\n|t:|1782790184\n|switch|p1a: Gouging Fire|Gouging Fire, L74|248/277\n|move|p2a: Slowking|Psychic Noise|p1a: Gouging Fire\n|-damage|p1a: Gouging Fire|149/277\n|-start|p1a: Gouging Fire|move: Heal Block\n|\n|upkeep\n|turn|24\n|\n|t:|1782790187\n|move|p1a: Gouging Fire|Earthquake|p2a: Slowking\n|-supereffective|p2a: Slowking\n|-damage|p2a: Slowking|81/300\n|move|p2a: Slowking|Sludge Bomb|p1a: Gouging Fire\n|-damage|p1a: Gouging Fire|34/277\n|\n|-end|p1a: Gouging Fire|move: Heal Block\n|upkeep\n|turn|25\n|\n|t:|1782790191\n|switch|p2a: Overqwil|Overqwil, L82, F|274/274\n|-ability|p2a: Overqwil|Intimidate|boost\n|-unboost|p1a: Gouging Fire|atk|1\n|move|p1a: Gouging Fire|Earthquake|p2a: Overqwil\n|-supereffective|p2a: Overqwil\n|-crit|p2a: Overqwil\n|-damage|p2a: Overqwil|76/274\n|\n|upkeep\n|turn|26\n|\n|t:|1782790197\n|move|p2a: Overqwil|Scale Shot|p1a: Gouging Fire\n|-supereffective|p1a: Gouging Fire\n|-damage|p1a: Gouging Fire|0 fnt\n|faint|p1a: Gouging Fire\n|-end|p1a: Gouging Fire|Protosynthesis|[silent]\n|-hitcount|p1: Gouging Fire|1\n|-unboost|p2a: Overqwil|def|1\n|-boost|p2a: Overqwil|spe|1\n|\n|upkeep\n|\n|t:|1782790199\n|switch|p1a: Hitmonlee|Hitmonlee, L85, M, tera:Fighting|223/223\n|turn|27\n|\n|t:|1782790203\n|move|p2a: Overqwil|Gunk Shot|p1a: Hitmonlee\n|-damage|p1a: Hitmonlee|24/223\n|move|p1a: Hitmonlee|Knock Off|p2a: Overqwil\n|-resisted|p2a: Overqwil\n|-damage|p2a: Overqwil|0 fnt\n|-enditem|p2a: Overqwil|Loaded Dice|[from] move: Knock Off|[of] p1a: Hitmonlee\n|faint|p2a: Overqwil\n|\n|upkeep\n|\n|t:|1782790206\n|switch|p2a: Slowking|Slowking-Galar, L85, F|181/300\n|turn|28\n|\n|t:|1782790208\n|move|p1a: Hitmonlee|Knock Off|p2a: Slowking\n|-supereffective|p2a: Slowking\n|-damage|p2a: Slowking|0 fnt\n|-enditem|p2a: Slowking|Assault Vest|[from] move: Knock Off|[of] p1a: Hitmonlee\n|faint|p2a: Slowking\n|\n|win|Magikarpitalism\n|raw|Magikarpitalism's rating: 2069 &rarr; <strong>2099</strong><br />(+30 for winning)\n|raw|pop smoke's rating: 2261 &rarr; <strong>2231</strong><br />(-30 for losing)\n", "inputlog": ">version f8ac14003a5f27e1bdc8d8c59608a773c1cb96e5\n>start {\"formatid\":\"gen9randombattle\",\"seed\":\"sodium,787275daac20d342ef3bc7f0d3b99cd2\",\"rated\":\"Rated battle\"}\n>player p1 {\"name\":\"Magikarpitalism\",\"avatar\":\"steven\",\"rating\":2069,\"seed\":\"sodium,0507d6693af14c77059eca25292d8c03\"}\n>player p2 {\"name\":\"pop smoke\",\"avatar\":\"#wcop2025uswest2\",\"rating\":2261,\"seed\":\"sodium,1b7e22ca7d1c488463953ea076c6e20b\"}\n>p1 move dragondance\n>p2 move uturn\n>p2 switch 5\n>p1 switch 4\n>p2 move scaleshot\n>p1 move stoneedge\n>p2 switch 5\n>p1 switch 5\n>p2 move powerwhip\n>p1 move fireblast\n>p2 switch 6\n>p1 switch 6\n>p2 move scald\n>p1 move bodyslam\n>p2 move scald\n>p1 move rest\n>p2 move scald\n>p1 switch 3\n>p1 move calmmind\n>p2 move scald\n>p1 move calmmind\n>p2 switch 2\n>p1 move calmmind\n>p2 move sludgebomb\n>p1 move thunderbolt\n>p2 move futuresight\n>p1 move dragonpulse\n>p2 switch 6\n>p2 switch 4\n>p1 move dragonpulse\n>p2 move earthquake\n>p1 switch 2\n>p2 switch 3\n>p1 move knockoff\n>p2 move quiverdance terastallize\n>p1 switch 5\n>p2 move hurricane\n>p1 move liquidation\n>p2 move revelationdance\n>p1 switch 5\n>p1 move machpunch terastallize\n>p2 move hurricane\n>p1 move machpunch\n>p2 move hurricane\n>p2 switch 6\n>p1 switch 6\n>p2 move psychicnoise\n>p1 move fireblast\n>p2 move surf\n>p1 switch 6\n>p1 move highjumpkick\n>p2 switch 2\n>p2 switch 2\n>p1 switch 4\n>p2 move psychicnoise\n>p1 move earthquake\n>p2 move sludgebomb\n>p1 move earthquake\n>p2 switch 5\n>p1 move dragondance\n>p2 move scaleshot\n>p1 switch 4\n>p1 move knockoff\n>p2 move gunkshot\n>p2 switch 5\n>p1 move knockoff\n>p2 move surf", "uploadtime": 1782789942, "views": 7, "formatid": "gen9randombattle", "rating": 2099, "private": 0, "password": null, "player_dets": [{"name": "Magikarpitalism", "avatar": "steven", "rating": 2069, "seed": "sodium,0507d6693af14c77059eca25292d8c03"}, {"name": "pop smoke", "avatar": "#wcop2025uswest2", "rating": 2261, "seed": "sodium,1b7e22ca7d1c488463953ea076c6e20b"}], "teams_full": [{"Gouging Fire": {"name": "Gouging Fire", "species": "Gouging Fire", "speciesId": "gougingfire", "gender": "N", "shiny": false, "level": 74, "moves": ["heatcrash", "outrage", "earthquake", "dragondance"], "ability": "Protosynthesis", "evs": {"hp": 85, "atk": 85, "def": 85, "spa": 85, "spd": 85, "spe": 85}, "ivs": {"hp": 31, "atk": 31, "def": 31, "spa": 31, "spd": 31, "spe": 31}, "item": "Heavy-Duty Boots", "teraType": "Ground", "role": "Setup Sweeper", "bvs": {"hp": 105, "atk": 115, "def": 121, "spa": 65, "spd": 93, "spe": 91}, "stats": {"hp": 277, "atk": 213, "def": 222, "spa": 139, "spd": 181, "spe": 178}, "types": ["Fire", "Dragon"]}, "Hitmonlee": {"name": "Hitmonlee", "species": "Hitmonlee", "speciesId": "hitmonlee", "gender": "M", "shiny": false, "level": 85, "moves": ["knockoff", "machpunch", "highjumpkick", "stoneedge"], "ability": "Reckless", "evs": {"hp": 81, "atk": 85, "def": 85, "spa": 85, "spd": 85, "spe": 85}, "ivs": {"hp": 31, "atk": 31, "def": 31, "spa": 31, "spd": 31, "spe": 31}, "item": "Choice Band", "teraType": "Fighting", "role": "Fast Attacker", "bvs": {"hp": 50, "atk": 120, "def": 53, "spa": 35, "spd": 110, "spe": 87}, "stats": {"hp": 223, "atk": 253, "def": 139, "spa": 108, "spd": 236, "spe": 197}, "types": ["Fighting"]}, "Raging Bolt": {"name": "Raging Bolt", "species": "Raging Bolt", "speciesId": "ragingbolt", "gender": "N", "shiny": false, "level": 78, "moves": ["thunderclap", "thunderbolt", "dragonpulse", "calmmind"], "ability": "Protosynthesis", "evs": {"hp": 85, "atk": 0, "def": 85, "spa": 85, "spd": 85, "spe": 85}, "ivs": {"hp": 31, "atk": 0, "def": 31, "spa": 31, "spd": 31, "spe": 31}, "item": "Booster Energy", "teraType": "Fairy", "role": "Fast Bulky Setup", "bvs": {"hp": 125, "atk": 73, "def": 91, "spa": 137, "spd": 89, "spe": 75}, "stats": {"hp": 323, "atk": 118, "def": 187, "spa": 259, "spd": 184, "spe": 162}, "types": ["Electric", "Dragon"]}, "Whiscash": {"name": "Whiscash", "species": "Whiscash", "speciesId": "whiscash", "gender": "F", "shiny": false, "level": 88, "moves": ["liquidation", "dragondance", "stoneedge", "earthquake"], "ability": "Oblivious", "evs": {"hp": 85, "atk": 85, "def": 85, "spa": 85, "spd": 85, "spe": 85}, "ivs": {"hp": 31, "atk": 31, "def": 31, "spa": 31, "spd": 31, "spe": 31}, "item": "Life Orb", "teraType": "Ground", "role": "Setup Sweeper", "bvs": {"hp": 110, "atk": 78, "def": 73, "spa": 76, "spd": 71, "spe": 60}, "stats": {"hp": 337, "atk": 188, "def": 179, "spa": 184, "spd": 175, "spe": 156}, "types": ["Water", "Ground"]}, "Magmortar": {"name": "Magmortar", "species": "Magmortar", "speciesId": "magmortar", "gender": "M", "shiny": false, "level": 88, "moves": ["willowisp", "earthquake", "thunderbolt", "fireblast"], "ability": "Flame Body", "evs": {"hp": 85, "atk": 85, "def": 85, "spa": 85, "spd": 85, "spe": 85}, "ivs": {"hp": 31, "atk": 31, "def": 31, "spa": 31, "spd": 31, "spe": 31}, "item": "Heavy-Duty Boots", "teraType": "Electric", "role": "Fast Attacker", "bvs": {"hp": 75, "atk": 95, "def": 67, "spa": 125, "spd": 95, "spe": 83}, "stats": {"hp": 275, "atk": 217, "def": 168, "spa": 270, "spd": 217, "spe": 196}, "types": ["Fire"]}, "Snorlax": {"name": "Snorlax", "species": "Snorlax", "speciesId": "snorlax", "gender": "M", "shiny": false, "level": 82, "moves": ["rest", "curse", "bodyslam", "sleeptalk"], "ability": "Thick Fat", "evs": {"hp": 85, "atk": 85, "def": 85, "spa": 85, "spd": 85, "spe": 85}, "ivs": {"hp": 31, "atk": 31, "def": 31, "spa": 31, "spd": 31, "spe": 31}, "item": "Leftovers", "teraType": "Fairy", "role": "Bulky Attacker", "bvs": {"hp": 160, "atk": 110, "def": 65, "spa": 65, "spd": 110, "spe": 30}, "stats": {"hp": 397, "atk": 228, "def": 154, "spa": 154, "spd": 228, "spe": 96}, "types": ["Normal"]}}, {"Tsareena": {"name": "Tsareena", "species": "Tsareena", "speciesId": "tsareena", "gender": "F", "shiny": false, "level": 87, "moves": ["uturn", "synthesis", "powerwhip", "tripleaxel"], "ability": "Queenly Majesty", "evs": {"hp": 85, "atk": 85, "def": 85, "spa": 85, "spd": 85, "spe": 85}, "ivs": {"hp": 31, "atk": 31, "def": 31, "spa": 31, "spd": 31, "spe": 31}, "item": "Heavy-Duty Boots", "teraType": "Steel", "role": "Fast Support", "bvs": {"hp": 72, "atk": 120, "def": 98, "spa": 50, "spd": 98, "spe": 72}, "stats": {"hp": 267, "atk": 259, "def": 220, "spa": 137, "spd": 220, "spe": 175}, "types": ["Grass"]}, "Slowking": {"name": "Slowking", "species": "Slowking-Galar", "speciesId": "slowkinggalar", "gender": "F", "shiny": false, "level": 85, "moves": ["psychicnoise", "surf", "sludgebomb", "futuresight"], "ability": "Regenerator", "evs": {"hp": 85, "atk": 0, "def": 85, "spa": 85, "spd": 85, "spe": 85}, "ivs": {"hp": 31, "atk": 0, "def": 31, "spa": 31, "spd": 31, "spe": 31}, "item": "Assault Vest", "teraType": "Water", "role": "AV Pivot", "bvs": {"hp": 95, "atk": 65, "def": 80, "spa": 110, "spd": 110, "spe": 30}, "stats": {"hp": 300, "atk": 115, "def": 185, "spa": 236, "spd": 236, "spe": 100}, "types": ["Poison", "Psychic"]}, "Oricorio": {"name": "Oricorio", "species": "Oricorio-Pa'u", "speciesId": "oricoriopau", "gender": "F", "shiny": false, "level": 87, "moves": ["roost", "quiverdance", "hurricane", "revelationdance"], "ability": "Dancer", "evs": {"hp": 85, "atk": 0, "def": 85, "spa": 85, "spd": 85, "spe": 85}, "ivs": {"hp": 31, "atk": 0, "def": 31, "spa": 31, "spd": 31, "spe": 31}, "item": "Heavy-Duty Boots", "teraType": "Ground", "role": "Setup Sweeper", "bvs": {"hp": 75, "atk": 70, "def": 70, "spa": 98, "spd": 70, "spe": 93}, "stats": {"hp": 272, "atk": 126, "def": 172, "spa": 220, "spd": 172, "spe": 212}, "types": ["Psychic", "Flying"]}, "Dragonite": {"name": "Dragonite", "species": "Dragonite", "speciesId": "dragonite", "gender": "M", "shiny": false, "level": 74, "moves": ["dragondance", "earthquake", "ironhead", "outrage"], "ability": "Multiscale", "evs": {"hp": 85, "atk": 85, "def": 85, "spa": 85, "spd": 85, "spe": 85}, "ivs": {"hp": 31, "atk": 31, "def": 31, "spa": 31, "spd": 31, "spe": 31}, "item": "Heavy-Duty Boots", "teraType": "Steel", "role": "Setup Sweeper", "bvs": {"hp": 91, "atk": 134, "def": 95, "spa": 100, "spd": 100, "spe": 80}, "stats": {"hp": 257, "atk": 241, "def": 184, "spa": 191, "spd": 191, "spe": 161}, "types": ["Dragon", "Flying"]}, "Overqwil": {"name": "Overqwil", "species": "Overqwil", "speciesId": "overqwil", "gender": "F", "shiny": false, "level": 82, "moves": ["crunch", "gunkshot", "scaleshot", "swordsdance"], "ability": "Intimidate", "evs": {"hp": 85, "atk": 85, "def": 85, "spa": 85, "spd": 85, "spe": 85}, "ivs": {"hp": 31, "atk": 31, "def": 31, "spa": 31, "spd": 31, "spe": 31}, "item": "Loaded Dice", "teraType": "Dragon", "role": "Setup Sweeper", "bvs": {"hp": 85, "atk": 115, "def": 95, "spa": 65, "spd": 65, "spe": 85}, "stats": {"hp": 274, "atk": 236, "def": 203, "spa": 154, "spd": 154, "spe": 187}, "types": ["Dark", "Poison"]}, "Inteleon": {"name": "Inteleon", "species": "Inteleon", "speciesId": "inteleon", "gender": "M", "shiny": false, "level": 81, "moves": ["icebeam", "uturn", "hydropump", "scald"], "ability": "Torrent", "evs": {"hp": 85, "atk": 85, "def": 85, "spa": 85, "spd": 85, "spe": 85}, "ivs": {"hp": 31, "atk": 31, "def": 31, "spa": 31, "spd": 31, "spe": 31}, "item": "Choice Specs", "teraType": "Water", "role": "Wallbreaker", "bvs": {"hp": 70, "atk": 85, "def": 65, "spa": 125, "spd": 65, "spe": 120}, "stats": {"hp": 246, "atk": 184, "def": 152, "spa": 249, "spd": 152, "spe": 241}, "types": ["Water"]}}]}