{"id": "gen9randombattle-2641206744", "format": "[Gen 9] Random Battle", "players": ["brush_of", "testbotcif"], "log": "|j|\u2606brush_of\n|j|\u2606testbotcif\n|t:|1782753669\n|gametype|singles\n|player|p1|brush_of|2|1112\n|player|p2|testbotcif|266|1098\n|gen|9\n|tier|[Gen 9] Random Battle\n|rated|\n|rule|Species Clause: Limit one of each Pok\u00e9mon\n|rule|HP Percentage Mod: HP is shown in percentages\n|rule|Sleep Clause Mod: Limit one foe put to sleep\n|rule|Illusion Level Mod: Illusion disguises the Pok\u00e9mon's true level\n|\n|t:|1782753669\n|teamsize|p1|6\n|teamsize|p2|6\n|start\n|switch|p1a: Meowstic|Meowstic, L89, M|277/277\n|switch|p2a: Iron Thorns|Iron Thorns, L83|302/302\n|-item|p2a: Iron Thorns|Air Balloon\n|turn|1\n|c|\u2606testbotcif|rlhf\n|inactive|Battle timer is ON: inactive players will automatically lose when time's up. (requested by testbotcif)\n|inactive|brush_of has 120 seconds left.\n|\n|t:|1782753702\n|move|p1a: Meowstic|Yawn|p2a: Iron Thorns\n|-start|p2a: Iron Thorns|move: Yawn|[of] p1a: Meowstic\n|move|p2a: Iron Thorns|Wild Charge|p1a: Meowstic\n|-damage|p1a: Meowstic|153/277\n|-damage|p2a: Iron Thorns|271/302|[from] Recoil\n|\n|-heal|p1a: Meowstic|170/277|[from] item: Leftovers\n|upkeep\n|turn|2\n|\n|t:|1782753708\n|move|p1a: Meowstic|Psychic Noise|p2a: Iron Thorns\n|-damage|p2a: Iron Thorns|195/302\n|-start|p2a: Iron Thorns|move: Heal Block\n|-enditem|p2a: Iron Thorns|Air Balloon\n|move|p2a: Iron Thorns|Wild Charge|p1a: Meowstic\n|-damage|p1a: Meowstic|47/277\n|-damage|p2a: Iron Thorns|164/302|[from] Recoil\n|\n|-heal|p1a: Meowstic|64/277|[from] item: Leftovers\n|-end|p2a: Iron Thorns|move: Yawn|[silent]\n|-status|p2a: Iron Thorns|slp\n|upkeep\n|turn|3\n|\n|t:|1782753717\n|-end|p2a: Iron Thorns|Quark Drive|[silent]\n|switch|p2a: Skuntank|Skuntank, L84, M|310/310\n|move|p1a: Meowstic|Alluring Voice|p2a: Skuntank\n|-damage|p2a: Skuntank|238/310\n|\n|-heal|p1a: Meowstic|81/277|[from] item: Leftovers\n|upkeep\n|turn|4\n|\n|t:|1782753721\n|move|p1a: Meowstic|Thunder Wave|p2a: Skuntank\n|-hint|Since gen 7, Dark is immune to Prankster moves.\n|-immune|p2a: Skuntank\n|move|p2a: Skuntank|Knock Off|p1a: Meowstic\n|-supereffective|p1a: Meowstic\n|-damage|p1a: Meowstic|0 fnt\n|-enditem|p1a: Meowstic|Leftovers|[from] move: Knock Off|[of] p2a: Skuntank\n|faint|p1a: Meowstic\n|-damage|p2a: Skuntank|207/310|[from] item: Life Orb\n|\n|upkeep\n|\n|t:|1782753737\n|switch|p1a: Slowbro|Slowbro, L85, M|300/300\n|turn|5\n|\n|t:|1782753754\n|move|p2a: Skuntank|Knock Off|p1a: Slowbro\n|-supereffective|p1a: Slowbro\n|-damage|p1a: Slowbro|95/300\n|-enditem|p1a: Slowbro|Assault Vest|[from] move: Knock Off|[of] p2a: Skuntank\n|-damage|p2a: Skuntank|176/310|[from] item: Life Orb\n|move|p1a: Slowbro|Scald|p2a: Skuntank\n|-damage|p2a: Skuntank|68/310\n|\n|upkeep\n|turn|6\n|\n|t:|1782753760\n|move|p2a: Skuntank|Knock Off|p1a: Slowbro\n|-supereffective|p1a: Slowbro\n|-damage|p1a: Slowbro|0 fnt\n|faint|p1a: Slowbro\n|-damage|p2a: Skuntank|37/310|[from] item: Life Orb\n|\n|upkeep\n|\n|t:|1782753764\n|switch|p1a: Salamence|Salamence, L77, M|273/273\n|turn|7\n|\n|t:|1782753775\n|move|p1a: Salamence|Dragon Dance|p1a: Salamence\n|-boost|p1a: Salamence|atk|1\n|-boost|p1a: Salamence|spe|1\n|move|p2a: Skuntank|Gunk Shot|p1a: Salamence\n|-damage|p1a: Salamence|92/273\n|-damage|p2a: Skuntank|6/310|[from] item: Life Orb\n|\n|upkeep\n|turn|8\n|\n|t:|1782753786\n|switch|p2a: Cloyster|Cloyster, L80, M|211/211\n|-terastallize|p1a: Salamence|Dragon\n|move|p1a: Salamence|Dual Wingbeat|p2a: Cloyster\n|-damage|p2a: Cloyster|172/211\n|-damage|p2a: Cloyster|129/211\n|-hitcount|p2a: Cloyster|2\n|\n|upkeep\n|turn|9\n|\n|t:|1782753797\n|move|p1a: Salamence|Outrage|p2a: Cloyster\n|-damage|p2a: Cloyster|0 fnt\n|faint|p2a: Cloyster\n|-ability|p1a: Salamence|Moxie|boost\n|-boost|p1a: Salamence|atk|1\n|\n|upkeep\n|\n|t:|1782753797\n|switch|p2a: Iron Thorns|Iron Thorns, L83|164/302 slp\n|turn|10\n|\n|t:|1782753803\n|move|p1a: Salamence|Outrage|p2a: Iron Thorns|[from] lockedmove\n|-damage|p2a: Iron Thorns|0 fnt\n|faint|p2a: Iron Thorns\n|-end|p2a: Iron Thorns|Quark Drive|[silent]\n|-ability|p1a: Salamence|Moxie|boost\n|-boost|p1a: Salamence|atk|1\n|\n|upkeep\n|\n|t:|1782753804\n|switch|p2a: Mesprit|Mesprit, L85|275/275\n|turn|11\n|\n|t:|1782753806\n|move|p1a: Salamence|Outrage|p2a: Mesprit|[from] lockedmove\n|-damage|p2a: Mesprit|0 fnt\n|faint|p2a: Mesprit\n|-ability|p1a: Salamence|Moxie|boost\n|-boost|p1a: Salamence|atk|1\n|-start|p1a: Salamence|confusion|[fatigue]\n|\n|upkeep\n|\n|t:|1782753806\n|switch|p2a: Slowbro|Slowbro-Galar, L87, M|307/307\n|turn|12\n|\n|t:|1782753808\n|-activate|p1a: Salamence|confusion\n|move|p1a: Salamence|Dual Wingbeat|p2a: Slowbro\n|-damage|p2a: Slowbro|187/307\n|-damage|p2a: Slowbro|66/307\n|-hitcount|p2a: Slowbro|2\n|move|p2a: Slowbro|Shell Side Arm|p1a: Salamence|[anim] Shell Side Arm Special\n|-damage|p1a: Salamence|0 fnt\n|-hint|Special Shell Side Arm\n|faint|p1a: Salamence\n|\n|upkeep\n|\n|t:|1782753824\n|switch|p1a: Persian|Persian, L92, F|269/269\n|turn|13\n|\n|t:|1782753830\n|move|p1a: Persian|Fake Out|p2a: Slowbro\n|-crit|p2a: Slowbro\n|-damage|p2a: Slowbro|0 fnt\n|faint|p2a: Slowbro\n|\n|upkeep\n|\n|t:|1782753830\n|switch|p2a: Snorlax|Snorlax, L82, F|397/397\n|turn|14\n|\n|t:|1782753833\n|-terastallize|p2a: Snorlax|Poison\n|move|p1a: Persian|U-turn|p2a: Snorlax\n|-resisted|p2a: Snorlax\n|-damage|p2a: Snorlax|367/397\n|\n|t:|1782753841\n|switch|p1a: Cinderace|Cinderace, L77, F|249/249|[from] U-turn\n|move|p2a: Snorlax|Body Slam|p1a: Cinderace\n|-damage|p1a: Cinderace|132/249\n|\n|-heal|p2a: Snorlax|391/397|[from] item: Leftovers\n|upkeep\n|turn|15\n|\n|t:|1782753861\n|move|p1a: Cinderace|Pyro Ball|p2a: Snorlax\n|-damage|p2a: Snorlax|315/397\n|-status|p2a: Snorlax|brn\n|move|p2a: Snorlax|Body Slam|p1a: Cinderace\n|-damage|p1a: Cinderace|74/249\n|\n|-heal|p2a: Snorlax|339/397 brn|[from] item: Leftovers\n|-damage|p2a: Snorlax|315/397 brn|[from] brn\n|upkeep\n|turn|16\n|\n|t:|1782753866\n|move|p1a: Cinderace|U-turn|p2a: Snorlax\n|-start|p1a: Cinderace|typechange|Bug|[from] ability: Libero\n|-resisted|p2a: Snorlax\n|-damage|p2a: Snorlax|266/397 brn\n|\n|t:|1782753871\n|switch|p1a: Reshiram|Reshiram, L76|277/277|[from] U-turn\n|-ability|p1a: Reshiram|Turboblaze\n|move|p2a: Snorlax|Body Slam|p1a: Reshiram\n|-damage|p1a: Reshiram|232/277\n|\n|-heal|p2a: Snorlax|290/397 brn|[from] item: Leftovers\n|-damage|p2a: Snorlax|266/397 brn|[from] brn\n|upkeep\n|turn|17\n|\n|t:|1782753880\n|move|p1a: Reshiram|Stone Edge|p2a: Snorlax|[miss]\n|-miss|p1a: Reshiram|p2a: Snorlax\n|move|p2a: Snorlax|Body Slam|p1a: Reshiram\n|-damage|p1a: Reshiram|187/277\n|\n|-heal|p2a: Snorlax|290/397 brn|[from] item: Leftovers\n|-damage|p2a: Snorlax|266/397 brn|[from] brn\n|upkeep\n|turn|18\n|\n|t:|1782753883\n|move|p1a: Reshiram|Dragon Dance|p1a: Reshiram\n|-boost|p1a: Reshiram|atk|1\n|-boost|p1a: Reshiram|spe|1\n|move|p2a: Snorlax|Body Slam|p1a: Reshiram\n|-damage|p1a: Reshiram|138/277\n|\n|-heal|p2a: Snorlax|290/397 brn|[from] item: Leftovers\n|-damage|p2a: Snorlax|266/397 brn|[from] brn\n|upkeep\n|turn|19\n|\n|t:|1782753899\n|move|p1a: Reshiram|Flare Blitz|p2a: Snorlax\n|-damage|p2a: Snorlax|20/397 brn\n|-damage|p1a: Reshiram|57/277|[from] Recoil\n|move|p2a: Snorlax|Body Slam|p1a: Reshiram\n|-damage|p1a: Reshiram|10/277\n|\n|-heal|p2a: Snorlax|44/397 brn|[from] item: Leftovers\n|-damage|p2a: Snorlax|20/397 brn|[from] brn\n|upkeep\n|turn|20\n|\n|t:|1782753905\n|move|p1a: Reshiram|Outrage|p2a: Snorlax\n|-damage|p2a: Snorlax|0 fnt\n|faint|p2a: Snorlax\n|\n|upkeep\n|\n|t:|1782753905\n|switch|p2a: Skuntank|Skuntank, L84, M|6/310\n|turn|21\n|\n|t:|1782753909\n|move|p1a: Reshiram|Outrage|p2a: Skuntank|[from] lockedmove\n|-damage|p2a: Skuntank|0 fnt\n|-damage|p1a: Reshiram|0 fnt|[from] ability: Aftermath|[of] p2a: Skuntank\n|faint|p2a: Skuntank\n|faint|p1a: Reshiram\n|\n|win|brush_of\n|raw|brush_of's rating: 1112 &rarr; <strong>1136</strong><br />(+24 for winning)\n|raw|testbotcif's rating: 1098 &rarr; <strong>1074</strong><br />(-24 for losing)\n", "inputlog": ">version f8ac14003a5f27e1bdc8d8c59608a773c1cb96e5\n>start {\"formatid\":\"gen9randombattle\",\"seed\":\"sodium,2eed020862901865f0917314ffa4d20c\",\"rated\":\"Rated battle\"}\n>player p1 {\"name\":\"brush_of\",\"avatar\":\"2\",\"rating\":1112,\"seed\":\"sodium,a5ed021aaef310ec70c9615a1c773922\"}\n>player p2 {\"name\":\"testbotcif\",\"avatar\":\"266\",\"rating\":1098,\"seed\":\"sodium,013ea2433f46c3f2f172673065cbbeff\"}\n>chat \u2606testbotcif|rlhf\n>p1 move yawn\n>p2 move wildcharge\n>p1 move psychicnoise\n>p2 move wildcharge\n>p1 move alluringvoice\n>p2 switch 5\n>p1 move thunderwave\n>p2 move knockoff\n>p1 switch 5\n>p1 move scald\n>p2 move knockoff\n>p1 move scald\n>p2 move knockoff\n>p1 switch 3\n>p1 move dragondance\n>p2 move gunkshot\n>p1 move dualwingbeat terastallize\n>p2 switch 2\n>p1 move outrage\n>p2 move shellsmash\n>p2 switch 5\n>p1 move outrage\n>p2 move icepunch\n>p2 switch 6\n>p1 move outrage\n>p2 move psychicnoise\n>p2 switch 3\n>p1 move dualwingbeat\n>p2 move shellsidearm\n>p1 switch 6\n>p1 move fakeout\n>p2 move shellsidearm\n>p2 switch 4\n>p1 move uturn\n>p2 move bodyslam terastallize\n>p1 switch 4\n>p1 move pyroball\n>p2 move bodyslam\n>p1 move uturn\n>p2 move bodyslam\n>p1 switch 2\n>p1 move stoneedge\n>p2 move bodyslam\n>p1 move dragondance\n>p2 move bodyslam\n>p1 move flareblitz\n>p2 move bodyslam\n>p1 move outrage\n>p2 move rest\n>p2 switch 2\n>p1 move outrage\n>p2 move knockoff", "uploadtime": 1782753909, "views": 5, "formatid": "gen9randombattle", "rating": 1074, "private": 0, "password": null, "player_dets": [{"name": "brush_of", "avatar": "2", "rating": 1112, "seed": "sodium,a5ed021aaef310ec70c9615a1c773922"}, {"name": "testbotcif", "avatar": "266", "rating": 1098, "seed": "sodium,013ea2433f46c3f2f172673065cbbeff"}], "teams_full": [{"Meowstic": {"name": "Meowstic", "species": "Meowstic", "speciesId": "meowstic", "gender": "M", "shiny": false, "level": 89, "moves": ["thunderwave", "alluringvoice", "psychicnoise", "yawn"], "ability": "Prankster", "evs": {"hp": 85, "atk": 0, "def": 85, "spa": 85, "spd": 85, "spe": 85}, "ivs": {"hp": 31, "atk": 0, "def": 31, "spa": 31, "spd": 31, "spe": 31}, "item": "Leftovers", "teraType": "Fairy", "role": "Bulky Support", "bvs": {"hp": 74, "atk": 48, "def": 76, "spa": 83, "spd": 81, "spe": 104}, "stats": {"hp": 277, "atk": 90, "def": 186, "spa": 199, "spd": 195, "spe": 236}, "types": ["Psychic"]}, "Reshiram": {"name": "Reshiram", "species": "Reshiram", "speciesId": "reshiram", "gender": "N", "shiny": false, "level": 76, "moves": ["outrage", "stoneedge", "flareblitz", "dragondance"], "ability": "Turboblaze", "evs": {"hp": 85, "atk": 85, "def": 85, "spa": 85, "spd": 85, "spe": 85}, "ivs": {"hp": 31, "atk": 31, "def": 31, "spa": 31, "spd": 31, "spe": 31}, "item": "Heavy-Duty Boots", "teraType": "Fire", "role": "Setup Sweeper", "bvs": {"hp": 100, "atk": 120, "def": 100, "spa": 150, "spd": 120, "spe": 90}, "stats": {"hp": 277, "atk": 226, "def": 196, "spa": 272, "spd": 226, "spe": 181}, "types": ["Dragon", "Fire"]}, "Salamence": {"name": "Salamence", "species": "Salamence", "speciesId": "salamence", "gender": "M", "shiny": false, "level": 77, "moves": ["dualwingbeat", "outrage", "dragondance", "earthquake"], "ability": "Moxie", "evs": {"hp": 85, "atk": 85, "def": 85, "spa": 85, "spd": 85, "spe": 85}, "ivs": {"hp": 31, "atk": 31, "def": 31, "spa": 31, "spd": 31, "spe": 31}, "item": "Heavy-Duty Boots", "teraType": "Dragon", "role": "Setup Sweeper", "bvs": {"hp": 95, "atk": 135, "def": 80, "spa": 110, "spd": 80, "spe": 100}, "stats": {"hp": 273, "atk": 252, "def": 168, "spa": 214, "spd": 168, "spe": 199}, "types": ["Dragon", "Flying"]}, "Cinderace": {"name": "Cinderace", "species": "Cinderace", "speciesId": "cinderace", "gender": "F", "shiny": false, "level": 77, "moves": ["courtchange", "highjumpkick", "uturn", "pyroball"], "ability": "Libero", "evs": {"hp": 81, "atk": 85, "def": 85, "spa": 85, "spd": 85, "spe": 85}, "ivs": {"hp": 31, "atk": 31, "def": 31, "spa": 31, "spd": 31, "spe": 31}, "item": "Heavy-Duty Boots", "teraType": "Fighting", "role": "Fast Attacker", "bvs": {"hp": 80, "atk": 116, "def": 75, "spa": 65, "spd": 75, "spe": 119}, "stats": {"hp": 249, "atk": 223, "def": 160, "spa": 145, "spd": 160, "spe": 228}, "types": ["Fire"]}, "Slowbro": {"name": "Slowbro", "species": "Slowbro", "speciesId": "slowbro", "gender": "M", "shiny": false, "level": 85, "moves": ["futuresight", "bodypress", "icebeam", "scald"], "ability": "Regenerator", "evs": {"hp": 85, "atk": 0, "def": 85, "spa": 85, "spd": 85, "spe": 85}, "ivs": {"hp": 31, "atk": 0, "def": 31, "spa": 31, "spd": 31, "spe": 31}, "item": "Assault Vest", "teraType": "Fighting", "role": "AV Pivot", "bvs": {"hp": 95, "atk": 75, "def": 110, "spa": 100, "spd": 80, "spe": 30}, "stats": {"hp": 300, "atk": 132, "def": 236, "spa": 219, "spd": 185, "spe": 100}, "types": ["Water", "Psychic"]}, "Persian": {"name": "Persian", "species": "Persian", "speciesId": "persian", "gender": "F", "shiny": false, "level": 92, "moves": ["uturn", "doubleedge", "fakeout", "knockoff"], "ability": "Technician", "evs": {"hp": 85, "atk": 85, "def": 85, "spa": 85, "spd": 85, "spe": 85}, "ivs": {"hp": 31, "atk": 31, "def": 31, "spa": 31, "spd": 31, "spe": 31}, "item": "Silk Scarf", "teraType": "Normal", "role": "Fast Attacker", "bvs": {"hp": 65, "atk": 70, "def": 60, "spa": 65, "spd": 65, "spe": 115}, "stats": {"hp": 269, "atk": 181, "def": 163, "spa": 172, "spd": 172, "spe": 264}, "types": ["Normal"]}}, {"Iron Thorns": {"name": "Iron Thorns", "species": "Iron Thorns", "speciesId": "ironthorns", "gender": "N", "shiny": false, "level": 83, "moves": ["icepunch", "wildcharge", "spikes", "stoneedge"], "ability": "Quark Drive", "evs": {"hp": 85, "atk": 85, "def": 85, "spa": 85, "spd": 85, "spe": 85}, "ivs": {"hp": 31, "atk": 31, "def": 31, "spa": 31, "spd": 31, "spe": 31}, "item": "Air Balloon", "teraType": "Water", "role": "Fast Support", "bvs": {"hp": 100, "atk": 134, "def": 110, "spa": 70, "spd": 84, "spe": 72}, "stats": {"hp": 302, "atk": 270, "def": 230, "spa": 164, "spd": 187, "spe": 167}, "types": ["Rock", "Electric"]}, "Cloyster": {"name": "Cloyster", "species": "Cloyster", "speciesId": "cloyster", "gender": "M", "shiny": false, "level": 80, "moves": ["rockblast", "shellsmash", "iciclespear", "hydropump"], "ability": "Skill Link", "evs": {"hp": 85, "atk": 85, "def": 85, "spa": 85, "spd": 85, "spe": 85}, "ivs": {"hp": 31, "atk": 31, "def": 31, "spa": 31, "spd": 31, "spe": 31}, "item": "White Herb", "teraType": "Ice", "role": "Setup Sweeper", "bvs": {"hp": 50, "atk": 95, "def": 180, "spa": 85, "spd": 45, "spe": 70}, "stats": {"hp": 211, "atk": 198, "def": 334, "spa": 182, "spd": 118, "spe": 158}, "types": ["Water", "Ice"]}, "Slowbro": {"name": "Slowbro", "species": "Slowbro-Galar", "speciesId": "slowbrogalar", "gender": "M", "shiny": false, "level": 87, "moves": ["earthquake", "foulplay", "psychic", "shellsidearm"], "ability": "Regenerator", "evs": {"hp": 85, "atk": 85, "def": 85, "spa": 85, "spd": 85, "spe": 85}, "ivs": {"hp": 31, "atk": 31, "def": 31, "spa": 31, "spd": 31, "spe": 31}, "item": "Assault Vest", "teraType": "Ground", "role": "AV Pivot", "bvs": {"hp": 95, "atk": 100, "def": 95, "spa": 100, "spd": 70, "spe": 30}, "stats": {"hp": 307, "atk": 224, "def": 215, "spa": 224, "spd": 172, "spe": 102}, "types": ["Poison", "Psychic"]}, "Snorlax": {"name": "Snorlax", "species": "Snorlax", "speciesId": "snorlax", "gender": "F", "shiny": false, "level": 82, "moves": ["sleeptalk", "bodyslam", "curse", "rest"], "ability": "Thick Fat", "evs": {"hp": 85, "atk": 85, "def": 85, "spa": 85, "spd": 85, "spe": 85}, "ivs": {"hp": 31, "atk": 31, "def": 31, "spa": 31, "spd": 31, "spe": 31}, "item": "Leftovers", "teraType": "Poison", "role": "Bulky Attacker", "bvs": {"hp": 160, "atk": 110, "def": 65, "spa": 65, "spd": 110, "spe": 30}, "stats": {"hp": 397, "atk": 228, "def": 154, "spa": 154, "spd": 228, "spe": 96}, "types": ["Normal"]}, "Skuntank": {"name": "Skuntank", "species": "Skuntank", "speciesId": "skuntank", "gender": "M", "shiny": false, "level": 84, "moves": ["fireblast", "knockoff", "gunkshot", "taunt"], "ability": "Aftermath", "evs": {"hp": 85, "atk": 85, "def": 85, "spa": 85, "spd": 85, "spe": 85}, "ivs": {"hp": 31, "atk": 31, "def": 31, "spa": 31, "spd": 31, "spe": 31}, "item": "Life Orb", "teraType": "Poison", "role": "Fast Support", "bvs": {"hp": 103, "atk": 93, "def": 67, "spa": 71, "spd": 61, "spe": 84}, "stats": {"hp": 310, "atk": 204, "def": 161, "spa": 167, "spd": 151, "spe": 189}, "types": ["Poison", "Dark"]}, "Mesprit": {"name": "Mesprit", "species": "Mesprit", "speciesId": "mesprit", "gender": "N", "shiny": false, "level": 85, "moves": ["knockoff", "thunderwave", "psychicnoise", "encore"], "ability": "Levitate", "evs": {"hp": 85, "atk": 85, "def": 85, "spa": 85, "spd": 85, "spe": 85}, "ivs": {"hp": 31, "atk": 31, "def": 31, "spa": 31, "spd": 31, "spe": 31}, "item": "Leftovers", "teraType": "Electric", "role": "Bulky Support", "bvs": {"hp": 80, "atk": 105, "def": 105, "spa": 105, "spd": 105, "spe": 80}, "stats": {"hp": 275, "atk": 227, "def": 227, "spa": 227, "spd": 227, "spe": 185}, "types": ["Psychic"]}}]}