{"id": "gen9randombattle-2641220251", "format": "[Gen 9] Random Battle", "players": ["Lagpro14", "Kiba2343"], "log": "|j|\u2606Lagpro14\n|j|\u2606Kiba2343\n|t:|1782755400\n|gametype|singles\n|player|p1|Lagpro14|170|\n|player|p2|Kiba2343|shadowtriad|\n|gen|9\n|tier|[Gen 9] Random Battle\n|rule|Species Clause: Limit one of each Pok\u00e9mon\n|rule|HP Percentage Mod: HP is shown in percentages\n|rule|Sleep Clause Mod: Limit one foe put to sleep\n|rule|Illusion Level Mod: Illusion disguises the Pok\u00e9mon's true level\n|\n|t:|1782755400\n|teamsize|p1|6\n|teamsize|p2|6\n|start\n|switch|p1a: Articuno|Articuno, L86|295/295\n|switch|p2a: Ariados|Ariados, L95, M|287/287\n|-ability|p1a: Articuno|Pressure\n|turn|1\n|\n|t:|1782755415\n|move|p1a: Articuno|Brave Bird|p2a: Ariados\n|-supereffective|p2a: Ariados\n|-damage|p2a: Ariados|53/287\n|-damage|p1a: Articuno|218/295|[from] Recoil\n|move|p2a: Ariados|Sticky Web|p1a: Articuno\n|-sidestart|p1: Lagpro14|move: Sticky Web\n|\n|upkeep\n|turn|2\n|\n|t:|1782755424\n|move|p1a: Articuno|U-turn|p2a: Ariados\n|-resisted|p2a: Ariados\n|-damage|p2a: Ariados|28/287\n|\n|t:|1782755433\n|switch|p1a: Donphan|Donphan, L84, M|288/288|[from] U-turn\n|-activate|p1a: Donphan|move: Sticky Web\n|-unboost|p1a: Donphan|spe|1\n|move|p2a: Ariados|Knock Off|p1a: Donphan\n|-damage|p1a: Donphan|227/288\n|-enditem|p1a: Donphan|Leftovers|[from] move: Knock Off|[of] p2a: Ariados\n|\n|upkeep\n|turn|3\n|\n|t:|1782755448\n|move|p2a: Ariados|Megahorn|p1a: Donphan\n|-damage|p1a: Donphan|104/288\n|move|p1a: Donphan|Earthquake|p2a: Ariados\n|-damage|p2a: Ariados|0 fnt\n|faint|p2a: Ariados\n|\n|upkeep\n|\n|t:|1782755455\n|switch|p2a: Primarina|Primarina, L83, F|268/268\n|turn|4\n|\n|t:|1782755462\n|move|p2a: Primarina|Psychic Noise|p1a: Donphan\n|-supereffective|p1a: Donphan\n|-damage|p1a: Donphan|0 fnt\n|faint|p1a: Donphan\n|\n|upkeep\n|\n|t:|1782755470\n|switch|p1a: Mewtwo|Mewtwo, L72|272/272\n|-ability|p1a: Mewtwo|Unnerve\n|-activate|p1a: Mewtwo|move: Sticky Web\n|-unboost|p1a: Mewtwo|spe|1\n|turn|5\n|\n|t:|1782755480\n|move|p1a: Mewtwo|Nasty Plot|p1a: Mewtwo\n|-boost|p1a: Mewtwo|spa|2\n|move|p2a: Primarina|Calm Mind|p2a: Primarina\n|-boost|p2a: Primarina|spa|1\n|-boost|p2a: Primarina|spd|1\n|\n|upkeep\n|turn|6\n|\n|t:|1782755487\n|move|p1a: Mewtwo|Psystrike|p2a: Primarina\n|-damage|p2a: Primarina|0 fnt\n|faint|p2a: Primarina\n|-damage|p1a: Mewtwo|245/272|[from] item: Life Orb\n|\n|upkeep\n|\n|t:|1782755496\n|switch|p2a: Iron Jugulis|Iron Jugulis, L77|271/271\n|turn|7\n|\n|t:|1782755502\n|move|p2a: Iron Jugulis|Dark Pulse|p1a: Mewtwo\n|-supereffective|p1a: Mewtwo\n|-damage|p1a: Mewtwo|0 fnt\n|faint|p1a: Mewtwo\n|\n|upkeep\n|\n|t:|1782755511\n|switch|p1a: Gyarados|Gyarados, L79, M|280/280\n|-ability|p1a: Gyarados|Intimidate|boost\n|-unboost|p2a: Iron Jugulis|atk|1\n|turn|8\n|\n|t:|1782755520\n|move|p2a: Iron Jugulis|Dark Pulse|p1a: Gyarados\n|-damage|p1a: Gyarados|156/280\n|move|p1a: Gyarados|Dragon Dance|p1a: Gyarados\n|-boost|p1a: Gyarados|atk|1\n|-boost|p1a: Gyarados|spe|1\n|\n|upkeep\n|turn|9\n|\n|t:|1782755529\n|move|p1a: Gyarados|Stone Edge|p2a: Iron Jugulis\n|-supereffective|p2a: Iron Jugulis\n|-crit|p2a: Iron Jugulis\n|-damage|p2a: Iron Jugulis|0 fnt\n|faint|p2a: Iron Jugulis\n|-end|p2a: Iron Jugulis|Quark Drive|[silent]\n|\n|upkeep\n|\n|t:|1782755586\n|switch|p2a: Duraludon|Duraludon, L82, M|249/249\n|turn|10\n|\n|t:|1782755595\n|move|p1a: Gyarados|Earthquake|p2a: Duraludon\n|-supereffective|p2a: Duraludon\n|-damage|p2a: Duraludon|121/249\n|move|p2a: Duraludon|Draco Meteor|p1a: Gyarados\n|-damage|p1a: Gyarados|21/280\n|-unboost|p2a: Duraludon|spa|2\n|\n|upkeep\n|turn|11\n|\n|t:|1782755609\n|move|p1a: Gyarados|Earthquake|p2a: Duraludon\n|-supereffective|p2a: Duraludon\n|-damage|p2a: Duraludon|0 fnt\n|faint|p2a: Duraludon\n|\n|upkeep\n|\n|t:|1782755612\n|switch|p2a: Floatzel|Floatzel, L86, M|286/286\n|turn|12\n|\n|t:|1782755624\n|move|p1a: Gyarados|Stone Edge|p2a: Floatzel|[miss]\n|-miss|p1a: Gyarados|p2a: Floatzel\n|move|p2a: Floatzel|Crunch|p1a: Gyarados\n|-damage|p1a: Gyarados|0 fnt\n|faint|p1a: Gyarados\n|\n|upkeep\n|\n|t:|1782755637\n|switch|p1a: Articuno|Articuno, L86|218/295\n|-ability|p1a: Articuno|Pressure\n|turn|13\n|\n|t:|1782755645\n|move|p2a: Floatzel|Crunch|p1a: Articuno\n|-damage|p1a: Articuno|129/295\n|move|p1a: Articuno|Freeze-Dry|p2a: Floatzel\n|-supereffective|p2a: Floatzel\n|-damage|p2a: Floatzel|58/286\n|\n|upkeep\n|turn|14\n|\n|t:|1782755651\n|move|p2a: Floatzel|Crunch|p1a: Articuno\n|-damage|p1a: Articuno|52/295\n|-unboost|p1a: Articuno|def|1\n|move|p1a: Articuno|Roost|p1a: Articuno\n|-heal|p1a: Articuno|200/295\n|-singleturn|p1a: Articuno|move: Roost\n|\n|upkeep\n|turn|15\n|\n|t:|1782755659\n|move|p2a: Floatzel|Crunch|p1a: Articuno\n|-damage|p1a: Articuno|66/295\n|move|p1a: Articuno|Freeze-Dry|p2a: Floatzel\n|-supereffective|p2a: Floatzel\n|-damage|p2a: Floatzel|0 fnt\n|faint|p2a: Floatzel\n|\n|upkeep\n|\n|t:|1782755663\n|switch|p2a: Orthworm|Orthworm, L88, F|266/266\n|turn|16\n|\n|t:|1782755675\n|move|p1a: Articuno|Roost|p1a: Articuno\n|-heal|p1a: Articuno|214/295\n|-singleturn|p1a: Articuno|move: Roost\n|move|p2a: Orthworm|Iron Tail|p1a: Articuno\n|-supereffective|p1a: Articuno\n|-damage|p1a: Articuno|0 fnt\n|faint|p1a: Articuno\n|\n|upkeep\n|\n|t:|1782755684\n|switch|p1a: Orthworm|Orthworm, L88, F|266/266\n|-activate|p1a: Orthworm|move: Sticky Web\n|-unboost|p1a: Orthworm|spe|1\n|turn|17\n|\n|t:|1782755697\n|move|p2a: Orthworm|Body Press|p1a: Orthworm\n|-supereffective|p1a: Orthworm\n|-damage|p1a: Orthworm|152/266\n|move|p1a: Orthworm|Body Press|p2a: Orthworm\n|-supereffective|p2a: Orthworm\n|-damage|p2a: Orthworm|162/266\n|\n|-heal|p1a: Orthworm|168/266|[from] item: Leftovers\n|upkeep\n|turn|18\n|\n|t:|1782755707\n|-terastallize|p2a: Orthworm|Fighting\n|move|p2a: Orthworm|Body Press|p1a: Orthworm\n|-supereffective|p1a: Orthworm\n|-damage|p1a: Orthworm|0 fnt\n|faint|p1a: Orthworm\n|\n|upkeep\n|\n|t:|1782755714\n|switch|p1a: Dipplin|Dipplin, L88, M|284/284\n|-activate|p1a: Dipplin|move: Sticky Web\n|-unboost|p1a: Dipplin|spe|1\n|turn|19\n|\n|t:|1782755727\n|move|p2a: Orthworm|Body Press|p1a: Dipplin\n|-damage|p1a: Dipplin|217/284\n|move|p1a: Dipplin|Dragon Pulse|p2a: Orthworm\n|-damage|p2a: Orthworm|24/266\n|\n|upkeep\n|turn|20\n|\n|t:|1782755735\n|move|p1a: Dipplin|Sucker Punch||[still]\n|-fail|p1a: Dipplin\n|move|p2a: Orthworm|Rest|p2a: Orthworm\n|-status|p2a: Orthworm|slp|[from] move: Rest\n|-heal|p2a: Orthworm|266/266 slp|[silent]\n|-enditem|p2a: Orthworm|Chesto Berry|[eat]\n|-curestatus|p2a: Orthworm|slp|[msg]\n|\n|upkeep\n|turn|21\n|\n|t:|1782755747\n|move|p2a: Orthworm|Body Press|p1a: Dipplin\n|-damage|p1a: Dipplin|151/284\n|move|p1a: Dipplin|Giga Drain|p2a: Orthworm\n|-damage|p2a: Orthworm|160/266\n|-heal|p1a: Dipplin|204/284|[from] drain|[of] p2a: Orthworm\n|\n|upkeep\n|turn|22\n|\n|t:|1782755775\n|move|p2a: Orthworm|Body Press|p1a: Dipplin\n|-damage|p1a: Dipplin|135/284\n|move|p1a: Dipplin|Giga Drain|p2a: Orthworm\n|-damage|p2a: Orthworm|37/266\n|-heal|p1a: Dipplin|197/284|[from] drain|[of] p2a: Orthworm\n|\n|upkeep\n|turn|23\n|\n|t:|1782755782\n|move|p2a: Orthworm|Rest|p2a: Orthworm\n|-status|p2a: Orthworm|slp|[from] move: Rest\n|-heal|p2a: Orthworm|266/266 slp|[silent]\n|move|p1a: Dipplin|Giga Drain|p2a: Orthworm\n|-damage|p2a: Orthworm|160/266 slp\n|-heal|p1a: Dipplin|250/284|[from] drain|[of] p2a: Orthworm\n|\n|upkeep\n|turn|24\n|\n|t:|1782755794\n|cant|p2a: Orthworm|slp\n|move|p1a: Dipplin|Dragon Pulse|p2a: Orthworm\n|-damage|p2a: Orthworm|31/266 slp\n|\n|upkeep\n|turn|25\n|\n|t:|1782755800\n|cant|p2a: Orthworm|slp\n|move|p1a: Dipplin|Giga Drain|p2a: Orthworm\n|-damage|p2a: Orthworm|0 fnt\n|-heal|p1a: Dipplin|266/284|[from] drain|[of] p2a: Orthworm\n|faint|p2a: Orthworm\n|\n|win|Lagpro14\n", "inputlog": ">version f8ac14003a5f27e1bdc8d8c59608a773c1cb96e5\n>start {\"formatid\":\"gen9randombattle\",\"seed\":\"sodium,b5d38a4b5eb7784dc5cf32a9eeb2db53\"}\n>player p1 {\"name\":\"Lagpro14\",\"avatar\":\"170\",\"rating\":0,\"seed\":\"sodium,7c2ce000536cee62dcdeac2dc74f42f4\"}\n>player p2 {\"name\":\"Kiba2343\",\"avatar\":\"shadowtriad\",\"rating\":0,\"seed\":\"sodium,4ff1f14152d960a2aa16e11c30e2bd90\"}\n>p1 move bravebird\n>p2 move stickyweb\n>p1 move uturn\n>p2 move knockoff\n>p1 switch 5\n>p1 move earthquake\n>p2 move megahorn\n>p2 switch 5\n>p1 move earthquake\n>p2 move psychicnoise\n>p1 switch 4\n>p1 move nastyplot\n>p2 move calmmind\n>p1 move psystrike\n>p2 move moonblast\n>p2 switch 2\n>p1 move nastyplot\n>p2 move darkpulse\n>p1 switch 3\n>p1 move dragondance\n>p2 move darkpulse\n>p1 move stoneedge\n>p2 move darkpulse\n>p2 switch 6\n>p1 move earthquake\n>p2 move dracometeor\n>p1 move earthquake\n>p2 move flashcannon\n>p2 switch 4\n>p1 move stoneedge\n>p2 move crunch\n>p1 switch 5\n>p1 move freezedry\n>p2 move crunch\n>p1 move roost\n>p2 move crunch\n>p1 move freezedry\n>p2 move crunch\n>p2 switch 3\n>p1 move roost\n>p2 move irontail\n>p1 switch 6\n>p1 move bodypress\n>p2 move bodypress\n>p1 move shedtail\n>p2 move bodypress terastallize\n>p1 switch 2\n>p1 move dragonpulse\n>p2 move bodypress\n>p1 move suckerpunch\n>p2 move rest\n>p1 move gigadrain\n>p2 move bodypress\n>p1 move gigadrain\n>p2 move bodypress\n>p1 move gigadrain\n>p2 move rest\n>p1 move dragonpulse\n>p2 move irontail\n>p1 move gigadrain\n>p2 move rest", "uploadtime": 1782755810, "views": 5, "formatid": "gen9randombattle", "rating": null, "private": 0, "password": null, "player_dets": [{"name": "Lagpro14", "avatar": "170", "rating": 0, "seed": "sodium,7c2ce000536cee62dcdeac2dc74f42f4"}, {"name": "Kiba2343", "avatar": "shadowtriad", "rating": 0, "seed": "sodium,4ff1f14152d960a2aa16e11c30e2bd90"}], "teams_full": [{"Articuno": {"name": "Articuno", "species": "Articuno", "speciesId": "articuno", "gender": "N", "shiny": false, "level": 86, "moves": ["freezedry", "uturn", "roost", "bravebird"], "ability": "Pressure", "evs": {"hp": 85, "atk": 85, "def": 85, "spa": 85, "spd": 85, "spe": 85}, "ivs": {"hp": 31, "atk": 31, "def": 31, "spa": 31, "spd": 31, "spe": 31}, "item": "Heavy-Duty Boots", "teraType": "Ground", "role": "Bulky Support", "bvs": {"hp": 90, "atk": 85, "def": 100, "spa": 95, "spd": 125, "spe": 85}, "stats": {"hp": 295, "atk": 195, "def": 221, "spa": 213, "spd": 264, "spe": 195}, "types": ["Ice", "Flying"]}, "Dipplin": {"name": "Dipplin", "species": "Dipplin", "speciesId": "dipplin", "gender": "M", "shiny": false, "level": 88, "moves": ["recover", "dragonpulse", "suckerpunch", "gigadrain"], "ability": "Sticky Hold", "evs": {"hp": 85, "atk": 85, "def": 85, "spa": 85, "spd": 85, "spe": 85}, "ivs": {"hp": 31, "atk": 31, "def": 31, "spa": 31, "spd": 31, "spe": 31}, "item": "Eviolite", "teraType": "Steel", "role": "Bulky Attacker", "bvs": {"hp": 80, "atk": 80, "def": 110, "spa": 95, "spd": 80, "spe": 40}, "stats": {"hp": 284, "atk": 191, "def": 244, "spa": 217, "spd": 191, "spe": 121}, "types": ["Grass", "Dragon"]}, "Gyarados": {"name": "Gyarados", "species": "Gyarados", "speciesId": "gyarados", "gender": "M", "shiny": false, "level": 79, "moves": ["stoneedge", "waterfall", "earthquake", "dragondance"], "ability": "Intimidate", "evs": {"hp": 85, "atk": 85, "def": 85, "spa": 85, "spd": 85, "spe": 85}, "ivs": {"hp": 31, "atk": 31, "def": 31, "spa": 31, "spd": 31, "spe": 31}, "item": "Heavy-Duty Boots", "teraType": "Ground", "role": "Setup Sweeper", "bvs": {"hp": 95, "atk": 125, "def": 79, "spa": 60, "spd": 100, "spe": 81}, "stats": {"hp": 280, "atk": 243, "def": 170, "spa": 140, "spd": 204, "spe": 174}, "types": ["Water", "Flying"]}, "Mewtwo": {"name": "Mewtwo", "species": "Mewtwo", "speciesId": "mewtwo", "gender": "N", "shiny": false, "level": 72, "moves": ["fireblast", "recover", "psystrike", "nastyplot"], "ability": "Unnerve", "evs": {"hp": 85, "atk": 0, "def": 85, "spa": 85, "spd": 85, "spe": 85}, "ivs": {"hp": 31, "atk": 0, "def": 31, "spa": 31, "spd": 31, "spe": 31}, "item": "Life Orb", "teraType": "Fire", "role": "Setup Sweeper", "bvs": {"hp": 106, "atk": 110, "def": 90, "spa": 154, "spd": 90, "spe": 130}, "stats": {"hp": 272, "atk": 163, "def": 172, "spa": 264, "spd": 172, "spe": 229}, "types": ["Psychic"]}, "Donphan": {"name": "Donphan", "species": "Donphan", "speciesId": "donphan", "gender": "M", "shiny": false, "level": 84, "moves": ["rapidspin", "icespinner", "stealthrock", "earthquake"], "ability": "Sturdy", "evs": {"hp": 85, "atk": 85, "def": 85, "spa": 85, "spd": 85, "spe": 85}, "ivs": {"hp": 31, "atk": 31, "def": 31, "spa": 31, "spd": 31, "spe": 31}, "item": "Leftovers", "teraType": "Water", "role": "Bulky Support", "bvs": {"hp": 90, "atk": 120, "def": 120, "spa": 60, "spd": 60, "spe": 50}, "stats": {"hp": 288, "atk": 250, "def": 250, "spa": 149, "spd": 149, "spe": 132}, "types": ["Ground"]}, "Orthworm": {"name": "Orthworm", "species": "Orthworm", "speciesId": "orthworm", "gender": "F", "shiny": false, "level": 88, "moves": ["shedtail", "spikes", "bodypress", "heavyslam"], "ability": "Earth Eater", "evs": {"hp": 85, "atk": 85, "def": 85, "spa": 85, "spd": 85, "spe": 85}, "ivs": {"hp": 31, "atk": 31, "def": 31, "spa": 31, "spd": 31, "spe": 31}, "item": "Leftovers", "teraType": "Electric", "role": "Bulky Attacker", "bvs": {"hp": 70, "atk": 85, "def": 145, "spa": 60, "spd": 55, "spe": 65}, "stats": {"hp": 266, "atk": 200, "def": 305, "spa": 156, "spd": 147, "spe": 165}, "types": ["Steel"]}}, {"Ariados": {"name": "Ariados", "species": "Ariados", "speciesId": "ariados", "gender": "M", "shiny": false, "level": 95, "moves": ["megahorn", "knockoff", "stickyweb", "poisonjab"], "ability": "Insomnia", "evs": {"hp": 85, "atk": 85, "def": 85, "spa": 85, "spd": 85, "spe": 85}, "ivs": {"hp": 31, "atk": 31, "def": 31, "spa": 31, "spd": 31, "spe": 31}, "item": "Focus Sash", "teraType": "Ghost", "role": "Fast Support", "bvs": {"hp": 70, "atk": 90, "def": 70, "spa": 60, "spd": 70, "spe": 40}, "stats": {"hp": 287, "atk": 225, "def": 187, "spa": 168, "spd": 187, "spe": 130}, "types": ["Bug", "Poison"]}, "Iron Jugulis": {"name": "Iron Jugulis", "species": "Iron Jugulis", "speciesId": "ironjugulis", "gender": "N", "shiny": false, "level": 77, "moves": ["hurricane", "darkpulse", "fireblast", "earthpower"], "ability": "Quark Drive", "evs": {"hp": 85, "atk": 0, "def": 85, "spa": 85, "spd": 85, "spe": 85}, "ivs": {"hp": 31, "atk": 0, "def": 31, "spa": 31, "spd": 31, "spe": 31}, "item": "Choice Specs", "teraType": "Dark", "role": "Wallbreaker", "bvs": {"hp": 94, "atk": 80, "def": 86, "spa": 122, "spd": 80, "spe": 108}, "stats": {"hp": 271, "atk": 128, "def": 177, "spa": 232, "spd": 168, "spe": 211}, "types": ["Dark", "Flying"]}, "Orthworm": {"name": "Orthworm", "species": "Orthworm", "speciesId": "orthworm", "gender": "F", "shiny": false, "level": 88, "moves": ["bodypress", "coil", "irontail", "rest"], "ability": "Earth Eater", "evs": {"hp": 85, "atk": 85, "def": 85, "spa": 85, "spd": 85, "spe": 85}, "ivs": {"hp": 31, "atk": 31, "def": 31, "spa": 31, "spd": 31, "spe": 31}, "item": "Chesto Berry", "teraType": "Fighting", "role": "Bulky Setup", "bvs": {"hp": 70, "atk": 85, "def": 145, "spa": 60, "spd": 55, "spe": 65}, "stats": {"hp": 266, "atk": 200, "def": 305, "spa": 156, "spd": 147, "spe": 165}, "types": ["Steel"]}, "Floatzel": {"name": "Floatzel", "species": "Floatzel", "speciesId": "floatzel", "gender": "M", "shiny": false, "level": 86, "moves": ["icespinner", "wavecrash", "flipturn", "crunch"], "ability": "Water Veil", "evs": {"hp": 85, "atk": 85, "def": 85, "spa": 85, "spd": 85, "spe": 85}, "ivs": {"hp": 31, "atk": 31, "def": 31, "spa": 31, "spd": 31, "spe": 31}, "item": "Choice Band", "teraType": "Water", "role": "Wallbreaker", "bvs": {"hp": 85, "atk": 105, "def": 55, "spa": 85, "spd": 50, "spe": 115}, "stats": {"hp": 286, "atk": 230, "def": 144, "spa": 195, "spd": 135, "spe": 247}, "types": ["Water"]}, "Primarina": {"name": "Primarina", "species": "Primarina", "speciesId": "primarina", "gender": "F", "shiny": false, "level": 83, "moves": ["drainingkiss", "psychicnoise", "calmmind", "moonblast"], "ability": "Liquid Voice", "evs": {"hp": 85, "atk": 0, "def": 85, "spa": 85, "spd": 85, "spe": 85}, "ivs": {"hp": 31, "atk": 0, "def": 31, "spa": 31, "spd": 31, "spe": 31}, "item": "Leftovers", "teraType": "Poison", "role": "Bulky Setup", "bvs": {"hp": 80, "atk": 74, "def": 74, "spa": 126, "spd": 116, "spe": 60}, "stats": {"hp": 268, "atk": 127, "def": 171, "spa": 257, "spd": 240, "spe": 147}, "types": ["Water", "Fairy"]}, "Duraludon": {"name": "Duraludon", "species": "Duraludon", "speciesId": "duraludon", "gender": "M", "shiny": false, "level": 82, "moves": ["thunderwave", "bodypress", "flashcannon", "dracometeor"], "ability": "Light Metal", "evs": {"hp": 85, "atk": 0, "def": 85, "spa": 85, "spd": 85, "spe": 85}, "ivs": {"hp": 31, "atk": 0, "def": 31, "spa": 31, "spd": 31, "spe": 31}, "item": "Eviolite", "teraType": "Fighting", "role": "Bulky Attacker", "bvs": {"hp": 70, "atk": 95, "def": 115, "spa": 120, "spd": 50, "spe": 85}, "stats": {"hp": 249, "atk": 160, "def": 236, "spa": 244, "spd": 129, "spe": 187}, "types": ["Steel", "Dragon"]}}]}