{"id": "gen9randombattle-2641682981", "format": "[Gen 9] Random Battle", "players": ["Alpha Tw", "Oblivion-celestial"], "log": "|j|\u2606Alpha Tw\n|j|\u2606Oblivion-celestial\n|t:|1782829328\n|gametype|singles\n|player|p1|Alpha Tw|n|2121\n|player|p2|Oblivion-celestial|102|2062\n|gen|9\n|tier|[Gen 9] Random Battle\n|rated|\n|rule|Species Clause: Limit one of each Pok\u00e9mon\n|rule|HP Percentage Mod: HP is shown in percentages\n|rule|Sleep Clause Mod: Limit one foe put to sleep\n|rule|Illusion Level Mod: Illusion disguises the Pok\u00e9mon's true level\n|\n|t:|1782829328\n|teamsize|p1|6\n|teamsize|p2|6\n|start\n|switch|p1a: Lumineon|Lumineon, L93, F|279/279\n|switch|p2a: Bisharp|Bisharp, L79, F|232/232\n|turn|1\n|inactive|Battle timer is ON: inactive players will automatically lose when time's up. (requested by Oblivion-celestial)\n|\n|t:|1782829355\n|switch|p2a: Vileplume|Vileplume, L85, M|266/266\n|move|p1a: Lumineon|Hydro Pump|p2a: Vileplume\n|-resisted|p2a: Vileplume\n|-damage|p2a: Vileplume|216/266\n|\n|-heal|p2a: Vileplume|232/266|[from] item: Leftovers\n|upkeep\n|turn|2\n|\n|t:|1782829366\n|move|p1a: Lumineon|Ice Beam|p2a: Vileplume\n|-supereffective|p2a: Vileplume\n|-damage|p2a: Vileplume|108/266\n|-status|p2a: Vileplume|frz\n|-curestatus|p2a: Vileplume|frz|[msg]\n|move|p2a: Vileplume|Sleep Powder|p1a: Lumineon\n|-status|p1a: Lumineon|slp|[from] move: Sleep Powder\n|\n|-heal|p2a: Vileplume|124/266|[from] item: Leftovers\n|upkeep\n|turn|3\n|\n|t:|1782829375\n|switch|p1a: Ceruledge|Ceruledge, L78, M|245/245\n|move|p2a: Vileplume|Giga Drain|p1a: Ceruledge\n|-resisted|p1a: Ceruledge\n|-damage|p1a: Ceruledge|201/245\n|-heal|p2a: Vileplume|146/266|[from] drain|[of] p1a: Ceruledge\n|\n|-heal|p2a: Vileplume|162/266|[from] item: Leftovers\n|upkeep\n|turn|4\n|\n|t:|1782829384\n|switch|p2a: Muk|Muk-Alola, L82, F|306/306\n|move|p1a: Ceruledge|Swords Dance|p1a: Ceruledge\n|-boost|p1a: Ceruledge|atk|2\n|\n|upkeep\n|turn|5\n|\n|t:|1782829391\n|move|p1a: Ceruledge|Bitter Blade|p2a: Muk\n|-damage|p2a: Muk|81/306\n|-heal|p1a: Ceruledge|245/245|[from] drain|[of] p2a: Muk\n|move|p2a: Muk|Knock Off|p1a: Ceruledge\n|-supereffective|p1a: Ceruledge\n|-damage|p1a: Ceruledge|11/245\n|-ability|p1a: Ceruledge|Weak Armor|boost\n|-unboost|p1a: Ceruledge|def|1\n|-boost|p1a: Ceruledge|spe|2\n|-status|p1a: Ceruledge|psn|[from] ability: Poison Touch|[of] p2a: Muk\n|-enditem|p1a: Ceruledge|Heavy-Duty Boots|[from] move: Knock Off|[of] p2a: Muk\n|\n|-damage|p1a: Ceruledge|0 fnt|[from] psn\n|faint|p1a: Ceruledge\n|upkeep\n|\n|t:|1782829403\n|switch|p1a: Samurott|Samurott, L88, M|310/310\n|turn|6\n|\n|t:|1782829410\n|switch|p2a: Vileplume|Vileplume, L85, M|162/266\n|move|p1a: Samurott|Swords Dance|p1a: Samurott\n|-boost|p1a: Samurott|atk|2\n|\n|-heal|p2a: Vileplume|178/266|[from] item: Leftovers\n|upkeep\n|turn|7\n|\n|t:|1782829416\n|move|p1a: Samurott|Swords Dance|p1a: Samurott\n|-boost|p1a: Samurott|atk|2\n|move|p2a: Vileplume|Strength Sap|p1a: Samurott\n|-unboost|p1a: Samurott|atk|1\n|-heal|p2a: Vileplume|266/266\n|\n|upkeep\n|turn|8\n|\n|t:|1782829418\n|move|p1a: Samurott|Megahorn|p2a: Vileplume\n|-damage|p2a: Vileplume|0 fnt\n|-status|p1a: Samurott|psn|[from] ability: Effect Spore|[of] p2a: Vileplume\n|faint|p2a: Vileplume\n|-damage|p1a: Samurott|279/310 psn|[from] item: Life Orb\n|\n|-damage|p1a: Samurott|241/310 psn|[from] psn\n|upkeep\n|\n|t:|1782829425\n|switch|p2a: Articuno|Articuno, L86|295/295\n|-ability|p2a: Articuno|Pressure\n|turn|9\n|\n|t:|1782829428\n|move|p2a: Articuno|Freeze-Dry|p1a: Samurott\n|-supereffective|p1a: Samurott\n|-damage|p1a: Samurott|61/310 psn\n|move|p1a: Samurott|Liquidation|p2a: Articuno\n|-damage|p2a: Articuno|0 fnt\n|faint|p2a: Articuno\n|-damage|p1a: Samurott|30/310 psn|[from] item: Life Orb\n|\n|-damage|p1a: Samurott|0 fnt|[from] psn\n|faint|p1a: Samurott\n|upkeep\n|\n|t:|1782829436\n|switch|p2a: Muk|Muk-Alola, L82, F|81/306\n|switch|p1a: Eternatus|Eternatus, L69|308/308\n|-ability|p1a: Eternatus|Pressure\n|turn|10\n|\n|t:|1782829445\n|move|p1a: Eternatus|Meteor Beam||[still]\n|-prepare|p1a: Eternatus|Meteor Beam\n|-boost|p1a: Eternatus|spa|1\n|-enditem|p1a: Eternatus|Power Herb\n|-anim|p1a: Eternatus|Meteor Beam|p2a: Muk\n|-damage|p2a: Muk|4/306\n|move|p2a: Muk|Knock Off|p1a: Eternatus\n|-damage|p1a: Eternatus|235/308\n|\n|upkeep\n|turn|11\n|\n|t:|1782829451\n|move|p1a: Eternatus|Sludge Bomb|p2a: Muk\n|-resisted|p2a: Muk\n|-crit|p2a: Muk\n|-damage|p2a: Muk|0 fnt\n|faint|p2a: Muk\n|\n|upkeep\n|\n|t:|1782829454\n|switch|p2a: Slowking|Slowking, L88, M|310/310\n|turn|12\n|\n|t:|1782829457\n|move|p1a: Eternatus|Sludge Bomb|p2a: Slowking\n|-damage|p2a: Slowking|202/310\n|move|p2a: Slowking|Psyshock|p1a: Eternatus\n|-supereffective|p1a: Eternatus\n|-crit|p1a: Eternatus\n|-damage|p1a: Eternatus|0 fnt\n|faint|p1a: Eternatus\n|\n|upkeep\n|\n|t:|1782829460\n|switch|p1a: Darkrai|Darkrai, L77|234/234\n|turn|13\n|\n|t:|1782829466\n|switch|p2a: Bisharp|Bisharp, L79, F|232/232\n|move|p1a: Darkrai|Nasty Plot|p1a: Darkrai\n|-boost|p1a: Darkrai|spa|2\n|\n|upkeep\n|turn|14\n|\n|t:|1782829474\n|move|p1a: Darkrai|Dark Pulse|p2a: Bisharp\n|-resisted|p2a: Bisharp\n|-damage|p2a: Bisharp|161/232\n|move|p2a: Bisharp|Iron Head|p1a: Darkrai\n|-damage|p1a: Darkrai|138/234\n|\n|-heal|p1a: Darkrai|152/234|[from] item: Leftovers\n|upkeep\n|turn|15\n|\n|t:|1782829481\n|move|p1a: Darkrai|Dark Pulse|p2a: Bisharp\n|-resisted|p2a: Bisharp\n|-damage|p2a: Bisharp|86/232\n|move|p2a: Bisharp|Iron Head|p1a: Darkrai\n|-damage|p1a: Darkrai|56/234\n|\n|-heal|p1a: Darkrai|70/234|[from] item: Leftovers\n|upkeep\n|turn|16\n|\n|t:|1782829487\n|move|p1a: Darkrai|Substitute|p1a: Darkrai\n|-start|p1a: Darkrai|Substitute\n|-damage|p1a: Darkrai|12/234\n|move|p2a: Bisharp|Iron Head|p1a: Darkrai\n|-end|p1a: Darkrai|Substitute\n|\n|-heal|p1a: Darkrai|26/234|[from] item: Leftovers\n|upkeep\n|turn|17\n|\n|t:|1782829494\n|move|p2a: Bisharp|Sucker Punch||[still]\n|-fail|p2a: Bisharp\n|move|p1a: Darkrai|Nasty Plot|p1a: Darkrai\n|-boost|p1a: Darkrai|spa|2\n|\n|-heal|p1a: Darkrai|40/234|[from] item: Leftovers\n|upkeep\n|turn|18\n|\n|t:|1782829497\n|move|p1a: Darkrai|Nasty Plot|p1a: Darkrai\n|-boost|p1a: Darkrai|spa|2\n|move|p2a: Bisharp|Iron Head|p1a: Darkrai\n|-damage|p1a: Darkrai|0 fnt\n|faint|p1a: Darkrai\n|\n|upkeep\n|\n|t:|1782829502\n|switch|p1a: Lumineon|Lumineon, L93, F|279/279 slp\n|turn|19\n|\n|t:|1782829506\n|cant|p1a: Lumineon|slp\n|move|p2a: Bisharp|Throat Chop|p1a: Lumineon\n|-damage|p1a: Lumineon|182/279 slp\n|-start|p1a: Lumineon|Throat Chop|[silent]\n|\n|upkeep\n|turn|20\n|\n|t:|1782829508\n|cant|p1a: Lumineon|slp\n|move|p2a: Bisharp|Throat Chop|p1a: Lumineon\n|-damage|p1a: Lumineon|95/279 slp\n|\n|-end|p1a: Lumineon|Throat Chop|[silent]\n|upkeep\n|turn|21\n|\n|t:|1782829513\n|cant|p1a: Lumineon|slp\n|move|p2a: Bisharp|Throat Chop|p1a: Lumineon\n|-damage|p1a: Lumineon|0 fnt\n|faint|p1a: Lumineon\n|\n|upkeep\n|l|\u2606Alpha Tw\n|inactive|Alpha Tw disconnected and has a minute to reconnect!\n|player|p1|\n|j|\u2606Alpha Tw\n|inactive|Alpha Tw reconnected and has 125 seconds left.\n|player|p1|Alpha Tw|n|\n|\n|t:|1782829541\n|switch|p1a: Metagross|Metagross, L79|256/256\n|turn|22\n|\n|t:|1782829549\n|-terastallize|p1a: Metagross|Water\n|move|p2a: Bisharp|Throat Chop|p1a: Metagross\n|-damage|p1a: Metagross|189/256\n|-start|p1a: Metagross|Throat Chop|[silent]\n|move|p1a: Metagross|Earthquake|p2a: Bisharp\n|-supereffective|p2a: Bisharp\n|-damage|p2a: Bisharp|0 fnt\n|faint|p2a: Bisharp\n|\n|upkeep\n|\n|t:|1782829554\n|switch|p2a: Slowking|Slowking, L88, M|305/310\n|turn|23\n|\n|t:|1782829560\n|move|p1a: Metagross|Earthquake|p2a: Slowking\n|-damage|p2a: Slowking|179/310\n|move|p2a: Slowking|Slack Off|p2a: Slowking\n|-heal|p2a: Slowking|310/310\n|\n|-end|p1a: Metagross|Throat Chop|[silent]\n|upkeep\n|turn|24\n|\n|t:|1782829565\n|move|p1a: Metagross|Earthquake|p2a: Slowking\n|-damage|p2a: Slowking|179/310\n|move|p2a: Slowking|Scald|p1a: Metagross\n|-resisted|p1a: Metagross\n|-damage|p1a: Metagross|141/256\n|\n|upkeep\n|turn|25\n|\n|t:|1782829572\n|move|p1a: Metagross|Earthquake|p2a: Slowking\n|-damage|p2a: Slowking|57/310\n|move|p2a: Slowking|Slack Off|p2a: Slowking\n|-heal|p2a: Slowking|212/310\n|\n|upkeep\n|turn|26\n|\n|t:|1782829574\n|move|p1a: Metagross|Earthquake|p2a: Slowking\n|-damage|p2a: Slowking|81/310\n|move|p2a: Slowking|Slack Off|p2a: Slowking\n|-heal|p2a: Slowking|236/310\n|\n|upkeep\n|turn|27\n|\n|t:|1782829577\n|move|p1a: Metagross|Earthquake|p2a: Slowking\n|-damage|p2a: Slowking|113/310\n|move|p2a: Slowking|Psyshock|p1a: Metagross\n|-damage|p1a: Metagross|71/256\n|\n|upkeep\n|turn|28\n|\n|t:|1782829581\n|switch|p2a: Dachsbun|Dachsbun, L92, F|254/254\n|move|p1a: Metagross|Earthquake|p2a: Dachsbun\n|-damage|p2a: Dachsbun|157/254\n|\n|-heal|p2a: Dachsbun|172/254|[from] item: Leftovers\n|upkeep\n|turn|29\n|-message|Alpha Tw forfeited.\n|\n|win|Oblivion-celestial\n", "inputlog": ">version f8ac14003a5f27e1bdc8d8c59608a773c1cb96e5\n>start {\"formatid\":\"gen9randombattle\",\"seed\":\"sodium,5f1b32d05e1b8957f8f0963aaffb1e8c\",\"rated\":\"Rated battle\"}\n>player p1 {\"name\":\"Alpha Tw\",\"avatar\":\"n\",\"rating\":2121,\"seed\":\"sodium,584bde2ce8a888361eeafe59975cdaec\"}\n>player p2 {\"name\":\"Oblivion-celestial\",\"avatar\":\"102\",\"rating\":2062,\"seed\":\"sodium,22efebc4cd51537f86524263fd865cc1\"}\n>p1 move hydropump\n>p2 switch 2\n>p1 move icebeam\n>p2 move sleeppowder\n>p1 switch 6\n>p2 move gigadrain\n>p1 move swordsdance\n>p2 switch 3\n>p1 move bitterblade\n>p2 move knockoff\n>p1 switch 4\n>p1 move swordsdance\n>p2 switch 3\n>p1 move swordsdance\n>p2 move strengthsap\n>p1 move megahorn\n>p2 move gigadrain\n>p2 switch 4\n>p1 move liquidation\n>p2 move freezedry\n>p1 switch 2\n>p2 switch 3\n>p1 move meteorbeam\n>p2 move knockoff\n>p1 move sludgebomb\n>p2 move icepunch\n>p2 switch 5\n>p1 move sludgebomb\n>p2 move psyshock\n>p1 switch 5\n>p1 move nastyplot\n>p2 switch 2\n>p1 move darkpulse\n>p2 move ironhead\n>p1 move darkpulse\n>p2 move ironhead\n>p1 move substitute\n>p2 move ironhead\n>p1 move nastyplot\n>p2 move suckerpunch\n>p1 move nastyplot\n>p2 move ironhead\n>p1 switch 6\n>p1 move hydropump\n>p2 move throatchop\n>p1 move hydropump\n>p2 move throatchop\n>p1 move hydropump\n>p2 move throatchop\n>p1 switch 3\n>p1 move earthquake terastallize\n>p2 move throatchop\n>p2 switch 2\n>p1 move earthquake\n>p2 move slackoff\n>p1 move earthquake\n>p2 move scald\n>p1 move earthquake\n>p2 move slackoff\n>p1 move earthquake\n>p2 move slackoff\n>p1 move earthquake\n>p2 move psyshock\n>p1 move earthquake\n>p2 switch 6\n>forcelose p1", "uploadtime": 1782829329, "views": 5, "formatid": "gen9randombattle", "rating": null, "private": 0, "password": null, "player_dets": [{"name": "Alpha Tw", "avatar": "n", "rating": 2121, "seed": "sodium,584bde2ce8a888361eeafe59975cdaec"}, {"name": "Oblivion-celestial", "avatar": "102", "rating": 2062, "seed": "sodium,22efebc4cd51537f86524263fd865cc1"}], "teams_full": [{"Lumineon": {"name": "Lumineon", "species": "Lumineon", "speciesId": "lumineon", "gender": "F", "shiny": false, "level": 93, "moves": ["icebeam", "uturn", "hydropump", "encore"], "ability": "Storm Drain", "evs": {"hp": 85, "atk": 85, "def": 85, "spa": 85, "spd": 85, "spe": 85}, "ivs": {"hp": 31, "atk": 31, "def": 31, "spa": 31, "spd": 31, "spe": 31}, "item": "Heavy-Duty Boots", "teraType": "Ground", "role": "Fast Support", "bvs": {"hp": 69, "atk": 69, "def": 76, "spa": 69, "spd": 86, "spe": 91}, "stats": {"hp": 279, "atk": 181, "def": 194, "spa": 181, "spd": 213, "spe": 222}, "types": ["Water"]}, "Eternatus": {"name": "Eternatus", "species": "Eternatus", "speciesId": "eternatus", "gender": "N", "shiny": false, "level": 69, "moves": ["meteorbeam", "dynamaxcannon", "sludgebomb", "fireblast"], "ability": "Pressure", "evs": {"hp": 85, "atk": 0, "def": 85, "spa": 85, "spd": 85, "spe": 85}, "ivs": {"hp": 31, "atk": 0, "def": 31, "spa": 31, "spd": 31, "spe": 31}, "item": "Power Herb", "teraType": "Dragon", "role": "Setup Sweeper", "bvs": {"hp": 140, "atk": 85, "def": 95, "spa": 145, "spd": 95, "spe": 130}, "stats": {"hp": 308, "atk": 122, "def": 171, "spa": 240, "spd": 171, "spe": 220}, "types": ["Poison", "Dragon"]}, "Metagross": {"name": "Metagross", "species": "Metagross", "speciesId": "metagross", "gender": "N", "shiny": false, "level": 79, "moves": ["earthquake", "heavyslam", "bulletpunch", "psychicfangs"], "ability": "Clear Body", "evs": {"hp": 85, "atk": 85, "def": 85, "spa": 85, "spd": 85, "spe": 85}, "ivs": {"hp": 31, "atk": 31, "def": 31, "spa": 31, "spd": 31, "spe": 31}, "item": "Choice Band", "teraType": "Water", "role": "Bulky Support", "bvs": {"hp": 80, "atk": 135, "def": 130, "spa": 95, "spd": 90, "spe": 70}, "stats": {"hp": 256, "atk": 259, "def": 251, "spa": 196, "spd": 188, "spe": 156}, "types": ["Steel", "Psychic"]}, "Samurott": {"name": "Samurott", "species": "Samurott", "speciesId": "samurott", "gender": "M", "shiny": false, "level": 88, "moves": ["swordsdance", "megahorn", "liquidation", "sacredsword"], "ability": "Torrent", "evs": {"hp": 85, "atk": 85, "def": 85, "spa": 85, "spd": 85, "spe": 85}, "ivs": {"hp": 31, "atk": 31, "def": 31, "spa": 31, "spd": 31, "spe": 31}, "item": "Life Orb", "teraType": "Water", "role": "Setup Sweeper", "bvs": {"hp": 95, "atk": 100, "def": 85, "spa": 108, "spd": 70, "spe": 70}, "stats": {"hp": 310, "atk": 226, "def": 200, "spa": 240, "spd": 173, "spe": 173}, "types": ["Water"]}, "Darkrai": {"name": "Darkrai", "species": "Darkrai", "speciesId": "darkrai", "gender": "N", "shiny": false, "level": 77, "moves": ["substitute", "nastyplot", "sludgebomb", "darkpulse"], "ability": "Bad Dreams", "evs": {"hp": 85, "atk": 0, "def": 85, "spa": 85, "spd": 85, "spe": 85}, "ivs": {"hp": 31, "atk": 0, "def": 31, "spa": 31, "spd": 31, "spe": 31}, "item": "Leftovers", "teraType": "Poison", "role": "Setup Sweeper", "bvs": {"hp": 70, "atk": 90, "def": 90, "spa": 135, "spd": 90, "spe": 125}, "stats": {"hp": 234, "atk": 143, "def": 183, "spa": 252, "spd": 183, "spe": 237}, "types": ["Dark"]}, "Ceruledge": {"name": "Ceruledge", "species": "Ceruledge", "speciesId": "ceruledge", "gender": "M", "shiny": false, "level": 78, "moves": ["bitterblade", "shadowsneak", "swordsdance", "poltergeist"], "ability": "Weak Armor", "evs": {"hp": 85, "atk": 85, "def": 85, "spa": 85, "spd": 85, "spe": 85}, "ivs": {"hp": 31, "atk": 31, "def": 31, "spa": 31, "spd": 31, "spe": 31}, "item": "Heavy-Duty Boots", "teraType": "Ghost", "role": "Setup Sweeper", "bvs": {"hp": 75, "atk": 125, "def": 80, "spa": 60, "spd": 100, "spe": 85}, "stats": {"hp": 245, "atk": 240, "def": 170, "spa": 139, "spd": 201, "spe": 178}, "types": ["Fire", "Ghost"]}}, {"Bisharp": {"name": "Bisharp", "species": "Bisharp", "speciesId": "bisharp", "gender": "F", "shiny": false, "level": 79, "moves": ["ironhead", "suckerpunch", "swordsdance", "throatchop"], "ability": "Defiant", "evs": {"hp": 85, "atk": 85, "def": 85, "spa": 85, "spd": 85, "spe": 85}, "ivs": {"hp": 31, "atk": 31, "def": 31, "spa": 31, "spd": 31, "spe": 31}, "item": "Eviolite", "teraType": "Flying", "role": "Bulky Attacker", "bvs": {"hp": 65, "atk": 125, "def": 100, "spa": 60, "spd": 70, "spe": 70}, "stats": {"hp": 232, "atk": 243, "def": 204, "spa": 140, "spd": 156, "spe": 156}, "types": ["Dark", "Steel"]}, "Vileplume": {"name": "Vileplume", "species": "Vileplume", "speciesId": "vileplume", "gender": "M", "shiny": false, "level": 85, "moves": ["gigadrain", "sludgebomb", "sleeppowder", "strengthsap"], "ability": "Effect Spore", "evs": {"hp": 85, "atk": 0, "def": 85, "spa": 85, "spd": 85, "spe": 85}, "ivs": {"hp": 31, "atk": 0, "def": 31, "spa": 31, "spd": 31, "spe": 31}, "item": "Leftovers", "teraType": "Steel", "role": "Bulky Attacker", "bvs": {"hp": 75, "atk": 80, "def": 85, "spa": 110, "spd": 90, "spe": 50}, "stats": {"hp": 266, "atk": 141, "def": 193, "spa": 236, "spd": 202, "spe": 134}, "types": ["Grass", "Poison"]}, "Muk": {"name": "Muk", "species": "Muk-Alola", "speciesId": "mukalola", "gender": "F", "shiny": false, "level": 82, "moves": ["icepunch", "drainpunch", "poisonjab", "knockoff"], "ability": "Poison Touch", "evs": {"hp": 85, "atk": 85, "def": 85, "spa": 85, "spd": 85, "spe": 85}, "ivs": {"hp": 31, "atk": 31, "def": 31, "spa": 31, "spd": 31, "spe": 31}, "item": "Assault Vest", "teraType": "Fighting", "role": "AV Pivot", "bvs": {"hp": 105, "atk": 105, "def": 75, "spa": 65, "spd": 100, "spe": 50}, "stats": {"hp": 306, "atk": 219, "def": 170, "spa": 154, "spd": 211, "spe": 129}, "types": ["Poison", "Dark"]}, "Articuno": {"name": "Articuno", "species": "Articuno", "speciesId": "articuno", "gender": "N", "shiny": false, "level": 86, "moves": ["roost", "bravebird", "substitute", "freezedry"], "ability": "Pressure", "evs": {"hp": 85, "atk": 85, "def": 85, "spa": 85, "spd": 85, "spe": 85}, "ivs": {"hp": 31, "atk": 31, "def": 31, "spa": 31, "spd": 31, "spe": 31}, "item": "Heavy-Duty Boots", "teraType": "Ground", "role": "Bulky Support", "bvs": {"hp": 90, "atk": 85, "def": 100, "spa": 95, "spd": 125, "spe": 85}, "stats": {"hp": 295, "atk": 195, "def": 221, "spa": 213, "spd": 264, "spe": 195}, "types": ["Ice", "Flying"]}, "Slowking": {"name": "Slowking", "species": "Slowking", "speciesId": "slowking", "gender": "M", "shiny": false, "level": 88, "moves": ["psyshock", "chillyreception", "scald", "slackoff"], "ability": "Regenerator", "evs": {"hp": 85, "atk": 0, "def": 85, "spa": 85, "spd": 85, "spe": 85}, "ivs": {"hp": 31, "atk": 0, "def": 31, "spa": 31, "spd": 31, "spe": 31}, "item": "Heavy-Duty Boots", "teraType": "Dragon", "role": "Bulky Attacker", "bvs": {"hp": 95, "atk": 75, "def": 80, "spa": 100, "spd": 110, "spe": 30}, "stats": {"hp": 310, "atk": 137, "def": 191, "spa": 226, "spd": 244, "spe": 103}, "types": ["Water", "Psychic"]}, "Dachsbun": {"name": "Dachsbun", "species": "Dachsbun", "speciesId": "dachsbun", "gender": "F", "shiny": false, "level": 92, "moves": ["playrough", "bodypress", "protect", "wish"], "ability": "Well-Baked Body", "evs": {"hp": 85, "atk": 85, "def": 85, "spa": 85, "spd": 85, "spe": 85}, "ivs": {"hp": 31, "atk": 31, "def": 31, "spa": 31, "spd": 31, "spe": 31}, "item": "Leftovers", "teraType": "Steel", "role": "Bulky Support", "bvs": {"hp": 57, "atk": 80, "def": 115, "spa": 50, "spd": 80, "spe": 95}, "stats": {"hp": 254, "atk": 200, "def": 264, "spa": 144, "spd": 200, "spe": 227}, "types": ["Fairy"]}}]}