{"id": "gen9randombattle-2641477562", "format": "[Gen 9] Random Battle", "players": ["Fezandipshi", "pocketmuensters"], "log": "|j|\u2606Fezandipshi\n|j|\u2606pocketmuensters\n|t:|1782791033\n|gametype|singles\n|player|p1|Fezandipshi|bellelba|2013\n|player|p2|pocketmuensters|2|2000\n|gen|9\n|tier|[Gen 9] Random Battle\n|rated|\n|rule|Species Clause: Limit one of each Pok\u00e9mon\n|rule|HP Percentage Mod: HP is shown in percentages\n|rule|Sleep Clause Mod: Limit one foe put to sleep\n|rule|Illusion Level Mod: Illusion disguises the Pok\u00e9mon's true level\n|\n|t:|1782791033\n|teamsize|p1|6\n|teamsize|p2|6\n|start\n|switch|p1a: Scizor|Scizor, L79, M|240/240\n|switch|p2a: Glimmora|Glimmora, L75, F|248/248\n|turn|1\n|\n|t:|1782791045\n|move|p2a: Glimmora|Meteor Beam||[still]\n|-prepare|p2a: Glimmora|Meteor Beam\n|-boost|p2a: Glimmora|spa|1\n|-enditem|p2a: Glimmora|Power Herb\n|-anim|p2a: Glimmora|Meteor Beam|p1a: Scizor\n|-crit|p1a: Scizor\n|-damage|p1a: Scizor|0 fnt\n|faint|p1a: Scizor\n|\n|upkeep\n|\n|t:|1782791050\n|switch|p1a: Hydreigon|Hydreigon, L79, F|275/275\n|turn|2\n|\n|t:|1782791056\n|move|p1a: Hydreigon|Draco Meteor|p2a: Glimmora\n|-damage|p2a: Glimmora|0 fnt\n|-unboost|p1a: Hydreigon|spa|2\n|faint|p2a: Glimmora\n|\n|upkeep\n|\n|t:|1782791075\n|switch|p2a: Brute Bonnet|Brute Bonnet, L80|309/309\n|turn|3\n|\n|t:|1782791080\n|switch|p1a: Lokix|Lokix, L82, M|251/251\n|move|p2a: Brute Bonnet|Spore|p1a: Lokix\n|-status|p1a: Lokix|slp|[from] move: Spore\n|\n|upkeep\n|turn|4\n|inactive|Battle timer is ON: inactive players will automatically lose when time's up. (requested by pocketmuensters)\n|\n|t:|1782791088\n|switch|p1a: Garchomp|Garchomp, L74, M|282/282\n|-end|p2a: Brute Bonnet|Protosynthesis|[silent]\n|switch|p2a: Luxray|Luxray, L88, F|284/284\n|-ability|p2a: Luxray|Intimidate|boost\n|-unboost|p1a: Garchomp|atk|1\n|\n|upkeep\n|turn|5\n|\n|t:|1782791098\n|move|p2a: Luxray|Play Rough|p1a: Garchomp|[miss]\n|-miss|p2a: Luxray|p1a: Garchomp\n|move|p1a: Garchomp|Dragon Tail|p2a: Luxray\n|-damage|p2a: Luxray|241/284\n|drag|p2a: Brute Bonnet|Brute Bonnet, L80|309/309\n|\n|upkeep\n|turn|6\n|\n|t:|1782791105\n|move|p1a: Garchomp|Spikes|p2a: Brute Bonnet\n|-sidestart|p2: pocketmuensters|Spikes\n|move|p2a: Brute Bonnet|Seed Bomb|p1a: Garchomp\n|-damage|p1a: Garchomp|183/282\n|\n|upkeep\n|turn|7\n|\n|t:|1782791115\n|switch|p1a: Lokix|Lokix, L82, M|251/251 slp\n|move|p2a: Brute Bonnet|Seed Bomb|p1a: Lokix\n|-resisted|p1a: Lokix\n|-damage|p1a: Lokix|200/251 slp\n|\n|upkeep\n|turn|8\n|\n|t:|1782791122\n|-end|p2a: Brute Bonnet|Protosynthesis|[silent]\n|switch|p2a: Luxray|Luxray, L88, F|241/284\n|-damage|p2a: Luxray|206/284|[from] Spikes\n|-ability|p2a: Luxray|Intimidate|boost\n|-unboost|p1a: Lokix|atk|1\n|cant|p1a: Lokix|slp\n|\n|upkeep\n|turn|9\n|\n|t:|1782791130\n|switch|p1a: Iron Thorns|Iron Thorns, L83|302/302\n|move|p2a: Luxray|Play Rough|p1a: Iron Thorns\n|-damage|p1a: Iron Thorns|234/302\n|\n|upkeep\n|turn|10\n|\n|t:|1782791138\n|move|p2a: Luxray|Volt Switch|p1a: Iron Thorns\n|-resisted|p1a: Iron Thorns\n|-damage|p1a: Iron Thorns|189/302\n|\n|t:|1782791152\n|switch|p2a: Brute Bonnet|Brute Bonnet, L80|309/309|[from] Volt Switch\n|-damage|p2a: Brute Bonnet|271/309|[from] Spikes\n|move|p1a: Iron Thorns|Stealth Rock|p2a: Brute Bonnet\n|-sidestart|p2: pocketmuensters|move: Stealth Rock\n|\n|-heal|p2a: Brute Bonnet|290/309|[from] item: Leftovers\n|upkeep\n|turn|11\n|\n|t:|1782791167\n|move|p1a: Iron Thorns|Volt Switch|p2a: Brute Bonnet\n|-resisted|p2a: Brute Bonnet\n|-damage|p2a: Brute Bonnet|264/309\n|\n|t:|1782791169\n|-end|p1a: Iron Thorns|Quark Drive|[silent]\n|switch|p1a: Lokix|Lokix, L82, M|200/251 slp|[from] Volt Switch\n|move|p2a: Brute Bonnet|Crunch|p1a: Lokix\n|-resisted|p1a: Lokix\n|-damage|p1a: Lokix|150/251 slp\n|\n|-heal|p2a: Brute Bonnet|283/309|[from] item: Leftovers\n|upkeep\n|turn|12\n|\n|t:|1782791177\n|-end|p2a: Brute Bonnet|Protosynthesis|[silent]\n|switch|p2a: Luxray|Luxray, L88, F|206/284\n|-damage|p2a: Luxray|171/284|[from] Spikes\n|-damage|p2a: Luxray|136/284|[from] Stealth Rock\n|-ability|p2a: Luxray|Intimidate|boost\n|-unboost|p1a: Lokix|atk|1\n|-curestatus|p1a: Lokix|slp|[msg]\n|move|p1a: Lokix|Leech Life|p2a: Luxray\n|-crit|p2a: Luxray\n|-damage|p2a: Luxray|0 fnt\n|-heal|p1a: Lokix|218/251|[from] drain|[of] p2a: Luxray\n|faint|p2a: Luxray\n|-damage|p1a: Lokix|193/251|[from] item: Life Orb\n|\n|upkeep\n|\n|t:|1782791205\n|switch|p2a: Houndstone|Houndstone, L86, M|264/264\n|-damage|p2a: Houndstone|231/264|[from] Spikes\n|-damage|p2a: Houndstone|198/264|[from] Stealth Rock\n|turn|13\n|\n|t:|1782791216\n|switch|p1a: Iron Thorns|Iron Thorns, L83|189/302\n|move|p2a: Houndstone|Will-O-Wisp|p1a: Iron Thorns\n|-status|p1a: Iron Thorns|brn\n|\n|-heal|p2a: Houndstone|214/264|[from] item: Leftovers\n|-damage|p1a: Iron Thorns|171/302 brn|[from] brn\n|upkeep\n|turn|14\n|\n|t:|1782791225\n|move|p1a: Iron Thorns|Stone Edge|p2a: Houndstone|[miss]\n|-miss|p1a: Iron Thorns|p2a: Houndstone\n|move|p2a: Houndstone|Body Press|p1a: Iron Thorns\n|-supereffective|p1a: Iron Thorns\n|-damage|p1a: Iron Thorns|73/302 brn\n|\n|-heal|p2a: Houndstone|230/264|[from] item: Leftovers\n|-damage|p1a: Iron Thorns|55/302 brn|[from] brn\n|upkeep\n|turn|15\n|\n|t:|1782791236\n|move|p1a: Iron Thorns|Stone Edge|p2a: Houndstone\n|-damage|p2a: Houndstone|169/264\n|move|p2a: Houndstone|Body Press|p1a: Iron Thorns\n|-supereffective|p1a: Iron Thorns\n|-damage|p1a: Iron Thorns|0 fnt\n|faint|p1a: Iron Thorns\n|-end|p1a: Iron Thorns|Quark Drive|[silent]\n|\n|-heal|p2a: Houndstone|185/264|[from] item: Leftovers\n|upkeep\n|\n|t:|1782791239\n|switch|p1a: Hydreigon|Hydreigon, L79, F|275/275\n|turn|16\n|\n|t:|1782791247\n|switch|p2a: Brute Bonnet|Brute Bonnet, L80|283/309\n|-damage|p2a: Brute Bonnet|245/309|[from] Spikes\n|-damage|p2a: Brute Bonnet|207/309|[from] Stealth Rock\n|move|p1a: Hydreigon|Draco Meteor|p2a: Brute Bonnet\n|-damage|p2a: Brute Bonnet|0 fnt\n|-unboost|p1a: Hydreigon|spa|2\n|faint|p2a: Brute Bonnet\n|-end|p2a: Brute Bonnet|Protosynthesis|[silent]\n|\n|upkeep\n|\n|t:|1782791271\n|switch|p2a: Houndstone|Houndstone, L86, M|185/264\n|-damage|p2a: Houndstone|152/264|[from] Spikes\n|-damage|p2a: Houndstone|119/264|[from] Stealth Rock\n|turn|17\n|\n|t:|1782791276\n|move|p1a: Hydreigon|Draco Meteor|p2a: Houndstone|[miss]\n|-miss|p1a: Hydreigon|p2a: Houndstone\n|move|p2a: Houndstone|Will-O-Wisp|p1a: Hydreigon\n|-status|p1a: Hydreigon|brn\n|\n|-heal|p2a: Houndstone|135/264|[from] item: Leftovers\n|-damage|p1a: Hydreigon|258/275 brn|[from] brn\n|upkeep\n|turn|18\n|\n|t:|1782791285\n|move|p1a: Hydreigon|Draco Meteor|p2a: Houndstone\n|-damage|p2a: Houndstone|29/264\n|-unboost|p1a: Hydreigon|spa|2\n|move|p2a: Houndstone|Body Press|p1a: Hydreigon\n|-supereffective|p1a: Hydreigon\n|-damage|p1a: Hydreigon|134/275 brn\n|\n|-heal|p2a: Houndstone|45/264|[from] item: Leftovers\n|-damage|p1a: Hydreigon|117/275 brn|[from] brn\n|upkeep\n|turn|19\n|\n|t:|1782791304\n|switch|p1a: Garchomp|Garchomp, L74, M|183/282\n|move|p2a: Houndstone|Shadow Sneak|p1a: Garchomp\n|-damage|p1a: Garchomp|134/282\n|-damage|p2a: Houndstone|12/264|[from] ability: Rough Skin|[of] p1a: Garchomp\n|-damage|p2a: Houndstone|0 fnt|[from] item: Rocky Helmet|[of] p1a: Garchomp\n|faint|p2a: Houndstone\n|\n|upkeep\n|\n|t:|1782791315\n|switch|p2a: Inteleon|Inteleon, L81, F|246/246\n|-damage|p2a: Inteleon|216/246|[from] Spikes\n|-damage|p2a: Inteleon|186/246|[from] Stealth Rock\n|turn|20\n|\n|t:|1782791325\n|move|p2a: Inteleon|Ice Beam|p1a: Garchomp\n|-supereffective|p1a: Garchomp\n|-damage|p1a: Garchomp|0 fnt\n|faint|p1a: Garchomp\n|\n|upkeep\n|\n|t:|1782791327\n|switch|p1a: Lokix|Lokix, L82, M|193/251\n|turn|21\n|\n|t:|1782791336\n|-terastallize|p1a: Lokix|Bug\n|move|p1a: Lokix|First Impression|p2a: Inteleon\n|-damage|p2a: Inteleon|0 fnt\n|faint|p2a: Inteleon\n|-damage|p1a: Lokix|168/251|[from] item: Life Orb\n|\n|upkeep\n|\n|t:|1782791342\n|switch|p2a: Delphox|Delphox, L84, M|263/263\n|-damage|p2a: Delphox|231/263|[from] Spikes\n|-damage|p2a: Delphox|166/263|[from] Stealth Rock\n|turn|22\n|\n|t:|1782791357\n|switch|p1a: Hydreigon|Hydreigon, L79, F|117/275 brn\n|-terastallize|p2a: Delphox|Grass\n|move|p2a: Delphox|Fire Blast|p1a: Hydreigon\n|-resisted|p1a: Hydreigon\n|-damage|p1a: Hydreigon|12/275 brn\n|\n|-damage|p1a: Hydreigon|0 fnt|[from] brn\n|faint|p1a: Hydreigon\n|upkeep\n|\n|t:|1782791363\n|switch|p1a: Lokix|Lokix, L82, M, tera:Bug|168/251\n|turn|23\n|\n|t:|1782791368\n|move|p1a: Lokix|First Impression|p2a: Delphox\n|-supereffective|p2a: Delphox\n|-damage|p2a: Delphox|0 fnt\n|faint|p2a: Delphox\n|-damage|p1a: Lokix|143/251|[from] item: Life Orb\n|\n|win|Fezandipshi\n", "inputlog": ">version f8ac14003a5f27e1bdc8d8c59608a773c1cb96e5\n>start {\"formatid\":\"gen9randombattle\",\"seed\":\"sodium,4778f99a7b52899871b5726e8aff27a3\",\"rated\":\"Rated battle\"}\n>player p1 {\"name\":\"Fezandipshi\",\"avatar\":\"bellelba\",\"rating\":2013,\"seed\":\"sodium,4798900c0b311e430f68b92dfd7930a4\"}\n>player p2 {\"name\":\"pocketmuensters\",\"avatar\":\"2\",\"rating\":2000,\"seed\":\"sodium,4e2f74226cc427d75a03be7963d1cf07\"}\n>p1 move swordsdance\n>p2 move meteorbeam\n>p1 switch 3\n>p1 move dracometeor\n>p2 move sludgewave\n>p2 switch 5\n>p1 switch 2\n>p2 move spore\n>p1 switch 6\n>p2 switch 4\n>p1 move dragontail\n>p2 move playrough\n>p1 move spikes\n>p2 move seedbomb\n>p1 switch 6\n>p2 move seedbomb\n>p1 move firstimpression\n>p2 switch 4\n>p1 switch 5\n>p2 move playrough\n>p1 move stealthrock\n>p2 move voltswitch\n>p2 switch 4\n>p1 move voltswitch\n>p2 move crunch\n>p1 switch 5\n>p1 move leechlife\n>p2 switch 4\n>p2 switch 6\n>p1 switch 5\n>p2 move willowisp\n>p1 move stoneedge\n>p2 move bodypress\n>p1 move stoneedge\n>p2 move bodypress\n>p1 switch 2\n>p1 move dracometeor\n>p2 switch 4\n>p2 switch 4\n>p1 move dracometeor\n>p2 move willowisp\n>p1 move dracometeor\n>p2 move bodypress\n>p1 switch 6\n>p2 move shadowsneak\n>p2 switch 2\n>p1 move spikes\n>p2 move icebeam\n>p1 switch 5\n>p1 move firstimpression terastallize\n>p2 move icebeam\n>p2 switch 3\n>p1 switch 6\n>p2 move fireblast terastallize\n>p1 switch 6\n>p1 move firstimpression\n>p2 move fireblast", "uploadtime": 1782791035, "views": 4, "formatid": "gen9randombattle", "rating": null, "private": 0, "password": null, "player_dets": [{"name": "Fezandipshi", "avatar": "bellelba", "rating": 2013, "seed": "sodium,4798900c0b311e430f68b92dfd7930a4"}, {"name": "pocketmuensters", "avatar": "2", "rating": 2000, "seed": "sodium,4e2f74226cc427d75a03be7963d1cf07"}], "teams_full": [{"Scizor": {"name": "Scizor", "species": "Scizor", "speciesId": "scizor", "gender": "M", "shiny": false, "level": 79, "moves": ["swordsdance", "bulletpunch", "knockoff", "bugbite"], "ability": "Technician", "evs": {"hp": 85, "atk": 85, "def": 85, "spa": 85, "spd": 85, "spe": 85}, "ivs": {"hp": 31, "atk": 31, "def": 31, "spa": 31, "spd": 31, "spe": 31}, "item": "Life Orb", "teraType": "Steel", "role": "Setup Sweeper", "bvs": {"hp": 70, "atk": 130, "def": 100, "spa": 55, "spd": 80, "spe": 65}, "stats": {"hp": 240, "atk": 251, "def": 204, "spa": 132, "spd": 172, "spe": 148}, "types": ["Bug", "Steel"]}, "Lokix": {"name": "Lokix", "species": "Lokix", "speciesId": "lokix", "gender": "M", "shiny": false, "level": 82, "moves": ["knockoff", "firstimpression", "leechlife", "suckerpunch"], "ability": "Tinted Lens", "evs": {"hp": 85, "atk": 85, "def": 85, "spa": 85, "spd": 85, "spe": 85}, "ivs": {"hp": 31, "atk": 31, "def": 31, "spa": 31, "spd": 31, "spe": 31}, "item": "Life Orb", "teraType": "Bug", "role": "Wallbreaker", "bvs": {"hp": 71, "atk": 102, "def": 78, "spa": 52, "spd": 55, "spe": 92}, "stats": {"hp": 251, "atk": 214, "def": 175, "spa": 132, "spd": 137, "spe": 198}, "types": ["Bug", "Dark"]}, "Hydreigon": {"name": "Hydreigon", "species": "Hydreigon", "speciesId": "hydreigon", "gender": "F", "shiny": false, "level": 79, "moves": ["dracometeor", "fireblast", "darkpulse", "uturn"], "ability": "Levitate", "evs": {"hp": 85, "atk": 85, "def": 85, "spa": 85, "spd": 85, "spe": 85}, "ivs": {"hp": 31, "atk": 31, "def": 31, "spa": 31, "spd": 31, "spe": 31}, "item": "Choice Specs", "teraType": "Fire", "role": "Fast Attacker", "bvs": {"hp": 92, "atk": 105, "def": 90, "spa": 125, "spd": 90, "spe": 98}, "stats": {"hp": 275, "atk": 211, "def": 188, "spa": 243, "spd": 188, "spe": 200}, "types": ["Dark", "Dragon"]}, "Lycanroc": {"name": "Lycanroc", "species": "Lycanroc", "speciesId": "lycanroc", "gender": "F", "shiny": false, "level": 86, "moves": ["accelerock", "swordsdance", "stoneedge", "closecombat"], "ability": "Sand Rush", "evs": {"hp": 85, "atk": 85, "def": 85, "spa": 85, "spd": 85, "spe": 85}, "ivs": {"hp": 31, "atk": 31, "def": 31, "spa": 31, "spd": 31, "spe": 31}, "item": "Life Orb", "teraType": "Fighting", "role": "Fast Attacker", "bvs": {"hp": 75, "atk": 115, "def": 65, "spa": 55, "spd": 65, "spe": 112}, "stats": {"hp": 269, "atk": 247, "def": 161, "spa": 144, "spd": 161, "spe": 242}, "types": ["Rock"]}, "Iron Thorns": {"name": "Iron Thorns", "species": "Iron Thorns", "speciesId": "ironthorns", "gender": "N", "shiny": false, "level": 83, "moves": ["stoneedge", "voltswitch", "stealthrock", "wildcharge"], "ability": "Quark Drive", "evs": {"hp": 85, "atk": 85, "def": 85, "spa": 85, "spd": 85, "spe": 85}, "ivs": {"hp": 31, "atk": 31, "def": 31, "spa": 31, "spd": 31, "spe": 31}, "item": "Heavy-Duty Boots", "teraType": "Water", "role": "Fast Support", "bvs": {"hp": 100, "atk": 134, "def": 110, "spa": 70, "spd": 84, "spe": 72}, "stats": {"hp": 302, "atk": 270, "def": 230, "spa": 164, "spd": 187, "spe": 167}, "types": ["Rock", "Electric"]}, "Garchomp": {"name": "Garchomp", "species": "Garchomp", "speciesId": "garchomp", "gender": "M", "shiny": false, "level": 74, "moves": ["spikes", "dragontail", "outrage", "earthquake"], "ability": "Rough Skin", "evs": {"hp": 85, "atk": 85, "def": 85, "spa": 85, "spd": 85, "spe": 85}, "ivs": {"hp": 31, "atk": 31, "def": 31, "spa": 31, "spd": 31, "spe": 31}, "item": "Rocky Helmet", "teraType": "Ground", "role": "Fast Support", "bvs": {"hp": 108, "atk": 130, "def": 95, "spa": 80, "spd": 85, "spe": 102}, "stats": {"hp": 282, "atk": 235, "def": 184, "spa": 161, "spd": 169, "spe": 194}, "types": ["Dragon", "Ground"]}}, {"Glimmora": {"name": "Glimmora", "species": "Glimmora", "speciesId": "glimmora", "gender": "F", "shiny": false, "level": 75, "moves": ["sludgewave", "energyball", "meteorbeam", "earthpower"], "ability": "Toxic Debris", "evs": {"hp": 85, "atk": 0, "def": 85, "spa": 85, "spd": 85, "spe": 85}, "ivs": {"hp": 31, "atk": 0, "def": 31, "spa": 31, "spd": 31, "spe": 31}, "item": "Power Herb", "teraType": "Grass", "role": "Setup Sweeper", "bvs": {"hp": 83, "atk": 55, "def": 90, "spa": 130, "spd": 81, "spe": 86}, "stats": {"hp": 248, "atk": 87, "def": 179, "spa": 239, "spd": 165, "spe": 173}, "types": ["Rock", "Poison"]}, "Inteleon": {"name": "Inteleon", "species": "Inteleon", "speciesId": "inteleon", "gender": "F", "shiny": false, "level": 81, "moves": ["uturn", "hydropump", "icebeam", "scald"], "ability": "Torrent", "evs": {"hp": 85, "atk": 85, "def": 85, "spa": 85, "spd": 85, "spe": 85}, "ivs": {"hp": 31, "atk": 31, "def": 31, "spa": 31, "spd": 31, "spe": 31}, "item": "Choice Specs", "teraType": "Water", "role": "Wallbreaker", "bvs": {"hp": 70, "atk": 85, "def": 65, "spa": 125, "spd": 65, "spe": 120}, "stats": {"hp": 246, "atk": 184, "def": 152, "spa": 249, "spd": 152, "spe": 241}, "types": ["Water"]}, "Delphox": {"name": "Delphox", "species": "Delphox", "speciesId": "delphox", "gender": "M", "shiny": false, "level": 84, "moves": ["focusblast", "grassknot", "psyshock", "fireblast"], "ability": "Blaze", "evs": {"hp": 85, "atk": 0, "def": 85, "spa": 85, "spd": 85, "spe": 85}, "ivs": {"hp": 31, "atk": 0, "def": 31, "spa": 31, "spd": 31, "spe": 31}, "item": "Choice Specs", "teraType": "Grass", "role": "Fast Attacker", "bvs": {"hp": 75, "atk": 69, "def": 72, "spa": 114, "spd": 100, "spe": 104}, "stats": {"hp": 263, "atk": 120, "def": 169, "spa": 240, "spd": 216, "spe": 223}, "types": ["Fire", "Psychic"]}, "Luxray": {"name": "Luxray", "species": "Luxray", "speciesId": "luxray", "gender": "F", "shiny": false, "level": 88, "moves": ["wildcharge", "voltswitch", "playrough", "throatchop"], "ability": "Intimidate", "evs": {"hp": 85, "atk": 85, "def": 85, "spa": 85, "spd": 85, "spe": 85}, "ivs": {"hp": 31, "atk": 31, "def": 31, "spa": 31, "spd": 31, "spe": 31}, "item": "Assault Vest", "teraType": "Electric", "role": "AV Pivot", "bvs": {"hp": 80, "atk": 120, "def": 79, "spa": 95, "spd": 79, "spe": 70}, "stats": {"hp": 284, "atk": 261, "def": 189, "spa": 217, "spd": 189, "spe": 173}, "types": ["Electric"]}, "Brute Bonnet": {"name": "Brute Bonnet", "species": "Brute Bonnet", "speciesId": "brutebonnet", "gender": "N", "shiny": false, "level": 80, "moves": ["spore", "seedbomb", "crunch", "suckerpunch"], "ability": "Protosynthesis", "evs": {"hp": 85, "atk": 85, "def": 85, "spa": 85, "spd": 85, "spe": 85}, "ivs": {"hp": 31, "atk": 31, "def": 31, "spa": 31, "spd": 31, "spe": 31}, "item": "Leftovers", "teraType": "Poison", "role": "Bulky Support", "bvs": {"hp": 111, "atk": 127, "def": 99, "spa": 79, "spd": 99, "spe": 55}, "stats": {"hp": 309, "atk": 249, "def": 205, "spa": 173, "spd": 205, "spe": 134}, "types": ["Grass", "Dark"]}, "Houndstone": {"name": "Houndstone", "species": "Houndstone", "speciesId": "houndstone", "gender": "M", "shiny": false, "level": 86, "moves": ["shadowsneak", "bodypress", "poltergeist", "willowisp"], "ability": "Fluffy", "evs": {"hp": 85, "atk": 85, "def": 85, "spa": 85, "spd": 85, "spe": 85}, "ivs": {"hp": 31, "atk": 31, "def": 31, "spa": 31, "spd": 31, "spe": 31}, "item": "Leftovers", "teraType": "Fighting", "role": "Bulky Attacker", "bvs": {"hp": 72, "atk": 101, "def": 100, "spa": 50, "spd": 97, "spe": 68}, "stats": {"hp": 264, "atk": 223, "def": 221, "spa": 135, "spd": 216, "spe": 166}, "types": ["Ghost"]}}]}