{"id": "gen9randombattle-2641447866", "format": "[Gen 9] Random Battle", "players": ["shoddy battler", "cuy45"], "log": "|j|\u2606shoddy battler\n|j|\u2606cuy45\n|t:|1782786261\n|gametype|singles\n|player|p1|shoddy battler|beauty-gen4dp|2064\n|player|p2|cuy45|1|2005\n|gen|9\n|tier|[Gen 9] Random Battle\n|rated|\n|rule|Species Clause: Limit one of each Pok\u00e9mon\n|rule|HP Percentage Mod: HP is shown in percentages\n|rule|Sleep Clause Mod: Limit one foe put to sleep\n|rule|Illusion Level Mod: Illusion disguises the Pok\u00e9mon's true level\n|\n|t:|1782786261\n|teamsize|p1|6\n|teamsize|p2|6\n|start\n|switch|p1a: Clefable|Clefable, L83, F|293/293\n|switch|p2a: Calyrex|Calyrex, L93|337/337\n|-ability|p2a: Calyrex|Unnerve\n|turn|1\n|j| jge973\n|\n|t:|1782786286\n|move|p2a: Calyrex|Calm Mind|p2a: Calyrex\n|-boost|p2a: Calyrex|spa|1\n|-boost|p2a: Calyrex|spd|1\n|move|p1a: Clefable|Thunder Wave|p2a: Calyrex\n|-status|p2a: Calyrex|par\n|\n|upkeep\n|turn|2\n|\n|t:|1782786300\n|move|p1a: Clefable|Moonblast|p2a: Calyrex\n|-crit|p2a: Calyrex\n|-damage|p2a: Calyrex|187/337 par\n|move|p2a: Calyrex|Encore|p1a: Clefable\n|-start|p1a: Clefable|Encore\n|\n|-heal|p2a: Calyrex|208/337 par|[from] item: Leftovers\n|upkeep\n|turn|3\n|\n|t:|1782786304\n|move|p1a: Clefable|Moonblast|p2a: Calyrex\n|-damage|p2a: Calyrex|111/337 par\n|move|p2a: Calyrex|Giga Drain|p1a: Clefable\n|-damage|p1a: Clefable|208/293\n|-heal|p2a: Calyrex|154/337 par|[from] drain|[of] p1a: Clefable\n|\n|-heal|p1a: Clefable|226/293|[from] item: Leftovers\n|-heal|p2a: Calyrex|175/337 par|[from] item: Leftovers\n|upkeep\n|turn|4\n|\n|t:|1782786313\n|switch|p2a: Regigigas|Regigigas, L84|322/322\n|-start|p2a: Regigigas|ability: Slow Start\n|move|p1a: Clefable|Moonblast|p2a: Regigigas\n|-damage|p2a: Regigigas|241/322\n|\n|-heal|p1a: Clefable|244/293|[from] item: Leftovers\n|-heal|p2a: Regigigas|261/322|[from] item: Leftovers\n|upkeep\n|turn|5\n|\n|t:|1782786321\n|switch|p1a: Vileplume|Vileplume, L85, F|266/266\n|move|p2a: Regigigas|Body Slam|p1a: Vileplume\n|-damage|p1a: Vileplume|196/266\n|-status|p1a: Vileplume|par\n|\n|-heal|p2a: Regigigas|281/322|[from] item: Leftovers\n|-heal|p1a: Vileplume|212/266 par|[from] item: Leftovers\n|upkeep\n|turn|6\n|\n|t:|1782786333\n|switch|p2a: Archaludon|Archaludon, L78, F|268/268\n|move|p1a: Vileplume|Sludge Bomb|p2a: Archaludon\n|-immune|p2a: Archaludon\n|\n|-heal|p1a: Vileplume|228/266 par|[from] item: Leftovers\n|upkeep\n|turn|7\n|\n|t:|1782786340\n|move|p2a: Archaludon|Swords Dance|p2a: Archaludon\n|-boost|p2a: Archaludon|atk|2\n|move|p1a: Vileplume|Sleep Powder|p2a: Archaludon|[miss]\n|-miss|p1a: Vileplume|p2a: Archaludon\n|\n|-heal|p1a: Vileplume|244/266 par|[from] item: Leftovers\n|upkeep\n|turn|8\n|\n|t:|1782786345\n|move|p2a: Archaludon|Iron Head|p1a: Vileplume\n|-damage|p1a: Vileplume|91/266 par\n|move|p1a: Vileplume|Sleep Powder|p2a: Archaludon|[miss]\n|-miss|p1a: Vileplume|p2a: Archaludon\n|\n|-heal|p1a: Vileplume|107/266 par|[from] item: Leftovers\n|upkeep\n|turn|9\n|\n|t:|1782786353\n|move|p2a: Archaludon|Iron Head|p1a: Vileplume\n|-damage|p1a: Vileplume|0 fnt\n|faint|p1a: Vileplume\n|\n|upkeep\n|\n|t:|1782786360\n|switch|p1a: Scovillain|Scovillain, L91, F|266/266\n|turn|10\n|\n|t:|1782786382\n|move|p1a: Scovillain|Flamethrower|p2a: Archaludon\n|-damage|p2a: Archaludon|94/268\n|-ability|p2a: Archaludon|Stamina|boost\n|-boost|p2a: Archaludon|def|1\n|move|p2a: Archaludon|Outrage|p1a: Scovillain\n|-damage|p1a: Scovillain|17/266\n|\n|-heal|p1a: Scovillain|33/266|[from] item: Leftovers\n|upkeep\n|turn|11\n|\n|t:|1782786389\n|move|p1a: Scovillain|Flamethrower|p2a: Archaludon\n|-damage|p2a: Archaludon|0 fnt\n|faint|p2a: Archaludon\n|\n|-heal|p1a: Scovillain|49/266|[from] item: Leftovers\n|upkeep\n|\n|t:|1782786395\n|switch|p2a: Masquerain|Masquerain, L87, M|264/264\n|-ability|p2a: Masquerain|Intimidate|boost\n|-unboost|p1a: Scovillain|atk|1\n|turn|12\n|\n|t:|1782786414\n|move|p1a: Scovillain|Protect|p1a: Scovillain\n|-singleturn|p1a: Scovillain|Protect\n|move|p2a: Masquerain|U-turn|p1a: Scovillain\n|-activate|p1a: Scovillain|move: Protect\n|\n|-heal|p1a: Scovillain|65/266|[from] item: Leftovers\n|upkeep\n|turn|13\n|\n|t:|1782786420\n|move|p2a: Masquerain|U-turn|p1a: Scovillain\n|-damage|p1a: Scovillain|0 fnt\n|faint|p1a: Scovillain\n|\n|t:|1782786423\n|switch|p2a: Regigigas|Regigigas, L84|281/322|[from] U-turn\n|-start|p2a: Regigigas|ability: Slow Start\n|\n|-heal|p2a: Regigigas|301/322|[from] item: Leftovers\n|upkeep\n|\n|t:|1782786431\n|switch|p1a: Avalugg|Avalugg-Hisui, L90, M|317/317\n|turn|14\n|\n|t:|1782786443\n|switch|p2a: Calyrex|Calyrex, L93|175/337 par\n|-ability|p2a: Calyrex|Unnerve\n|move|p1a: Avalugg|Body Press|p2a: Calyrex\n|-resisted|p2a: Calyrex\n|-damage|p2a: Calyrex|117/337 par\n|\n|-heal|p2a: Calyrex|138/337 par|[from] item: Leftovers\n|upkeep\n|turn|15\n|\n|t:|1782786446\n|move|p2a: Calyrex|Giga Drain|p1a: Avalugg\n|-supereffective|p1a: Avalugg\n|-damage|p1a: Avalugg|17/317\n|-heal|p2a: Calyrex|288/337 par|[from] drain|[of] p1a: Avalugg\n|move|p1a: Avalugg|Avalanche|p2a: Calyrex\n|-supereffective|p2a: Calyrex\n|-crit|p2a: Calyrex\n|-damage|p2a: Calyrex|0 fnt\n|faint|p2a: Calyrex\n|\n|upkeep\n|\n|t:|1782786455\n|switch|p2a: Trevenant|Trevenant, L89, M|296/296\n|turn|16\n|\n|t:|1782786472\n|move|p2a: Trevenant|Wood Hammer|p1a: Avalugg\n|-supereffective|p1a: Avalugg\n|-damage|p1a: Avalugg|0 fnt\n|faint|p1a: Avalugg\n|-damage|p2a: Trevenant|290/296|[from] Recoil\n|-damage|p2a: Trevenant|261/296|[from] item: Life Orb\n|\n|upkeep\n|\n|t:|1782786486\n|switch|p1a: Oinkologne|Oinkologne, L92, M|352/352\n|turn|17\n|\n|t:|1782786498\n|move|p1a: Oinkologne|Lash Out|p2a: Trevenant\n|-supereffective|p2a: Trevenant\n|-damage|p2a: Trevenant|131/296\n|move|p2a: Trevenant|Wood Hammer|p1a: Oinkologne\n|-damage|p1a: Oinkologne|156/352\n|-damage|p2a: Trevenant|66/296|[from] Recoil\n|-damage|p2a: Trevenant|37/296|[from] item: Life Orb\n|\n|-heal|p1a: Oinkologne|178/352|[from] item: Leftovers\n|upkeep\n|turn|18\n|\n|t:|1782786512\n|switch|p2a: Masquerain|Masquerain, L87, M|264/264\n|-ability|p2a: Masquerain|Intimidate|boost\n|-unboost|p1a: Oinkologne|atk|1\n|move|p1a: Oinkologne|Lash Out|p2a: Masquerain\n|-crit|p2a: Masquerain\n|-damage|p2a: Masquerain|43/264\n|\n|-heal|p1a: Oinkologne|200/352|[from] item: Leftovers\n|upkeep\n|turn|19\n|\n|t:|1782786518\n|move|p2a: Masquerain|Hurricane|p1a: Oinkologne\n|-damage|p1a: Oinkologne|74/352\n|-start|p1a: Oinkologne|confusion\n|-activate|p1a: Oinkologne|confusion\n|move|p1a: Oinkologne|Lash Out|p2a: Masquerain\n|-damage|p2a: Masquerain|0 fnt\n|faint|p2a: Masquerain\n|\n|-heal|p1a: Oinkologne|96/352|[from] item: Leftovers\n|upkeep\n|\n|t:|1782786529\n|switch|p2a: Regigigas|Regigigas, L84|301/322\n|-start|p2a: Regigigas|ability: Slow Start\n|turn|20\n|\n|t:|1782786534\n|switch|p1a: Clefable|Clefable, L83, F|244/293\n|move|p2a: Regigigas|Body Slam|p1a: Clefable\n|-damage|p1a: Clefable|172/293\n|\n|-heal|p1a: Clefable|190/293|[from] item: Leftovers\n|-heal|p2a: Regigigas|321/322|[from] item: Leftovers\n|upkeep\n|turn|21\n|\n|t:|1782786541\n|move|p1a: Clefable|Thunder Wave|p2a: Regigigas\n|-status|p2a: Regigigas|par\n|move|p2a: Regigigas|Body Slam|p1a: Clefable\n|-damage|p1a: Clefable|115/293\n|-status|p1a: Clefable|par\n|\n|-heal|p1a: Clefable|133/293 par|[from] item: Leftovers\n|-heal|p2a: Regigigas|322/322 par|[from] item: Leftovers\n|upkeep\n|turn|22\n|\n|t:|1782786550\n|move|p1a: Clefable|Moonlight|p1a: Clefable\n|-heal|p1a: Clefable|279/293 par\n|move|p2a: Regigigas|Knock Off|p1a: Clefable\n|-resisted|p1a: Clefable\n|-damage|p1a: Clefable|250/293 par\n|-enditem|p1a: Clefable|Leftovers|[from] move: Knock Off|[of] p2a: Regigigas\n|\n|upkeep\n|turn|23\n|\n|t:|1782786555\n|move|p1a: Clefable|Moonblast|p2a: Regigigas\n|-damage|p2a: Regigigas|237/322 par\n|-unboost|p2a: Regigigas|spa|1\n|move|p2a: Regigigas|Body Slam|p1a: Clefable\n|-damage|p1a: Clefable|178/293 par\n|\n|-heal|p2a: Regigigas|257/322 par|[from] item: Leftovers\n|upkeep\n|turn|24\n|\n|t:|1782786569\n|cant|p1a: Clefable|par\n|move|p2a: Regigigas|Body Slam|p1a: Clefable\n|-damage|p1a: Clefable|105/293 par\n|\n|-heal|p2a: Regigigas|277/322 par|[from] item: Leftovers\n|-end|p2a: Regigigas|Slow Start\n|upkeep\n|turn|25\n|\n|t:|1782786572\n|move|p2a: Regigigas|Body Slam|p1a: Clefable\n|-damage|p1a: Clefable|0 fnt\n|faint|p1a: Clefable\n|\n|-heal|p2a: Regigigas|297/322 par|[from] item: Leftovers\n|upkeep\n|\n|t:|1782786575\n|switch|p1a: Oinkologne|Oinkologne, L92, M|96/352\n|turn|26\n|\n|t:|1782786578\n|move|p1a: Oinkologne|Double-Edge|p2a: Regigigas\n|-damage|p2a: Regigigas|179/322 par\n|-damage|p1a: Oinkologne|57/352|[from] Recoil\n|move|p2a: Regigigas|Body Slam|p1a: Oinkologne\n|-damage|p1a: Oinkologne|0 fnt\n|faint|p1a: Oinkologne\n|\n|-heal|p2a: Regigigas|199/322 par|[from] item: Leftovers\n|upkeep\n|\n|t:|1782786582\n|switch|p1a: Feraligatr|Feraligatr, L79, M|264/264\n|turn|27\n|\n|t:|1782786593\n|move|p1a: Feraligatr|Dragon Dance|p1a: Feraligatr\n|-boost|p1a: Feraligatr|atk|1\n|-boost|p1a: Feraligatr|spe|1\n|move|p2a: Regigigas|Body Slam|p1a: Feraligatr\n|-damage|p1a: Feraligatr|126/264\n|-status|p1a: Feraligatr|par\n|\n|-heal|p2a: Regigigas|219/322 par|[from] item: Leftovers\n|upkeep\n|turn|28\n|\n|t:|1782786599\n|cant|p1a: Feraligatr|par\n|move|p2a: Regigigas|Body Slam|p1a: Feraligatr\n|-damage|p1a: Feraligatr|0 fnt\n|faint|p1a: Feraligatr\n|\n|win|cuy45\n", "inputlog": ">version f8ac14003a5f27e1bdc8d8c59608a773c1cb96e5\n>start {\"formatid\":\"gen9randombattle\",\"seed\":\"sodium,5e50fa6ee1c7e0b3c664b2ebc02d7184\",\"rated\":\"Rated battle\"}\n>player p1 {\"name\":\"shoddy battler\",\"avatar\":\"beauty-gen4dp\",\"rating\":2064,\"seed\":\"sodium,670cd9cea44157e7e1d57f194df3b3a1\"}\n>player p2 {\"name\":\"cuy45\",\"avatar\":\"1\",\"rating\":2005,\"seed\":\"sodium,b20f1ad8c32d0c457c7c0e56dd43507c\"}\n>p1 move thunderwave\n>p2 move calmmind\n>p1 move moonblast\n>p2 move encore\n>p1 move moonblast\n>p2 move gigadrain\n>p1 move moonblast\n>p2 switch 6\n>p1 switch 6\n>p2 move bodyslam\n>p1 move sludgebomb\n>p2 switch 5\n>p1 move sleeppowder\n>p2 move swordsdance\n>p1 move sleeppowder\n>p2 move ironhead\n>p1 move sleeppowder\n>p2 move ironhead\n>p1 switch 5\n>p1 move flamethrower\n>p2 move outrage\n>p1 move flamethrower\n>p2 move outrage\n>p2 switch 3\n>p1 move protect\n>p2 move uturn\n>p1 move leechseed\n>p2 move uturn\n>p2 switch 5\n>p1 switch 3\n>p1 move bodypress\n>p2 switch 6\n>p1 move avalanche\n>p2 move gigadrain\n>p2 switch 2\n>p1 move recover\n>p2 move woodhammer\n>p1 switch 2\n>p1 move lashout\n>p2 move woodhammer\n>p1 move lashout\n>p2 switch 5\n>p1 move lashout\n>p2 move hurricane\n>p2 switch 6\n>p1 switch 6\n>p2 move bodyslam\n>p1 move thunderwave\n>p2 move bodyslam\n>p1 move moonlight\n>p2 move knockoff\n>p1 move moonblast\n>p2 move bodyslam\n>p1 move moonblast\n>p2 move bodyslam\n>p1 move moonblast\n>p2 move bodyslam\n>p1 switch 6\n>p1 move doubleedge\n>p2 move bodyslam\n>p1 switch 4\n>p1 move dragondance\n>p2 move bodyslam\n>p1 move liquidation\n>p2 move bodyslam", "uploadtime": 1782786262, "views": 3, "formatid": "gen9randombattle", "rating": null, "private": 0, "password": null, "player_dets": [{"name": "shoddy battler", "avatar": "beauty-gen4dp", "rating": 2064, "seed": "sodium,670cd9cea44157e7e1d57f194df3b3a1"}, {"name": "cuy45", "avatar": "1", "rating": 2005, "seed": "sodium,b20f1ad8c32d0c457c7c0e56dd43507c"}], "teams_full": [{"Clefable": {"name": "Clefable", "species": "Clefable", "speciesId": "clefable", "gender": "F", "shiny": false, "level": 83, "moves": ["moonblast", "fireblast", "thunderwave", "moonlight"], "ability": "Unaware", "evs": {"hp": 85, "atk": 0, "def": 85, "spa": 85, "spd": 85, "spe": 85}, "ivs": {"hp": 31, "atk": 0, "def": 31, "spa": 31, "spd": 31, "spe": 31}, "item": "Leftovers", "teraType": "Poison", "role": "Bulky Support", "bvs": {"hp": 95, "atk": 70, "def": 73, "spa": 95, "spd": 90, "spe": 60}, "stats": {"hp": 293, "atk": 121, "def": 169, "spa": 205, "spd": 197, "spe": 147}, "types": ["Fairy"]}, "Oinkologne": {"name": "Oinkologne", "species": "Oinkologne", "speciesId": "oinkologne", "gender": "M", "shiny": false, "level": 92, "moves": ["doubleedge", "highhorsepower", "curse", "lashout"], "ability": "Thick Fat", "evs": {"hp": 85, "atk": 85, "def": 85, "spa": 85, "spd": 85, "spe": 85}, "ivs": {"hp": 31, "atk": 31, "def": 31, "spa": 31, "spd": 31, "spe": 31}, "item": "Leftovers", "teraType": "Ground", "role": "Bulky Setup", "bvs": {"hp": 110, "atk": 100, "def": 75, "spa": 59, "spd": 80, "spe": 65}, "stats": {"hp": 352, "atk": 236, "def": 190, "spa": 161, "spd": 200, "spe": 172}, "types": ["Normal"]}, "Avalugg": {"name": "Avalugg", "species": "Avalugg-Hisui", "speciesId": "avalugghisui", "gender": "M", "shiny": false, "level": 90, "moves": ["stoneedge", "bodypress", "avalanche", "recover"], "ability": "Sturdy", "evs": {"hp": 85, "atk": 85, "def": 85, "spa": 85, "spd": 85, "spe": 85}, "ivs": {"hp": 31, "atk": 31, "def": 31, "spa": 31, "spd": 31, "spe": 31}, "item": "Heavy-Duty Boots", "teraType": "Poison", "role": "Bulky Attacker", "bvs": {"hp": 95, "atk": 127, "def": 184, "spa": 34, "spd": 36, "spe": 38}, "stats": {"hp": 317, "atk": 280, "def": 383, "spa": 113, "spd": 116, "spe": 120}, "types": ["Ice", "Rock"]}, "Feraligatr": {"name": "Feraligatr", "species": "Feraligatr", "speciesId": "feraligatr", "gender": "M", "shiny": false, "level": 79, "moves": ["icepunch", "crunch", "dragondance", "liquidation"], "ability": "Sheer Force", "evs": {"hp": 85, "atk": 85, "def": 85, "spa": 85, "spd": 85, "spe": 85}, "ivs": {"hp": 31, "atk": 31, "def": 31, "spa": 31, "spd": 31, "spe": 31}, "item": "Life Orb", "teraType": "Dark", "role": "Fast Bulky Setup", "bvs": {"hp": 85, "atk": 105, "def": 100, "spa": 79, "spd": 83, "spe": 78}, "stats": {"hp": 264, "atk": 211, "def": 204, "spa": 170, "spd": 177, "spe": 169}, "types": ["Water"]}, "Scovillain": {"name": "Scovillain", "species": "Scovillain", "speciesId": "scovillain", "gender": "F", "shiny": false, "level": 91, "moves": ["protect", "flamethrower", "leechseed", "substitute"], "ability": "Chlorophyll", "evs": {"hp": 85, "atk": 0, "def": 85, "spa": 85, "spd": 85, "spe": 85}, "ivs": {"hp": 31, "atk": 0, "def": 31, "spa": 31, "spd": 31, "spe": 31}, "item": "Leftovers", "teraType": "Steel", "role": "Bulky Attacker", "bvs": {"hp": 65, "atk": 108, "def": 65, "spa": 108, "spd": 65, "spe": 75}, "stats": {"hp": 266, "atk": 201, "def": 170, "spa": 248, "spd": 170, "spe": 188}, "types": ["Grass", "Fire"]}, "Vileplume": {"name": "Vileplume", "species": "Vileplume", "speciesId": "vileplume", "gender": "F", "shiny": false, "level": 85, "moves": ["sleeppowder", "gigadrain", "sludgebomb", "strengthsap"], "ability": "Effect Spore", "evs": {"hp": 85, "atk": 0, "def": 85, "spa": 85, "spd": 85, "spe": 85}, "ivs": {"hp": 31, "atk": 0, "def": 31, "spa": 31, "spd": 31, "spe": 31}, "item": "Leftovers", "teraType": "Steel", "role": "Bulky Attacker", "bvs": {"hp": 75, "atk": 80, "def": 85, "spa": 110, "spd": 90, "spe": 50}, "stats": {"hp": 266, "atk": 141, "def": 193, "spa": 236, "spd": 202, "spe": 134}, "types": ["Grass", "Poison"]}}, {"Calyrex": {"name": "Calyrex", "species": "Calyrex", "speciesId": "calyrex", "gender": "N", "shiny": false, "level": 93, "moves": ["gigadrain", "encore", "psychic", "calmmind"], "ability": "Unnerve", "evs": {"hp": 85, "atk": 0, "def": 85, "spa": 85, "spd": 85, "spe": 85}, "ivs": {"hp": 31, "atk": 0, "def": 31, "spa": 31, "spd": 31, "spe": 31}, "item": "Leftovers", "teraType": "Steel", "role": "Bulky Setup", "bvs": {"hp": 100, "atk": 80, "def": 80, "spa": 80, "spd": 80, "spe": 80}, "stats": {"hp": 337, "atk": 153, "def": 202, "spa": 202, "spd": 202, "spe": 202}, "types": ["Psychic", "Grass"]}, "Trevenant": {"name": "Trevenant", "species": "Trevenant", "speciesId": "trevenant", "gender": "M", "shiny": false, "level": 89, "moves": ["rest", "poltergeist", "woodhammer", "drainpunch"], "ability": "Natural Cure", "evs": {"hp": 85, "atk": 85, "def": 85, "spa": 85, "spd": 85, "spe": 85}, "ivs": {"hp": 31, "atk": 31, "def": 31, "spa": 31, "spd": 31, "spe": 31}, "item": "Life Orb", "teraType": "Fighting", "role": "Wallbreaker", "bvs": {"hp": 85, "atk": 110, "def": 76, "spa": 65, "spd": 82, "spe": 56}, "stats": {"hp": 296, "atk": 247, "def": 186, "spa": 166, "spd": 197, "spe": 150}, "types": ["Ghost", "Grass"]}, "Masquerain": {"name": "Masquerain", "species": "Masquerain", "speciesId": "masquerain", "gender": "M", "shiny": false, "level": 87, "moves": ["hurricane", "stickyweb", "uturn", "stunspore"], "ability": "Intimidate", "evs": {"hp": 85, "atk": 85, "def": 85, "spa": 85, "spd": 85, "spe": 85}, "ivs": {"hp": 31, "atk": 31, "def": 31, "spa": 31, "spd": 31, "spe": 31}, "item": "Heavy-Duty Boots", "teraType": "Steel", "role": "Fast Support", "bvs": {"hp": 70, "atk": 60, "def": 62, "spa": 100, "spd": 82, "spe": 80}, "stats": {"hp": 264, "atk": 154, "def": 158, "spa": 224, "spd": 192, "spe": 189}, "types": ["Bug", "Flying"]}, "Bastiodon": {"name": "Bastiodon", "species": "Bastiodon", "speciesId": "bastiodon", "gender": "M", "shiny": false, "level": 89, "moves": ["irondefense", "foulplay", "rest", "bodypress"], "ability": "Soundproof", "evs": {"hp": 85, "atk": 0, "def": 85, "spa": 85, "spd": 85, "spe": 85}, "ivs": {"hp": 31, "atk": 0, "def": 31, "spa": 31, "spd": 31, "spe": 31}, "item": "Chesto Berry", "teraType": "Fighting", "role": "Bulky Setup", "bvs": {"hp": 60, "atk": 52, "def": 168, "spa": 47, "spd": 138, "spe": 30}, "stats": {"hp": 252, "atk": 97, "def": 350, "spa": 134, "spd": 296, "spe": 104}, "types": ["Rock", "Steel"]}, "Archaludon": {"name": "Archaludon", "species": "Archaludon", "speciesId": "archaludon", "gender": "F", "shiny": false, "level": 78, "moves": ["outrage", "ironhead", "swordsdance", "earthquake"], "ability": "Stamina", "evs": {"hp": 85, "atk": 85, "def": 85, "spa": 85, "spd": 85, "spe": 85}, "ivs": {"hp": 31, "atk": 31, "def": 31, "spa": 31, "spd": 31, "spe": 31}, "item": "Lum Berry", "teraType": "Ground", "role": "Bulky Setup", "bvs": {"hp": 90, "atk": 105, "def": 130, "spa": 125, "spd": 65, "spe": 85}, "stats": {"hp": 268, "atk": 209, "def": 248, "spa": 240, "spd": 146, "spe": 178}, "types": ["Steel", "Dragon"]}, "Regigigas": {"name": "Regigigas", "species": "Regigigas", "speciesId": "regigigas", "gender": "N", "shiny": false, "level": 84, "moves": ["knockoff", "rest", "sleeptalk", "bodyslam"], "ability": "Slow Start", "evs": {"hp": 85, "atk": 85, "def": 85, "spa": 85, "spd": 85, "spe": 85}, "ivs": {"hp": 31, "atk": 31, "def": 31, "spa": 31, "spd": 31, "spe": 31}, "item": "Leftovers", "teraType": "Ghost", "role": "Bulky Support", "bvs": {"hp": 110, "atk": 160, "def": 110, "spa": 80, "spd": 110, "spe": 100}, "stats": {"hp": 322, "atk": 317, "def": 233, "spa": 183, "spd": 233, "spe": 216}, "types": ["Normal"]}}]}