{"id": "gen9randombattle-2641222554", "format": "[Gen 9] Random Battle", "players": ["merumort", "moussepudding"], "log": "|j|\u2606merumort\n|j|\u2606moussepudding\n|t:|1782755671\n|gametype|singles\n|player|p1|merumort|whitney|\n|player|p2|moussepudding|266|\n|gen|9\n|tier|[Gen 9] Random Battle\n|rule|Species Clause: Limit one of each Pok\u00e9mon\n|rule|HP Percentage Mod: HP is shown in percentages\n|rule|Sleep Clause Mod: Limit one foe put to sleep\n|rule|Illusion Level Mod: Illusion disguises the Pok\u00e9mon's true level\n|\n|t:|1782755671\n|teamsize|p1|6\n|teamsize|p2|6\n|start\n|switch|p1a: Manaphy|Manaphy, L78|284/284\n|switch|p2a: Misdreavus|Misdreavus, L90, M|254/254\n|turn|1\n|\n|t:|1782755695\n|move|p2a: Misdreavus|Calm Mind|p2a: Misdreavus\n|-boost|p2a: Misdreavus|spa|1\n|-boost|p2a: Misdreavus|spd|1\n|move|p1a: Manaphy|Tail Glow|p1a: Manaphy\n|-boost|p1a: Manaphy|spa|3\n|\n|upkeep\n|turn|2\n|\n|t:|1782755710\n|move|p2a: Misdreavus|Calm Mind|p2a: Misdreavus\n|-boost|p2a: Misdreavus|spa|1\n|-boost|p2a: Misdreavus|spd|1\n|move|p1a: Manaphy|Hydro Pump|p2a: Misdreavus|[miss]\n|-miss|p1a: Manaphy|p2a: Misdreavus\n|\n|upkeep\n|turn|3\n|\n|t:|1782755716\n|move|p2a: Misdreavus|Shadow Ball|p1a: Manaphy\n|-damage|p1a: Manaphy|112/284\n|move|p1a: Manaphy|Ice Beam|p2a: Misdreavus\n|-damage|p2a: Misdreavus|208/254\n|\n|-heal|p1a: Manaphy|129/284|[from] item: Leftovers\n|upkeep\n|turn|4\n|\n|t:|1782755728\n|switch|p1a: Maushold|Maushold-Four, L76|238/238\n|move|p2a: Misdreavus|Shadow Ball|p1a: Maushold\n|-immune|p1a: Maushold\n|\n|upkeep\n|turn|5\n|\n|t:|1782755756\n|move|p1a: Maushold|Encore|p2a: Misdreavus\n|-start|p2a: Misdreavus|Encore\n|move|p2a: Misdreavus|Shadow Ball|p1a: Maushold\n|-immune|p1a: Maushold\n|\n|upkeep\n|turn|6\n|\n|t:|1782755774\n|switch|p2a: Arcanine|Arcanine-Hisui, L79, F|280/280\n|move|p1a: Maushold|Tidy Up|p1a: Maushold\n|-boost|p1a: Maushold|atk|1\n|-boost|p1a: Maushold|spe|1\n|\n|upkeep\n|turn|7\n|\n|t:|1782755802\n|switch|p1a: Manaphy|Manaphy, L78|129/284\n|move|p2a: Arcanine|Flare Blitz|p1a: Manaphy\n|-resisted|p1a: Manaphy\n|-damage|p1a: Manaphy|69/284\n|\n|-heal|p1a: Manaphy|86/284|[from] item: Leftovers\n|upkeep\n|turn|8\n|\n|t:|1782755857\n|switch|p2a: Seviper|Seviper, L93, M|287/287\n|move|p1a: Manaphy|Hydro Pump|p2a: Seviper\n|-damage|p2a: Seviper|157/287\n|\n|-heal|p1a: Manaphy|103/284|[from] item: Leftovers\n|upkeep\n|turn|9\n|\n|t:|1782755875\n|switch|p1a: Lucario|Lucario, L84, F|255/255\n|move|p2a: Seviper|Giga Drain|p1a: Lucario\n|-resisted|p1a: Lucario\n|-crit|p1a: Lucario\n|-damage|p1a: Lucario|193/255\n|-heal|p2a: Seviper|188/287|[from] drain|[of] p1a: Lucario\n|\n|upkeep\n|turn|10\n|\n|t:|1782755985\n|switch|p2a: Misdreavus|Misdreavus, L90, M|208/254\n|move|p1a: Lucario|Nasty Plot|p1a: Lucario\n|-boost|p1a: Lucario|spa|2\n|\n|upkeep\n|turn|11\n|\n|t:|1782755996\n|move|p2a: Misdreavus|Will-O-Wisp|p1a: Lucario\n|-status|p1a: Lucario|brn\n|move|p1a: Lucario|Flash Cannon|p2a: Misdreavus\n|-damage|p2a: Misdreavus|47/254\n|-unboost|p2a: Misdreavus|spd|1\n|-damage|p1a: Lucario|168/255 brn|[from] item: Life Orb\n|\n|-damage|p1a: Lucario|153/255 brn|[from] brn\n|upkeep\n|turn|12\n|\n|t:|1782756006\n|move|p2a: Misdreavus|Shadow Ball|p1a: Lucario\n|-damage|p1a: Lucario|39/255 brn\n|move|p1a: Lucario|Flash Cannon|p2a: Misdreavus\n|-damage|p2a: Misdreavus|0 fnt\n|faint|p2a: Misdreavus\n|-damage|p1a: Lucario|14/255 brn|[from] item: Life Orb\n|\n|-damage|p1a: Lucario|0 fnt|[from] brn\n|faint|p1a: Lucario\n|upkeep\n|\n|t:|1782756065\n|switch|p2a: Seviper|Seviper, L93, M|188/287\n|switch|p1a: Jumpluff|Jumpluff, L87, F|271/271\n|turn|13\n|\n|t:|1782756078\n|move|p2a: Seviper|Gunk Shot|p1a: Jumpluff\n|-supereffective|p1a: Jumpluff\n|-damage|p1a: Jumpluff|0 fnt\n|faint|p1a: Jumpluff\n|\n|upkeep\n|\n|t:|1782756097\n|switch|p1a: Regigigas|Regigigas, L84|322/322\n|-start|p1a: Regigigas|ability: Slow Start\n|turn|14\n|\n|t:|1782756109\n|move|p2a: Seviper|Gunk Shot|p1a: Regigigas\n|-damage|p1a: Regigigas|178/322\n|-status|p1a: Regigigas|psn\n|move|p1a: Regigigas|Substitute|p1a: Regigigas\n|-start|p1a: Regigigas|Substitute\n|-damage|p1a: Regigigas|98/322 psn\n|\n|-heal|p1a: Regigigas|118/322 psn|[from] item: Leftovers\n|-damage|p1a: Regigigas|78/322 psn|[from] psn\n|upkeep\n|turn|15\n|\n|t:|1782756128\n|move|p2a: Seviper|Gunk Shot|p1a: Regigigas|[miss]\n|-miss|p2a: Seviper|p1a: Regigigas\n|move|p1a: Regigigas|Body Slam|p2a: Seviper\n|-damage|p2a: Seviper|109/287\n|\n|-heal|p1a: Regigigas|98/322 psn|[from] item: Leftovers\n|-damage|p1a: Regigigas|58/322 psn|[from] psn\n|upkeep\n|turn|16\n|\n|t:|1782756141\n|move|p2a: Seviper|Gunk Shot|p1a: Regigigas\n|-damage|p1a: Regigigas|0 fnt\n|faint|p1a: Regigigas\n|-end|p1a: Regigigas|Slow Start|[silent]\n|\n|upkeep\n|\n|t:|1782756150\n|switch|p1a: Maushold|Maushold-Four, L76|238/238\n|turn|17\n|\n|t:|1782756158\n|move|p2a: Seviper|Gunk Shot|p1a: Maushold\n|-damage|p1a: Maushold|31/238\n|move|p1a: Maushold|Population Bomb|p2a: Seviper\n|-damage|p2a: Seviper|81/287\n|-damage|p2a: Seviper|53/287\n|-damage|p2a: Seviper|26/287\n|-damage|p2a: Seviper|0 fnt\n|faint|p2a: Seviper\n|-hitcount|p2: Seviper|4\n|\n|upkeep\n|\n|t:|1782756172\n|switch|p2a: Hawlucha|Hawlucha, L80, M|256/256\n|turn|18\n|\n|t:|1782756183\n|move|p2a: Hawlucha|Swords Dance|p2a: Hawlucha\n|-boost|p2a: Hawlucha|atk|2\n|move|p1a: Maushold|Population Bomb|p2a: Hawlucha\n|-damage|p2a: Hawlucha|229/256\n|-damage|p2a: Hawlucha|202/256\n|-damage|p2a: Hawlucha|175/256\n|-damage|p2a: Hawlucha|150/256\n|-damage|p2a: Hawlucha|123/256\n|-damage|p2a: Hawlucha|98/256\n|-damage|p2a: Hawlucha|71/256\n|-damage|p2a: Hawlucha|44/256\n|-damage|p2a: Hawlucha|19/256\n|-damage|p2a: Hawlucha|0 fnt\n|faint|p2a: Hawlucha\n|-hitcount|p2: Hawlucha|10\n|\n|upkeep\n|\n|t:|1782756189\n|switch|p2a: Raikou|Raikou, L81|278/278\n|-ability|p2a: Raikou|Pressure\n|turn|19\n|\n|t:|1782756207\n|move|p2a: Raikou|Thunderbolt|p1a: Maushold\n|-damage|p1a: Maushold|0 fnt\n|faint|p1a: Maushold\n|\n|upkeep\n|\n|t:|1782756212\n|switch|p1a: Chesnaught|Chesnaught, L84, F|285/285\n|turn|20\n|\n|t:|1782756223\n|switch|p2a: Arcanine|Arcanine-Hisui, L79, F|280/280\n|move|p1a: Chesnaught|Knock Off|p2a: Arcanine\n|-damage|p2a: Arcanine|200/280\n|-enditem|p2a: Arcanine|Heavy-Duty Boots|[from] move: Knock Off|[of] p1a: Chesnaught\n|\n|upkeep\n|turn|21\n|\n|t:|1782756235\n|switch|p1a: Manaphy|Manaphy, L78|103/284\n|move|p2a: Arcanine|Flare Blitz|p1a: Manaphy\n|-resisted|p1a: Manaphy\n|-damage|p1a: Manaphy|43/284\n|\n|-heal|p1a: Manaphy|60/284|[from] item: Leftovers\n|upkeep\n|turn|22\n|\n|t:|1782756251\n|move|p2a: Arcanine|Extreme Speed|p1a: Manaphy\n|-damage|p1a: Manaphy|7/284\n|move|p1a: Manaphy|Hydro Pump|p2a: Arcanine\n|-supereffective|p2a: Arcanine\n|-damage|p2a: Arcanine|0 fnt\n|faint|p2a: Arcanine\n|\n|-heal|p1a: Manaphy|24/284|[from] item: Leftovers\n|upkeep\n|\n|t:|1782756256\n|switch|p2a: Raikou|Raikou, L81|278/278\n|-ability|p2a: Raikou|Pressure\n|turn|23\n|\n|t:|1782756265\n|move|p2a: Raikou|Shadow Ball|p1a: Manaphy\n|-damage|p1a: Manaphy|0 fnt\n|faint|p1a: Manaphy\n|\n|upkeep\n|\n|t:|1782756270\n|switch|p1a: Chesnaught|Chesnaught, L84, F|285/285\n|turn|24\n|\n|t:|1782756278\n|move|p2a: Raikou|Shadow Ball|p1a: Chesnaught\n|-immune|p1a: Chesnaught|[from] ability: Bulletproof\n|move|p1a: Chesnaught|Body Press|p2a: Raikou\n|-damage|p2a: Raikou|151/278\n|\n|-heal|p2a: Raikou|168/278|[from] item: Leftovers\n|upkeep\n|turn|25\n|\n|t:|1782756287\n|move|p2a: Raikou|Thunderbolt|p1a: Chesnaught\n|-resisted|p1a: Chesnaught\n|-damage|p1a: Chesnaught|225/285\n|move|p1a: Chesnaught|Wood Hammer|p2a: Raikou\n|-damage|p2a: Raikou|20/278\n|-damage|p1a: Chesnaught|176/285|[from] Recoil\n|\n|-heal|p2a: Raikou|37/278|[from] item: Leftovers\n|-heal|p1a: Chesnaught|193/285|[from] item: Leftovers\n|upkeep\n|turn|26\n|\n|t:|1782756303\n|move|p2a: Raikou|Thunderbolt|p1a: Chesnaught\n|-resisted|p1a: Chesnaught\n|-damage|p1a: Chesnaught|140/285\n|move|p1a: Chesnaught|Synthesis|p1a: Chesnaught\n|-heal|p1a: Chesnaught|282/285\n|\n|-heal|p2a: Raikou|54/278|[from] item: Leftovers\n|-heal|p1a: Chesnaught|285/285|[from] item: Leftovers\n|upkeep\n|turn|27\n|\n|t:|1782756312\n|move|p2a: Raikou|Scald|p1a: Chesnaught\n|-resisted|p1a: Chesnaught\n|-damage|p1a: Chesnaught|249/285\n|-status|p1a: Chesnaught|brn\n|move|p1a: Chesnaught|Body Press|p2a: Raikou\n|-damage|p2a: Raikou|0 fnt\n|faint|p2a: Raikou\n|\n|-heal|p1a: Chesnaught|266/285 brn|[from] item: Leftovers\n|-damage|p1a: Chesnaught|249/285 brn|[from] brn\n|upkeep\n|\n|t:|1782756314\n|switch|p2a: Hitmonlee|Hitmonlee, L85, M|223/223\n|turn|28\n|\n|t:|1782756326\n|move|p2a: Hitmonlee|High Jump Kick|p1a: Chesnaught\n|-crit|p1a: Chesnaught\n|-damage|p1a: Chesnaught|0 fnt\n|faint|p1a: Chesnaught\n|\n|win|moussepudding\n|c|\u2606merumort|gg\n|c|\u2606moussepudding|gg\n", "inputlog": ">version f8ac14003a5f27e1bdc8d8c59608a773c1cb96e5\n>start {\"formatid\":\"gen9randombattle\",\"seed\":\"sodium,d9285d05ea947dc0684ccca4be53df2c\"}\n>player p1 {\"name\":\"merumort\",\"avatar\":\"whitney\",\"rating\":0,\"seed\":\"sodium,07804913dc080cae6b31b4aeed0ff83b\"}\n>player p2 {\"name\":\"moussepudding\",\"avatar\":\"266\",\"rating\":0,\"seed\":\"sodium,690e2c5a983f41a9c6edfbaebb43d3cf\"}\n>p1 move tailglow\n>p2 move calmmind\n>p1 move hydropump\n>p2 move calmmind\n>p1 move icebeam\n>p2 move shadowball\n>p1 switch 5\n>p2 move shadowball\n>p1 move encore\n>p2 move willowisp\n>p1 move tidyup\n>p2 switch 5\n>p1 switch 5\n>p2 move flareblitz\n>p1 move hydropump\n>p2 switch 4\n>p1 switch 4\n>p2 move gigadrain\n>p1 move nastyplot\n>p2 switch 5\n>p1 move flashcannon\n>p2 move willowisp\n>p1 move flashcannon\n>p2 move shadowball\n>p1 switch 2\n>p2 switch 5\n>p1 move substitute\n>p2 move gunkshot\n>p1 switch 6\n>p1 move substitute\n>p2 move gunkshot\n>p1 move bodyslam\n>p2 move gunkshot\n>p1 move bodyslam\n>p2 move gunkshot\n>p1 switch 5\n>p1 move populationbomb\n>p2 move gunkshot\n>p2 switch 6\n>p1 move populationbomb\n>p2 move swordsdance\n>p2 switch 2\n>p1 move populationbomb\n>p2 move thunderbolt\n>p1 switch 3\n>p1 move knockoff\n>p2 switch 4\n>p1 switch 4\n>p2 move flareblitz\n>p1 move hydropump\n>p2 move extremespeed\n>p2 switch 4\n>p1 move hydropump\n>p2 move shadowball\n>p1 switch 4\n>p1 move bodypress\n>p2 move shadowball\n>p1 move woodhammer\n>p2 move thunderbolt\n>p1 move synthesis\n>p2 move thunderbolt\n>p1 move bodypress\n>p2 move scald\n>p2 switch 3\n>p1 move knockoff\n>p2 move highjumpkick", "uploadtime": 1782756338, "views": 12, "formatid": "gen9randombattle", "rating": null, "private": 0, "password": null, "player_dets": [{"name": "merumort", "avatar": "whitney", "rating": 0, "seed": "sodium,07804913dc080cae6b31b4aeed0ff83b"}, {"name": "moussepudding", "avatar": "266", "rating": 0, "seed": "sodium,690e2c5a983f41a9c6edfbaebb43d3cf"}], "teams_full": [{"Manaphy": {"name": "Manaphy", "species": "Manaphy", "speciesId": "manaphy", "gender": "N", "shiny": false, "level": 78, "moves": ["icebeam", "hydropump", "tailglow", "energyball"], "ability": "Hydration", "evs": {"hp": 85, "atk": 0, "def": 85, "spa": 85, "spd": 85, "spe": 85}, "ivs": {"hp": 31, "atk": 0, "def": 31, "spa": 31, "spd": 31, "spe": 31}, "item": "Leftovers", "teraType": "Grass", "role": "Bulky Setup", "bvs": {"hp": 100, "atk": 100, "def": 100, "spa": 100, "spd": 100, "spe": 100}, "stats": {"hp": 284, "atk": 161, "def": 201, "spa": 201, "spd": 201, "spe": 201}, "types": ["Water"]}, "Jumpluff": {"name": "Jumpluff", "species": "Jumpluff", "speciesId": "jumpluff", "gender": "F", "shiny": false, "level": 87, "moves": ["acrobatics", "strengthsap", "leechseed", "substitute"], "ability": "Infiltrator", "evs": {"hp": 81, "atk": 85, "def": 85, "spa": 85, "spd": 85, "spe": 85}, "ivs": {"hp": 31, "atk": 31, "def": 31, "spa": 31, "spd": 31, "spe": 31}, "item": "", "teraType": "Steel", "role": "Bulky Support", "bvs": {"hp": 75, "atk": 55, "def": 70, "spa": 55, "spd": 95, "spe": 110}, "stats": {"hp": 271, "atk": 145, "def": 172, "spa": 145, "spd": 215, "spe": 241}, "types": ["Grass", "Flying"]}, "Chesnaught": {"name": "Chesnaught", "species": "Chesnaught", "speciesId": "chesnaught", "gender": "F", "shiny": false, "level": 84, "moves": ["bodypress", "synthesis", "knockoff", "woodhammer"], "ability": "Bulletproof", "evs": {"hp": 85, "atk": 85, "def": 85, "spa": 85, "spd": 85, "spe": 85}, "ivs": {"hp": 31, "atk": 31, "def": 31, "spa": 31, "spd": 31, "spe": 31}, "item": "Leftovers", "teraType": "Steel", "role": "Bulky Support", "bvs": {"hp": 88, "atk": 107, "def": 122, "spa": 74, "spd": 75, "spe": 64}, "stats": {"hp": 285, "atk": 228, "def": 253, "spa": 173, "spd": 174, "spe": 156}, "types": ["Grass", "Fighting"]}, "Lucario": {"name": "Lucario", "species": "Lucario", "speciesId": "lucario", "gender": "F", "shiny": false, "level": 84, "moves": ["flashcannon", "nastyplot", "vacuumwave", "aurasphere"], "ability": "Inner Focus", "evs": {"hp": 85, "atk": 0, "def": 85, "spa": 85, "spd": 85, "spe": 85}, "ivs": {"hp": 31, "atk": 0, "def": 31, "spa": 31, "spd": 31, "spe": 31}, "item": "Life Orb", "teraType": "Fighting", "role": "Setup Sweeper", "bvs": {"hp": 70, "atk": 110, "def": 70, "spa": 115, "spd": 70, "spe": 90}, "stats": {"hp": 255, "atk": 189, "def": 166, "spa": 241, "spd": 166, "spe": 199}, "types": ["Fighting", "Steel"]}, "Maushold": {"name": "Maushold", "species": "Maushold-Four", "speciesId": "maushold", "gender": "N", "shiny": false, "level": 76, "moves": ["encore", "bite", "populationbomb", "tidyup"], "ability": "Technician", "evs": {"hp": 85, "atk": 85, "def": 85, "spa": 85, "spd": 85, "spe": 85}, "ivs": {"hp": 31, "atk": 31, "def": 31, "spa": 31, "spd": 31, "spe": 31}, "item": "Wide Lens", "teraType": "Normal", "role": "Setup Sweeper", "bvs": {"hp": 74, "atk": 75, "def": 70, "spa": 65, "spd": 75, "spe": 111}, "stats": {"hp": 238, "atk": 158, "def": 150, "spa": 143, "spd": 158, "spe": 213}, "types": ["Normal"]}, "Regigigas": {"name": "Regigigas", "species": "Regigigas", "speciesId": "regigigas", "gender": "N", "shiny": false, "level": 84, "moves": ["bodyslam", "knockoff", "protect", "substitute"], "ability": "Slow Start", "evs": {"hp": 85, "atk": 85, "def": 85, "spa": 85, "spd": 85, "spe": 85}, "ivs": {"hp": 31, "atk": 31, "def": 31, "spa": 31, "spd": 31, "spe": 31}, "item": "Leftovers", "teraType": "Poison", "role": "Bulky Attacker", "bvs": {"hp": 110, "atk": 160, "def": 110, "spa": 80, "spd": 110, "spe": 100}, "stats": {"hp": 322, "atk": 317, "def": 233, "spa": 183, "spd": 233, "spe": 216}, "types": ["Normal"]}}, {"Misdreavus": {"name": "Misdreavus", "species": "Misdreavus", "speciesId": "misdreavus", "gender": "M", "shiny": false, "level": 90, "moves": ["calmmind", "willowisp", "shadowball", "drainingkiss"], "ability": "Levitate", "evs": {"hp": 85, "atk": 0, "def": 85, "spa": 85, "spd": 85, "spe": 85}, "ivs": {"hp": 31, "atk": 0, "def": 31, "spa": 31, "spd": 31, "spe": 31}, "item": "Eviolite", "teraType": "Fairy", "role": "Bulky Setup", "bvs": {"hp": 60, "atk": 60, "def": 60, "spa": 85, "spd": 85, "spe": 85}, "stats": {"hp": 254, "atk": 113, "def": 159, "spa": 204, "spd": 204, "spe": 204}, "types": ["Ghost"]}, "Raikou": {"name": "Raikou", "species": "Raikou", "speciesId": "raikou", "gender": "N", "shiny": false, "level": 81, "moves": ["thunderbolt", "calmmind", "scald", "shadowball"], "ability": "Pressure", "evs": {"hp": 85, "atk": 0, "def": 85, "spa": 85, "spd": 85, "spe": 85}, "ivs": {"hp": 31, "atk": 0, "def": 31, "spa": 31, "spd": 31, "spe": 31}, "item": "Leftovers", "teraType": "Electric", "role": "Bulky Attacker", "bvs": {"hp": 90, "atk": 85, "def": 75, "spa": 115, "spd": 100, "spe": 115}, "stats": {"hp": 278, "atk": 142, "def": 168, "spa": 233, "spd": 209, "spe": 233}, "types": ["Electric"]}, "Hitmonlee": {"name": "Hitmonlee", "species": "Hitmonlee", "speciesId": "hitmonlee", "gender": "M", "shiny": false, "level": 85, "moves": ["stoneedge", "highjumpkick", "machpunch", "knockoff"], "ability": "Reckless", "evs": {"hp": 81, "atk": 85, "def": 85, "spa": 85, "spd": 85, "spe": 85}, "ivs": {"hp": 31, "atk": 31, "def": 31, "spa": 31, "spd": 31, "spe": 31}, "item": "Choice Band", "teraType": "Fighting", "role": "Fast Attacker", "bvs": {"hp": 50, "atk": 120, "def": 53, "spa": 35, "spd": 110, "spe": 87}, "stats": {"hp": 223, "atk": 253, "def": 139, "spa": 108, "spd": 236, "spe": 197}, "types": ["Fighting"]}, "Seviper": {"name": "Seviper", "species": "Seviper", "speciesId": "seviper", "gender": "M", "shiny": false, "level": 93, "moves": ["gunkshot", "knockoff", "switcheroo", "gigadrain"], "ability": "Infiltrator", "evs": {"hp": 85, "atk": 85, "def": 85, "spa": 85, "spd": 85, "spe": 85}, "ivs": {"hp": 31, "atk": 31, "def": 31, "spa": 31, "spd": 31, "spe": 31}, "item": "Choice Scarf", "teraType": "Grass", "role": "Fast Attacker", "bvs": {"hp": 73, "atk": 100, "def": 60, "spa": 100, "spd": 60, "spe": 65}, "stats": {"hp": 287, "atk": 239, "def": 164, "spa": 239, "spd": 164, "spe": 174}, "types": ["Poison"]}, "Arcanine": {"name": "Arcanine", "species": "Arcanine-Hisui", "speciesId": "arcaninehisui", "gender": "F", "shiny": false, "level": 79, "moves": ["flareblitz", "morningsun", "extremespeed", "headsmash"], "ability": "Rock Head", "evs": {"hp": 85, "atk": 85, "def": 85, "spa": 85, "spd": 85, "spe": 85}, "ivs": {"hp": 31, "atk": 31, "def": 31, "spa": 31, "spd": 31, "spe": 31}, "item": "Heavy-Duty Boots", "teraType": "Rock", "role": "Bulky Attacker", "bvs": {"hp": 95, "atk": 115, "def": 80, "spa": 95, "spd": 80, "spe": 90}, "stats": {"hp": 280, "atk": 227, "def": 172, "spa": 196, "spd": 172, "spe": 188}, "types": ["Fire", "Rock"]}, "Hawlucha": {"name": "Hawlucha", "species": "Hawlucha", "speciesId": "hawlucha", "gender": "M", "shiny": false, "level": 80, "moves": ["swordsdance", "closecombat", "bravebird", "encore"], "ability": "Unburden", "evs": {"hp": 85, "atk": 85, "def": 85, "spa": 85, "spd": 85, "spe": 85}, "ivs": {"hp": 31, "atk": 31, "def": 31, "spa": 31, "spd": 31, "spe": 31}, "item": "White Herb", "teraType": "Flying", "role": "Setup Sweeper", "bvs": {"hp": 78, "atk": 92, "def": 75, "spa": 74, "spd": 63, "spe": 118}, "stats": {"hp": 256, "atk": 193, "def": 166, "spa": 165, "spd": 147, "spe": 235}, "types": ["Fighting", "Flying"]}}]}