{"id": "gen9randombattle-2641638077", "format": "[Gen 9] Random Battle", "players": ["takezoido", "ftaochaphet"], "log": "|j|\u2606takezoido\n|j|\u2606ftaochaphet\n|t:|1782823023\n|gametype|singles\n|player|p1|takezoido|2|2175\n|player|p2|ftaochaphet|170|2242\n|gen|9\n|tier|[Gen 9] Random Battle\n|rated|\n|rule|Species Clause: Limit one of each Pok\u00e9mon\n|rule|HP Percentage Mod: HP is shown in percentages\n|rule|Sleep Clause Mod: Limit one foe put to sleep\n|rule|Illusion Level Mod: Illusion disguises the Pok\u00e9mon's true level\n|\n|t:|1782823023\n|teamsize|p1|6\n|teamsize|p2|6\n|start\n|switch|p1a: Rhydon|Rhydon, L85, M|317/317\n|switch|p2a: Indeedee|Indeedee, L84, M|238/238\n|-fieldstart|move: Psychic Terrain|[from] ability: Psychic Surge|[of] p2a: Indeedee\n|turn|1\n|inactive|Battle timer is ON: inactive players will automatically lose when time's up. (requested by takezoido)\n|\n|t:|1782823051\n|move|p2a: Indeedee|Expanding Force|p1a: Rhydon\n|-damage|p1a: Rhydon|74/317\n|-damage|p2a: Indeedee|215/238|[from] item: Life Orb\n|move|p1a: Rhydon|Megahorn|p2a: Indeedee|[miss]\n|-miss|p1a: Rhydon|p2a: Indeedee\n|\n|upkeep\n|turn|2\n|\n|t:|1782823065\n|switch|p1a: Bombirdier|Bombirdier, L85, F|258/258\n|move|p2a: Indeedee|Expanding Force|p1a: Bombirdier\n|-immune|p1a: Bombirdier\n|\n|upkeep\n|turn|3\n|\n|t:|1782823072\n|switch|p2a: Toxapex|Toxapex, L82, F|216/216\n|move|p1a: Bombirdier|Knock Off|p2a: Toxapex\n|-damage|p2a: Toxapex|146/216\n|-enditem|p2a: Toxapex|Leftovers|[from] move: Knock Off|[of] p1a: Bombirdier\n|\n|upkeep\n|turn|4\n|\n|t:|1782823082\n|move|p1a: Bombirdier|U-turn|p2a: Toxapex\n|-resisted|p2a: Toxapex\n|-damage|p2a: Toxapex|129/216\n|\n|t:|1782823084\n|switch|p1a: Rhydon|Rhydon, L85, M|74/317|[from] U-turn\n|move|p2a: Toxapex|Toxic|p1a: Rhydon\n|-status|p1a: Rhydon|tox\n|\n|-damage|p1a: Rhydon|55/317 tox|[from] psn\n|upkeep\n|turn|5\n|\n|t:|1782823102\n|switch|p2a: Sceptile|Sceptile, L87, M|264/264\n|move|p1a: Rhydon|Earthquake|p2a: Sceptile\n|-resisted|p2a: Sceptile\n|-damage|p2a: Sceptile|180/264\n|\n|-damage|p1a: Rhydon|17/317 tox|[from] psn\n|-fieldend|move: Psychic Terrain\n|upkeep\n|turn|6\n|\n|t:|1782823110\n|move|p2a: Sceptile|Leaf Blade|p1a: Rhydon\n|-supereffective|p1a: Rhydon\n|-damage|p1a: Rhydon|0 fnt\n|faint|p1a: Rhydon\n|-damage|p2a: Sceptile|154/264|[from] item: Life Orb\n|\n|upkeep\n|\n|t:|1782823115\n|switch|p1a: Bombirdier|Bombirdier, L85, F|258/258\n|turn|7\n|\n|t:|1782823119\n|switch|p2a: Toxapex|Toxapex, L82, F|201/216\n|move|p1a: Bombirdier|U-turn|p2a: Toxapex\n|-resisted|p2a: Toxapex\n|-damage|p2a: Toxapex|184/216\n|\n|t:|1782823131\n|switch|p1a: Corviknight|Corviknight, L80, F|288/288|[from] U-turn\n|\n|upkeep\n|turn|8\n|\n|t:|1782823153\n|move|p1a: Corviknight|Brave Bird|p2a: Toxapex\n|-damage|p2a: Toxapex|109/216\n|-damage|p1a: Corviknight|263/288|[from] Recoil\n|move|p2a: Toxapex|Liquidation|p1a: Corviknight\n|-damage|p1a: Corviknight|203/288\n|-damage|p2a: Toxapex|73/216|[from] item: Rocky Helmet|[of] p1a: Corviknight\n|\n|upkeep\n|turn|9\n|\n|t:|1782823160\n|switch|p2a: Garchomp|Garchomp, L74, M|282/282\n|move|p1a: Corviknight|Brave Bird|p2a: Garchomp\n|-damage|p2a: Garchomp|173/282\n|-damage|p1a: Corviknight|167/288|[from] ability: Rough Skin|[of] p2a: Garchomp\n|-damage|p1a: Corviknight|131/288|[from] Recoil\n|\n|upkeep\n|turn|10\n|\n|t:|1782823175\n|switch|p2a: Golduck|Golduck, L90, F|290/290\n|-ability|p2a: Golduck|Cloud Nine\n|switch|p1a: Bombirdier|Bombirdier, L85, F|258/258\n|\n|upkeep\n|turn|11\n|inactive|ftaochaphet has 120 seconds left.\n|\n|t:|1782823207\n|move|p2a: Golduck|Nasty Plot|p2a: Golduck\n|-boost|p2a: Golduck|spa|2\n|move|p1a: Bombirdier|Brave Bird|p2a: Golduck\n|-damage|p2a: Golduck|151/290\n|-damage|p1a: Bombirdier|212/258|[from] Recoil\n|\n|-heal|p2a: Golduck|169/290|[from] item: Leftovers\n|upkeep\n|turn|12\n|\n|t:|1782823214\n|move|p2a: Golduck|Hydro Pump|p1a: Bombirdier\n|-damage|p1a: Bombirdier|0 fnt\n|faint|p1a: Bombirdier\n|\n|-heal|p2a: Golduck|187/290|[from] item: Leftovers\n|upkeep\n|\n|t:|1782823220\n|switch|p1a: Hitmonchan|Hitmonchan, L87, M|229/229\n|turn|13\n|inactive|ftaochaphet has 120 seconds left.\n|\n|t:|1782823254\n|-terastallize|p2a: Golduck|Water\n|move|p2a: Golduck|Hydro Pump|p1a: Hitmonchan|[miss]\n|-miss|p2a: Golduck|p1a: Hitmonchan\n|move|p1a: Hitmonchan|Knock Off|p2a: Golduck\n|-crit|p2a: Golduck\n|-damage|p2a: Golduck|64/290\n|-enditem|p2a: Golduck|Leftovers|[from] move: Knock Off|[of] p1a: Hitmonchan\n|\n|upkeep\n|turn|14\n|\n|t:|1782823269\n|move|p2a: Golduck|Hydro Pump|p1a: Hitmonchan\n|-damage|p1a: Hitmonchan|0 fnt\n|faint|p1a: Hitmonchan\n|\n|upkeep\n|inactive|takezoido has 120 seconds left.\n|\n|t:|1782823297\n|switch|p1a: Arceus|Arceus-Rock, L74|300/300\n|turn|15\n|inactive|ftaochaphet has 120 seconds left.\n|inactive|ftaochaphet has 90 seconds left.\n|\n|t:|1782823348\n|switch|p2a: Garchomp|Garchomp, L74, M|173/282\n|move|p1a: Arceus|Earthquake|p2a: Garchomp\n|-damage|p2a: Garchomp|101/282\n|\n|upkeep\n|turn|16\n|inactive|ftaochaphet has 90 seconds left.\n|\n|t:|1782823357\n|-terastallize|p1a: Arceus|Ground\n|move|p1a: Arceus|Dragon Dance|p1a: Arceus\n|-boost|p1a: Arceus|atk|1\n|-boost|p1a: Arceus|spe|1\n|move|p2a: Garchomp|Swords Dance|p2a: Garchomp\n|-boost|p2a: Garchomp|atk|2\n|\n|upkeep\n|turn|17\n|\n|t:|1782823362\n|move|p1a: Arceus|Earthquake|p2a: Garchomp\n|-damage|p2a: Garchomp|0 fnt\n|faint|p2a: Garchomp\n|\n|upkeep\n|\n|t:|1782823370\n|switch|p2a: Indeedee|Indeedee, L84, M|215/238\n|-fieldstart|move: Psychic Terrain|[from] ability: Psychic Surge|[of] p2a: Indeedee\n|turn|18\n|\n|t:|1782823396\n|move|p1a: Arceus|Stone Edge|p2a: Indeedee\n|-damage|p2a: Indeedee|0 fnt\n|faint|p2a: Indeedee\n|\n|upkeep\n|\n|t:|1782823410\n|switch|p2a: Toxapex|Toxapex, L82, F|145/216\n|turn|19\n|inactive|takezoido has 120 seconds left.\n|\n|t:|1782823455\n|move|p1a: Arceus|Earthquake|p2a: Toxapex\n|-supereffective|p2a: Toxapex\n|-damage|p2a: Toxapex|0 fnt\n|faint|p2a: Toxapex\n|\n|upkeep\n|inactive|ftaochaphet has 90 seconds left.\n|\n|t:|1782823483\n|switch|p2a: Sceptile|Sceptile, L87, M|154/264\n|turn|20\n|\n|t:|1782823486\n|move|p1a: Arceus|Stone Edge|p2a: Sceptile|[miss]\n|-miss|p1a: Arceus|p2a: Sceptile\n|move|p2a: Sceptile|Leaf Blade|p1a: Arceus\n|-supereffective|p1a: Arceus\n|-damage|p1a: Arceus|87/300\n|-damage|p2a: Sceptile|128/264|[from] item: Life Orb\n|\n|upkeep\n|turn|21\n|\n|t:|1782823492\n|move|p1a: Arceus|Stone Edge|p2a: Sceptile\n|-damage|p2a: Sceptile|0 fnt\n|faint|p2a: Sceptile\n|\n|upkeep\n|\n|t:|1782823493\n|switch|p2a: Spectrier|Spectrier, L75|274/274\n|turn|22\n|\n|t:|1782823507\n|move|p1a: Arceus|Recover|p1a: Arceus\n|-heal|p1a: Arceus|237/300\n|move|p2a: Spectrier|Shadow Ball|p1a: Arceus\n|-damage|p1a: Arceus|130/300\n|-unboost|p1a: Arceus|spd|1\n|-damage|p2a: Spectrier|247/274|[from] item: Life Orb\n|\n|-fieldend|move: Psychic Terrain\n|upkeep\n|turn|23\n|c|\u2606takezoido|bleh\n|\n|t:|1782823522\n|move|p1a: Arceus|Earthquake|p2a: Spectrier\n|-damage|p2a: Spectrier|25/274\n|move|p2a: Spectrier|Shadow Ball|p1a: Arceus\n|-damage|p1a: Arceus|0 fnt\n|faint|p1a: Arceus\n|-ability|p2a: Spectrier|Grim Neigh|boost\n|-boost|p2a: Spectrier|spa|1\n|-damage|p2a: Spectrier|0 fnt|[from] item: Life Orb\n|faint|p2a: Spectrier\n|\n|upkeep\n|\n|t:|1782823527\n|switch|p2a: Golduck|Golduck, L90, F, tera:Water|64/290\n|switch|p1a: Corviknight|Corviknight, L80, F|131/288\n|-ability|p2a: Golduck|Cloud Nine\n|turn|24\n|\n|t:|1782823531\n|move|p2a: Golduck|Hydro Pump|p1a: Corviknight|[miss]\n|-miss|p2a: Golduck|p1a: Corviknight\n|move|p1a: Corviknight|Brave Bird|p2a: Golduck\n|-damage|p2a: Golduck|0 fnt\n|faint|p2a: Golduck\n|-damage|p1a: Corviknight|110/288|[from] Recoil\n|\n|win|takezoido\n", "inputlog": ">version f8ac14003a5f27e1bdc8d8c59608a773c1cb96e5\n>start {\"formatid\":\"gen9randombattle\",\"seed\":\"sodium,057a1065b6f60b16e597cb6d97e57c70\",\"rated\":\"Rated battle\"}\n>player p1 {\"name\":\"takezoido\",\"avatar\":\"2\",\"rating\":2175,\"seed\":\"sodium,c42f2b57708a673d69db87f10d667aa4\"}\n>player p2 {\"name\":\"ftaochaphet\",\"avatar\":\"170\",\"rating\":2242,\"seed\":\"sodium,cc8f77ffcffa52b15fa3f39445ab3bdb\"}\n>p1 move megahorn\n>p2 move expandingforce\n>p1 switch 4\n>p2 move expandingforce\n>p1 move knockoff\n>p2 switch 6\n>p1 move uturn\n>p2 move toxic\n>p1 switch 4\n>p1 move earthquake\n>p2 switch 5\n>p1 move stoneedge\n>p2 move leafblade\n>p1 switch 4\n>p1 move uturn\n>p2 switch 5\n>p1 switch 3\n>p1 move bravebird\n>p2 move liquidation\n>p1 move bravebird\n>p2 switch 2\n>p1 switch 3\n>p2 switch 3\n>p1 move bravebird\n>p2 move nastyplot\n>p1 move knockoff\n>p2 move hydropump\n>p1 switch 6\n>p1 move knockoff\n>p2 move hydropump terastallize\n>p1 move drainpunch\n>p2 move hydropump\n>p1 switch 5\n>p1 move earthquake\n>p2 switch 3\n>p1 move dragondance terastallize\n>p2 move swordsdance\n>p1 move earthquake\n>p2 move scaleshot\n>p2 switch 6\n>p1 move stoneedge\n>p2 move expandingforce\n>p2 switch 2\n>p1 move earthquake\n>p2 move haze\n>p2 switch 5\n>p1 move stoneedge\n>p2 move leafblade\n>p1 move stoneedge\n>p2 move leafblade\n>p2 switch 4\n>p1 move recover\n>p2 move shadowball\n>chat \u2606takezoido|bleh\n>p1 move earthquake\n>p2 move shadowball\n>p1 switch 3\n>p2 switch 3\n>p1 move bravebird\n>p2 move hydropump", "uploadtime": 1782823026, "views": 4, "formatid": "gen9randombattle", "rating": null, "private": 0, "password": null, "player_dets": [{"name": "takezoido", "avatar": "2", "rating": 2175, "seed": "sodium,c42f2b57708a673d69db87f10d667aa4"}, {"name": "ftaochaphet", "avatar": "170", "rating": 2242, "seed": "sodium,cc8f77ffcffa52b15fa3f39445ab3bdb"}], "teams_full": [{"Rhydon": {"name": "Rhydon", "species": "Rhydon", "speciesId": "rhydon", "gender": "M", "shiny": false, "level": 85, "moves": ["earthquake", "megahorn", "stoneedge", "swordsdance"], "ability": "Lightning Rod", "evs": {"hp": 85, "atk": 85, "def": 85, "spa": 85, "spd": 85, "spe": 85}, "ivs": {"hp": 31, "atk": 31, "def": 31, "spa": 31, "spd": 31, "spe": 31}, "item": "Eviolite", "teraType": "Dragon", "role": "Bulky Attacker", "bvs": {"hp": 105, "atk": 130, "def": 120, "spa": 45, "spd": 45, "spe": 40}, "stats": {"hp": 317, "atk": 270, "def": 253, "spa": 125, "spd": 125, "spe": 117}, "types": ["Ground", "Rock"]}, "Ditto": {"name": "Ditto", "species": "Ditto", "speciesId": "ditto", "gender": "N", "shiny": false, "level": 87, "moves": ["transform"], "ability": "Imposter", "evs": {"hp": 85, "atk": 85, "def": 85, "spa": 85, "spd": 85, "spe": 85}, "ivs": {"hp": 31, "atk": 31, "def": 31, "spa": 31, "spd": 31, "spe": 31}, "item": "Choice Scarf", "teraType": "Ghost", "role": "Fast Support", "bvs": {"hp": 48, "atk": 48, "def": 48, "spa": 48, "spd": 48, "spe": 48}, "stats": {"hp": 225, "atk": 133, "def": 133, "spa": 133, "spd": 133, "spe": 133}, "types": ["Normal"]}, "Corviknight": {"name": "Corviknight", "species": "Corviknight", "speciesId": "corviknight", "gender": "F", "shiny": false, "level": 80, "moves": ["roost", "bodypress", "bravebird", "defog"], "ability": "Mirror Armor", "evs": {"hp": 85, "atk": 85, "def": 85, "spa": 85, "spd": 85, "spe": 85}, "ivs": {"hp": 31, "atk": 31, "def": 31, "spa": 31, "spd": 31, "spe": 31}, "item": "Rocky Helmet", "teraType": "Dragon", "role": "Bulky Support", "bvs": {"hp": 98, "atk": 87, "def": 105, "spa": 53, "spd": 85, "spe": 67}, "stats": {"hp": 288, "atk": 185, "def": 214, "spa": 131, "spd": 182, "spe": 153}, "types": ["Flying", "Steel"]}, "Bombirdier": {"name": "Bombirdier", "species": "Bombirdier", "speciesId": "bombirdier", "gender": "F", "shiny": false, "level": 85, "moves": ["bravebird", "knockoff", "uturn", "roost"], "ability": "Big Pecks", "evs": {"hp": 85, "atk": 85, "def": 85, "spa": 85, "spd": 85, "spe": 85}, "ivs": {"hp": 31, "atk": 31, "def": 31, "spa": 31, "spd": 31, "spe": 31}, "item": "Heavy-Duty Boots", "teraType": "Dark", "role": "Bulky Support", "bvs": {"hp": 70, "atk": 103, "def": 85, "spa": 60, "spd": 85, "spe": 82}, "stats": {"hp": 258, "atk": 224, "def": 193, "spa": 151, "spd": 193, "spe": 188}, "types": ["Flying", "Dark"]}, "Arceus": {"name": "Arceus", "species": "Arceus-Rock", "speciesId": "arceusrock", "gender": "N", "shiny": false, "level": 74, "moves": ["earthquake", "recover", "stoneedge", "dragondance"], "ability": "Multitype", "evs": {"hp": 85, "atk": 85, "def": 85, "spa": 85, "spd": 85, "spe": 85}, "ivs": {"hp": 31, "atk": 31, "def": 31, "spa": 31, "spd": 31, "spe": 31}, "item": "Stone Plate", "teraType": "Ground", "role": "Setup Sweeper", "bvs": {"hp": 120, "atk": 120, "def": 120, "spa": 120, "spd": 120, "spe": 120}, "stats": {"hp": 300, "atk": 221, "def": 221, "spa": 221, "spd": 221, "spe": 221}, "types": ["Rock"]}, "Hitmonchan": {"name": "Hitmonchan", "species": "Hitmonchan", "speciesId": "hitmonchan", "gender": "M", "shiny": false, "level": 87, "moves": ["poisonjab", "drainpunch", "bulkup", "knockoff"], "ability": "Iron Fist", "evs": {"hp": 85, "atk": 85, "def": 85, "spa": 85, "spd": 85, "spe": 85}, "ivs": {"hp": 31, "atk": 31, "def": 31, "spa": 31, "spd": 31, "spe": 31}, "item": "Leftovers", "teraType": "Dark", "role": "Bulky Setup", "bvs": {"hp": 50, "atk": 105, "def": 79, "spa": 35, "spd": 110, "spe": 76}, "stats": {"hp": 229, "atk": 232, "def": 187, "spa": 111, "spd": 241, "spe": 182}, "types": ["Fighting"]}}, {"Indeedee": {"name": "Indeedee", "species": "Indeedee", "speciesId": "indeedee", "gender": "M", "shiny": false, "level": 84, "moves": ["calmmind", "hypervoice", "expandingforce", "dazzlinggleam"], "ability": "Psychic Surge", "evs": {"hp": 85, "atk": 0, "def": 85, "spa": 85, "spd": 85, "spe": 85}, "ivs": {"hp": 31, "atk": 0, "def": 31, "spa": 31, "spd": 31, "spe": 31}, "item": "Life Orb", "teraType": "Psychic", "role": "Fast Attacker", "bvs": {"hp": 60, "atk": 65, "def": 55, "spa": 105, "spd": 95, "spe": 95}, "stats": {"hp": 238, "atk": 114, "def": 141, "spa": 225, "spd": 208, "spe": 208}, "types": ["Psychic", "Normal"]}, "Garchomp": {"name": "Garchomp", "species": "Garchomp", "speciesId": "garchomp", "gender": "M", "shiny": false, "level": 74, "moves": ["ironhead", "earthquake", "swordsdance", "scaleshot"], "ability": "Rough Skin", "evs": {"hp": 85, "atk": 85, "def": 85, "spa": 85, "spd": 85, "spe": 85}, "ivs": {"hp": 31, "atk": 31, "def": 31, "spa": 31, "spd": 31, "spe": 31}, "item": "Loaded Dice", "teraType": "Steel", "role": "Setup Sweeper", "bvs": {"hp": 108, "atk": 130, "def": 95, "spa": 80, "spd": 85, "spe": 102}, "stats": {"hp": 282, "atk": 235, "def": 184, "spa": 161, "spd": 169, "spe": 194}, "types": ["Dragon", "Ground"]}, "Golduck": {"name": "Golduck", "species": "Golduck", "speciesId": "golduck", "gender": "F", "shiny": false, "level": 90, "moves": ["nastyplot", "encore", "grassknot", "hydropump"], "ability": "Cloud Nine", "evs": {"hp": 85, "atk": 0, "def": 85, "spa": 85, "spd": 85, "spe": 85}, "ivs": {"hp": 31, "atk": 0, "def": 31, "spa": 31, "spd": 31, "spe": 31}, "item": "Leftovers", "teraType": "Water", "role": "Bulky Setup", "bvs": {"hp": 80, "atk": 82, "def": 78, "spa": 95, "spd": 80, "spe": 85}, "stats": {"hp": 290, "atk": 152, "def": 192, "spa": 222, "spd": 195, "spe": 204}, "types": ["Water"]}, "Spectrier": {"name": "Spectrier", "species": "Spectrier", "speciesId": "spectrier", "gender": "N", "shiny": false, "level": 75, "moves": ["nastyplot", "darkpulse", "drainingkiss", "shadowball"], "ability": "Grim Neigh", "evs": {"hp": 85, "atk": 0, "def": 85, "spa": 85, "spd": 85, "spe": 85}, "ivs": {"hp": 31, "atk": 0, "def": 31, "spa": 31, "spd": 31, "spe": 31}, "item": "Life Orb", "teraType": "Dark", "role": "Setup Sweeper", "bvs": {"hp": 100, "atk": 65, "def": 60, "spa": 145, "spd": 80, "spe": 130}, "stats": {"hp": 274, "atk": 102, "def": 134, "spa": 261, "spd": 164, "spe": 239}, "types": ["Ghost"]}, "Sceptile": {"name": "Sceptile", "species": "Sceptile", "speciesId": "sceptile", "gender": "M", "shiny": false, "level": 87, "moves": ["swordsdance", "earthquake", "leafblade", "rockslide"], "ability": "Overgrow", "evs": {"hp": 85, "atk": 85, "def": 85, "spa": 85, "spd": 85, "spe": 85}, "ivs": {"hp": 31, "atk": 31, "def": 31, "spa": 31, "spd": 31, "spe": 31}, "item": "Life Orb", "teraType": "Rock", "role": "Setup Sweeper", "bvs": {"hp": 70, "atk": 85, "def": 65, "spa": 105, "spd": 85, "spe": 120}, "stats": {"hp": 264, "atk": 198, "def": 163, "spa": 232, "spd": 198, "spe": 259}, "types": ["Grass"]}, "Toxapex": {"name": "Toxapex", "species": "Toxapex", "speciesId": "toxapex", "gender": "F", "shiny": false, "level": 82, "moves": ["haze", "liquidation", "toxic", "recover"], "ability": "Regenerator", "evs": {"hp": 85, "atk": 85, "def": 85, "spa": 85, "spd": 85, "spe": 85}, "ivs": {"hp": 31, "atk": 31, "def": 31, "spa": 31, "spd": 31, "spe": 31}, "item": "Leftovers", "teraType": "Steel", "role": "Bulky Support", "bvs": {"hp": 50, "atk": 63, "def": 152, "spa": 53, "spd": 142, "spe": 35}, "stats": {"hp": 216, "atk": 150, "def": 296, "spa": 134, "spd": 280, "spe": 105}, "types": ["Poison", "Water"]}}]}