{"id": "gen9randombattle-2641602545", "format": "[Gen 9] Random Battle", "players": ["bakavelique", "Knayrus"], "log": "|j|\u2606bakavelique\n|j|\u2606Knayrus\n|t:|1782816806\n|gametype|singles\n|player|p1|bakavelique|2|1979\n|player|p2|Knayrus|drayden|2033\n|gen|9\n|tier|[Gen 9] Random Battle\n|rated|\n|rule|Species Clause: Limit one of each Pok\u00e9mon\n|rule|HP Percentage Mod: HP is shown in percentages\n|rule|Sleep Clause Mod: Limit one foe put to sleep\n|rule|Illusion Level Mod: Illusion disguises the Pok\u00e9mon's true level\n|\n|t:|1782816806\n|teamsize|p1|6\n|teamsize|p2|6\n|start\n|switch|p1a: Alomomola|Alomomola, L87, F|429/429\n|switch|p2a: Pelipper|Pelipper, L86, F|243/243\n|-weather|RainDance|[from] ability: Drizzle|[of] p2a: Pelipper\n|turn|1\n|\n|t:|1782816822\n|move|p1a: Alomomola|Protect|p1a: Alomomola\n|-singleturn|p1a: Alomomola|Protect\n|move|p2a: Pelipper|Hurricane|p1a: Alomomola\n|-activate|p1a: Alomomola|move: Protect\n|\n|-weather|RainDance|[upkeep]\n|upkeep\n|turn|2\n|\n|t:|1782816832\n|move|p1a: Alomomola|Flip Turn|p2a: Pelipper\n|-resisted|p2a: Pelipper\n|-damage|p2a: Pelipper|204/243\n|\n|t:|1782816835\n|switch|p1a: Magnezone|Magnezone, L85|258/258|[from] Flip Turn\n|move|p2a: Pelipper|Hurricane|p1a: Magnezone\n|-resisted|p1a: Magnezone\n|-damage|p1a: Magnezone|211/258\n|-start|p1a: Magnezone|confusion\n|\n|-weather|RainDance|[upkeep]\n|upkeep\n|turn|3\n|\n|t:|1782816852\n|switch|p2a: Mabosstiff|Mabosstiff, L86, F|278/278\n|-activate|p1a: Magnezone|confusion\n|move|p1a: Magnezone|Volt Switch|p2a: Mabosstiff\n|-damage|p2a: Mabosstiff|119/278\n|\n|t:|1782816864\n|switch|p1a: Alomomola|Alomomola, L87, F|429/429|[from] Volt Switch\n|\n|-weather|RainDance|[upkeep]\n|upkeep\n|turn|4\n|\n|t:|1782816868\n|move|p2a: Mabosstiff|Crunch|p1a: Alomomola\n|-damage|p1a: Alomomola|258/429\n|move|p1a: Alomomola|Scald|p2a: Mabosstiff\n|-damage|p2a: Mabosstiff|38/278\n|\n|-weather|RainDance|[upkeep]\n|upkeep\n|turn|5\n|\n|t:|1782816874\n|move|p2a: Mabosstiff|Crunch|p1a: Alomomola\n|-damage|p1a: Alomomola|83/429\n|move|p1a: Alomomola|Wish|p1a: Alomomola\n|\n|-weather|none\n|upkeep\n|turn|6\n|\n|t:|1782816881\n|move|p1a: Alomomola|Protect|p1a: Alomomola\n|-singleturn|p1a: Alomomola|Protect\n|move|p2a: Mabosstiff|Crunch|p1a: Alomomola\n|-activate|p1a: Alomomola|move: Protect\n|\n|-heal|p1a: Alomomola|297/429|[from] move: Wish|[wisher] Alomomola\n|upkeep\n|turn|7\n|\n|t:|1782816892\n|move|p2a: Mabosstiff|Crunch|p1a: Alomomola\n|-damage|p1a: Alomomola|131/429\n|move|p1a: Alomomola|Flip Turn|p2a: Mabosstiff\n|-damage|p2a: Mabosstiff|0 fnt\n|faint|p2a: Mabosstiff\n|\n|t:|1782816897\n|switch|p1a: Magnezone|Magnezone, L85|211/258|[from] Flip Turn\n|\n|upkeep\n|\n|t:|1782816908\n|switch|p2a: Tauros|Tauros-Paldea-Aqua, L81, M|252/252\n|turn|8\n|\n|t:|1782816916\n|move|p1a: Magnezone|Volt Switch|p2a: Tauros\n|-supereffective|p2a: Tauros\n|-damage|p2a: Tauros|18/252\n|-enditem|p2a: Tauros|Sitrus Berry|[eat]\n|-heal|p2a: Tauros|81/252|[from] item: Sitrus Berry\n|\n|t:|1782816922\n|switch|p1a: Alomomola|Alomomola, L87, F|274/429|[from] Volt Switch\n|move|p2a: Tauros|Substitute|p2a: Tauros\n|-start|p2a: Tauros|Substitute\n|-damage|p2a: Tauros|18/252\n|\n|upkeep\n|turn|9\n|\n|t:|1782816929\n|move|p2a: Tauros|Bulk Up|p2a: Tauros\n|-boost|p2a: Tauros|atk|1\n|-boost|p2a: Tauros|def|1\n|move|p1a: Alomomola|Flip Turn|p2a: Tauros\n|-resisted|p2a: Tauros\n|-activate|p2a: Tauros|move: Substitute|[damage]\n|\n|t:|1782816936\n|switch|p1a: Magnezone|Magnezone, L85|211/258|[from] Flip Turn\n|\n|-activate|p2a: Tauros|ability: Cud Chew\n|-enditem|p2a: Tauros|Sitrus Berry|[eat]\n|-heal|p2a: Tauros|81/252|[from] item: Sitrus Berry\n|upkeep\n|turn|10\n|\n|t:|1782816942\n|move|p1a: Magnezone|Volt Switch|p2a: Tauros\n|-supereffective|p2a: Tauros\n|-end|p2a: Tauros|Substitute\n|\n|t:|1782816945\n|switch|p1a: Alomomola|Alomomola, L87, F|417/429|[from] Volt Switch\n|move|p2a: Tauros|Close Combat|p1a: Alomomola\n|-damage|p1a: Alomomola|210/429\n|-unboost|p2a: Tauros|def|1\n|-unboost|p2a: Tauros|spd|1\n|\n|upkeep\n|turn|11\n|\n|t:|1782816953\n|move|p2a: Tauros|Close Combat|p1a: Alomomola\n|-damage|p1a: Alomomola|12/429\n|-unboost|p2a: Tauros|def|1\n|-unboost|p2a: Tauros|spd|1\n|move|p1a: Alomomola|Flip Turn|p2a: Tauros\n|-resisted|p2a: Tauros\n|-damage|p2a: Tauros|43/252\n|\n|t:|1782816960\n|switch|p1a: Magnezone|Magnezone, L85|211/258|[from] Flip Turn\n|\n|upkeep\n|turn|12\n|\n|t:|1782816963\n|move|p1a: Magnezone|Volt Switch|p2a: Tauros\n|-supereffective|p2a: Tauros\n|-damage|p2a: Tauros|0 fnt\n|faint|p2a: Tauros\n|\n|t:|1782816969\n|switch|p1a: Alomomola|Alomomola, L87, F|155/429|[from] Volt Switch\n|\n|upkeep\n|\n|t:|1782816976\n|switch|p2a: Pelipper|Pelipper, L86, F|204/243\n|-weather|RainDance|[from] ability: Drizzle|[of] p2a: Pelipper\n|turn|13\n|\n|t:|1782816982\n|move|p1a: Alomomola|Protect|p1a: Alomomola\n|-singleturn|p1a: Alomomola|Protect\n|move|p2a: Pelipper|Weather Ball|p1a: Alomomola\n|-activate|p1a: Alomomola|move: Protect\n|\n|-weather|RainDance|[upkeep]\n|upkeep\n|turn|14\n|\n|t:|1782816988\n|move|p1a: Alomomola|Flip Turn|p2a: Pelipper\n|-resisted|p2a: Pelipper\n|-damage|p2a: Pelipper|168/243\n|\n|t:|1782816990\n|switch|p1a: Blastoise|Blastoise, L80, F|258/258|[from] Flip Turn\n|move|p2a: Pelipper|Weather Ball|p1a: Blastoise\n|-resisted|p1a: Blastoise\n|-damage|p1a: Blastoise|140/258\n|\n|-weather|RainDance|[upkeep]\n|upkeep\n|turn|15\n|\n|t:|1782816997\n|move|p1a: Blastoise|Shell Smash|p1a: Blastoise\n|-unboost|p1a: Blastoise|def|1\n|-unboost|p1a: Blastoise|spd|1\n|-boost|p1a: Blastoise|atk|2\n|-boost|p1a: Blastoise|spa|2\n|-boost|p1a: Blastoise|spe|2\n|-enditem|p1a: Blastoise|White Herb\n|-clearnegativeboost|p1a: Blastoise|[silent]\n|move|p2a: Pelipper|Weather Ball|p1a: Blastoise\n|-resisted|p1a: Blastoise\n|-damage|p1a: Blastoise|20/258\n|\n|-weather|RainDance|[upkeep]\n|upkeep\n|turn|16\n|\n|t:|1782817006\n|move|p1a: Blastoise|Ice Beam|p2a: Pelipper\n|-damage|p2a: Pelipper|42/243\n|move|p2a: Pelipper|Weather Ball|p1a: Blastoise\n|-resisted|p1a: Blastoise\n|-damage|p1a: Blastoise|0 fnt\n|faint|p1a: Blastoise\n|\n|-weather|RainDance|[upkeep]\n|upkeep\n|\n|t:|1782817018\n|switch|p1a: Alomomola|Alomomola, L87, F|298/429\n|turn|17\n|inactive|Battle timer is ON: inactive players will automatically lose when time's up. (requested by Knayrus)\n|\n|t:|1782817021\n|move|p1a: Alomomola|Scald|p2a: Pelipper\n|-resisted|p2a: Pelipper\n|-damage|p2a: Pelipper|0 fnt\n|faint|p2a: Pelipper\n|\n|-weather|none\n|upkeep\n|\n|t:|1782817028\n|switch|p2a: Lugia|Lugia, L73|275/275\n|turn|18\n|\n|t:|1782817031\n|move|p2a: Lugia|Calm Mind|p2a: Lugia\n|-boost|p2a: Lugia|spa|1\n|-boost|p2a: Lugia|spd|1\n|move|p1a: Alomomola|Flip Turn|p2a: Lugia\n|-damage|p2a: Lugia|251/275\n|\n|t:|1782817037\n|switch|p1a: Sableye|Sableye, L88, F|231/231|[from] Flip Turn\n|\n|upkeep\n|turn|19\n|-message|Knayrus forfeited.\n|\n|win|bakavelique\n|raw|bakavelique's rating: 1979 &rarr; <strong>2002</strong><br />(+23 for winning)\n|raw|Knayrus's rating: 2033 &rarr; <strong>2010</strong><br />(-23 for losing)\n", "inputlog": ">version f8ac14003a5f27e1bdc8d8c59608a773c1cb96e5\n>start {\"formatid\":\"gen9randombattle\",\"seed\":\"sodium,c318957b4f4a7d70b7449d2b92255419\",\"rated\":\"Rated battle\"}\n>player p1 {\"name\":\"bakavelique\",\"avatar\":\"2\",\"rating\":1979,\"seed\":\"sodium,17d062a93af2d0b551678a53c3095600\"}\n>player p2 {\"name\":\"Knayrus\",\"avatar\":\"drayden\",\"rating\":2033,\"seed\":\"sodium,5c32f28f5ab4bfc0b2cccd28707a26da\"}\n>p1 move protect\n>p2 move hurricane\n>p1 move flipturn\n>p2 move hurricane\n>p1 switch 6\n>p1 move voltswitch\n>p2 switch 2\n>p1 switch 6\n>p1 move scald\n>p2 move crunch\n>p1 move wish\n>p2 move crunch\n>p1 move protect\n>p2 move crunch\n>p1 move flipturn\n>p2 move crunch\n>p1 switch 6\n>p2 switch 5\n>p1 move voltswitch\n>p2 move substitute\n>p1 switch 6\n>p1 move flipturn\n>p2 move bulkup\n>p1 switch 6\n>p1 move voltswitch\n>p2 move closecombat\n>p1 switch 6\n>p1 move flipturn\n>p2 move closecombat\n>p1 switch 6\n>p1 move voltswitch\n>p2 move closecombat\n>p1 switch 6\n>p2 switch 2\n>p1 move protect\n>p2 move weatherball\n>p1 move flipturn\n>p2 move weatherball\n>p1 switch 2\n>p1 move shellsmash\n>p2 move weatherball\n>p1 move icebeam\n>p2 move weatherball\n>p1 switch 2\n>p1 move scald\n>p2 move weatherball\n>p2 switch 4\n>p1 move flipturn\n>p2 move calmmind\n>p1 switch 3\n>forcelose p2", "uploadtime": 1782816808, "views": 4, "formatid": "gen9randombattle", "rating": 2002, "private": 0, "password": null, "player_dets": [{"name": "bakavelique", "avatar": "2", "rating": 1979, "seed": "sodium,17d062a93af2d0b551678a53c3095600"}, {"name": "Knayrus", "avatar": "drayden", "rating": 2033, "seed": "sodium,5c32f28f5ab4bfc0b2cccd28707a26da"}], "teams_full": [{"Alomomola": {"name": "Alomomola", "species": "Alomomola", "speciesId": "alomomola", "gender": "F", "shiny": false, "level": 87, "moves": ["wish", "scald", "protect", "flipturn"], "ability": "Regenerator", "evs": {"hp": 85, "atk": 85, "def": 85, "spa": 85, "spd": 85, "spe": 85}, "ivs": {"hp": 31, "atk": 31, "def": 31, "spa": 31, "spd": 31, "spe": 31}, "item": "Heavy-Duty Boots", "teraType": "Poison", "role": "Fast Support", "bvs": {"hp": 165, "atk": 75, "def": 80, "spa": 40, "spd": 45, "spe": 65}, "stats": {"hp": 429, "atk": 180, "def": 189, "spa": 119, "spd": 128, "spe": 163}, "types": ["Water"]}, "Blastoise": {"name": "Blastoise", "species": "Blastoise", "speciesId": "blastoise", "gender": "F", "shiny": false, "level": 80, "moves": ["icebeam", "hydropump", "shellsmash", "terablast"], "ability": "Torrent", "evs": {"hp": 85, "atk": 0, "def": 85, "spa": 85, "spd": 85, "spe": 85}, "ivs": {"hp": 31, "atk": 0, "def": 31, "spa": 31, "spd": 31, "spe": 31}, "item": "White Herb", "teraType": "Grass", "role": "Tera Blast user", "bvs": {"hp": 79, "atk": 83, "def": 100, "spa": 85, "spd": 105, "spe": 78}, "stats": {"hp": 258, "atk": 137, "def": 206, "spa": 182, "spd": 214, "spe": 171}, "types": ["Water"]}, "Sableye": {"name": "Sableye", "species": "Sableye", "speciesId": "sableye", "gender": "F", "shiny": false, "level": 88, "moves": ["encore", "knockoff", "recover", "thunderwave"], "ability": "Prankster", "evs": {"hp": 85, "atk": 85, "def": 85, "spa": 85, "spd": 85, "spe": 85}, "ivs": {"hp": 31, "atk": 31, "def": 31, "spa": 31, "spd": 31, "spe": 31}, "item": "Leftovers", "teraType": "Poison", "role": "Bulky Support", "bvs": {"hp": 50, "atk": 75, "def": 75, "spa": 65, "spd": 65, "spe": 50}, "stats": {"hp": 231, "atk": 182, "def": 182, "spa": 165, "spd": 165, "spe": 138}, "types": ["Dark", "Ghost"]}, "Mesprit": {"name": "Mesprit", "species": "Mesprit", "speciesId": "mesprit", "gender": "N", "shiny": false, "level": 85, "moves": ["nastyplot", "shadowball", "thunderbolt", "psychic"], "ability": "Levitate", "evs": {"hp": 85, "atk": 0, "def": 85, "spa": 85, "spd": 85, "spe": 85}, "ivs": {"hp": 31, "atk": 0, "def": 31, "spa": 31, "spd": 31, "spe": 31}, "item": "Life Orb", "teraType": "Electric", "role": "Fast Attacker", "bvs": {"hp": 80, "atk": 105, "def": 105, "spa": 105, "spd": 105, "spe": 80}, "stats": {"hp": 275, "atk": 183, "def": 227, "spa": 227, "spd": 227, "spe": 185}, "types": ["Psychic"]}, "Dugtrio": {"name": "Dugtrio", "species": "Dugtrio", "speciesId": "dugtrio", "gender": "M", "shiny": false, "level": 84, "moves": ["earthquake", "stoneedge", "swordsdance", "suckerpunch"], "ability": "Arena Trap", "evs": {"hp": 85, "atk": 85, "def": 85, "spa": 85, "spd": 85, "spe": 85}, "ivs": {"hp": 31, "atk": 31, "def": 31, "spa": 31, "spd": 31, "spe": 31}, "item": "Life Orb", "teraType": "Flying", "role": "Fast Support", "bvs": {"hp": 35, "atk": 100, "def": 50, "spa": 50, "spd": 70, "spe": 120}, "stats": {"hp": 196, "atk": 216, "def": 132, "spa": 132, "spd": 166, "spe": 250}, "types": ["Ground"]}, "Magnezone": {"name": "Magnezone", "species": "Magnezone", "speciesId": "magnezone", "gender": "N", "shiny": false, "level": 85, "moves": ["thunderbolt", "voltswitch", "bodypress", "flashcannon"], "ability": "Analytic", "evs": {"hp": 85, "atk": 0, "def": 85, "spa": 85, "spd": 85, "spe": 85}, "ivs": {"hp": 31, "atk": 0, "def": 31, "spa": 31, "spd": 31, "spe": 31}, "item": "Choice Scarf", "teraType": "Electric", "role": "Fast Attacker", "bvs": {"hp": 70, "atk": 70, "def": 115, "spa": 130, "spd": 90, "spe": 60}, "stats": {"hp": 258, "atk": 124, "def": 244, "spa": 270, "spd": 202, "spe": 151}, "types": ["Electric", "Steel"]}}, {"Pelipper": {"name": "Pelipper", "species": "Pelipper", "speciesId": "pelipper", "gender": "F", "shiny": false, "level": 86, "moves": ["uturn", "hurricane", "weatherball", "hydropump"], "ability": "Drizzle", "evs": {"hp": 85, "atk": 85, "def": 85, "spa": 85, "spd": 85, "spe": 85}, "ivs": {"hp": 31, "atk": 31, "def": 31, "spa": 31, "spd": 31, "spe": 31}, "item": "Choice Specs", "teraType": "Water", "role": "Wallbreaker", "bvs": {"hp": 60, "atk": 50, "def": 100, "spa": 95, "spd": 70, "spe": 65}, "stats": {"hp": 243, "atk": 135, "def": 221, "spa": 213, "spd": 170, "spe": 161}, "types": ["Water", "Flying"]}, "Mabosstiff": {"name": "Mabosstiff", "species": "Mabosstiff", "speciesId": "mabosstiff", "gender": "F", "shiny": false, "level": 86, "moves": ["wildcharge", "crunch", "playrough", "psychicfangs"], "ability": "Stakeout", "evs": {"hp": 85, "atk": 85, "def": 85, "spa": 85, "spd": 85, "spe": 85}, "ivs": {"hp": 31, "atk": 31, "def": 31, "spa": 31, "spd": 31, "spe": 31}, "item": "Choice Band", "teraType": "Fairy", "role": "Bulky Attacker", "bvs": {"hp": 80, "atk": 120, "def": 90, "spa": 60, "spd": 70, "spe": 85}, "stats": {"hp": 278, "atk": 256, "def": 204, "spa": 152, "spd": 170, "spe": 195}, "types": ["Dark"]}, "Skeledirge": {"name": "Skeledirge", "species": "Skeledirge", "speciesId": "skeledirge", "gender": "M", "shiny": false, "level": 79, "moves": ["flamecharge", "torchsong", "slackoff", "shadowball"], "ability": "Unaware", "evs": {"hp": 85, "atk": 85, "def": 85, "spa": 85, "spd": 85, "spe": 85}, "ivs": {"hp": 31, "atk": 31, "def": 31, "spa": 31, "spd": 31, "spe": 31}, "item": "Heavy-Duty Boots", "teraType": "Water", "role": "Bulky Attacker", "bvs": {"hp": 104, "atk": 75, "def": 100, "spa": 110, "spd": 75, "spe": 66}, "stats": {"hp": 294, "atk": 164, "def": 204, "spa": 219, "spd": 164, "spe": 150}, "types": ["Fire", "Ghost"]}, "Lugia": {"name": "Lugia", "species": "Lugia", "speciesId": "lugia", "gender": "N", "shiny": false, "level": 73, "moves": ["aeroblast", "recover", "psychicnoise", "calmmind"], "ability": "Multiscale", "evs": {"hp": 85, "atk": 0, "def": 85, "spa": 85, "spd": 85, "spe": 85}, "ivs": {"hp": 31, "atk": 0, "def": 31, "spa": 31, "spd": 31, "spe": 31}, "item": "Heavy-Duty Boots", "teraType": "Steel", "role": "Setup Sweeper", "bvs": {"hp": 106, "atk": 90, "def": 130, "spa": 90, "spd": 154, "spe": 110}, "stats": {"hp": 275, "atk": 136, "def": 232, "spa": 174, "spd": 267, "spe": 203}, "types": ["Psychic", "Flying"]}, "Tauros": {"name": "Tauros", "species": "Tauros-Paldea-Aqua", "speciesId": "taurospaldeaaqua", "gender": "M", "shiny": false, "level": 81, "moves": ["closecombat", "liquidation", "substitute", "bulkup"], "ability": "Cud Chew", "evs": {"hp": 73, "atk": 85, "def": 85, "spa": 85, "spd": 85, "spe": 85}, "ivs": {"hp": 31, "atk": 31, "def": 31, "spa": 31, "spd": 31, "spe": 31}, "item": "Sitrus Berry", "teraType": "Steel", "role": "Fast Bulky Setup", "bvs": {"hp": 75, "atk": 110, "def": 105, "spa": 30, "spd": 70, "spe": 100}, "stats": {"hp": 252, "atk": 225, "def": 217, "spa": 95, "spd": 160, "spe": 209}, "types": ["Fighting", "Water"]}, "Dragapult": {"name": "Dragapult", "species": "Dragapult", "speciesId": "dragapult", "gender": "F", "shiny": false, "level": 77, "moves": ["dragondance", "dragondarts", "fireblast", "terablast"], "ability": "Clear Body", "evs": {"hp": 85, "atk": 85, "def": 85, "spa": 85, "spd": 85, "spe": 85}, "ivs": {"hp": 31, "atk": 31, "def": 31, "spa": 31, "spd": 31, "spe": 31}, "item": "Life Orb", "teraType": "Ghost", "role": "Tera Blast user", "bvs": {"hp": 88, "atk": 120, "def": 75, "spa": 100, "spd": 75, "spe": 142}, "stats": {"hp": 262, "atk": 229, "def": 160, "spa": 199, "spd": 160, "spe": 263}, "types": ["Dragon", "Ghost"]}}]}