{"id": "gen9randombattle-2641739658", "format": "[Gen 9] Random Battle", "players": ["Smucky", "Chakraisgae"], "log": "|badge|p2|bronze|gen9randombattle|100-9\n|html|<div class=\"broadcast-red\"><strong>This battle is required to be public due to one or more player having a season medal.</strong><br />During the public phase, you can discuss the state of the ladder <a href=\"/seasondiscussion\">in a special chatroom.</a></div>\n|uhtml|medal-msg|<div class=\"broadcast-blue\">Curious what those medals under the avatar are? PS now has Ladder Seasons! For more information, check out the <a href=\"https://www.smogon.com/forums/threads/3740067/\">thread on Smogon.</a></div>\n|j|\u2606Smucky\n|j|\u2606Chakraisgae\n|t:|1782836212\n|gametype|singles\n|player|p1|Smucky|cynthia-gen7|2205\n|player|p2|Chakraisgae|102|2277\n|gen|9\n|tier|[Gen 9] Random Battle\n|rated|\n|rule|Species Clause: Limit one of each Pok\u00e9mon\n|rule|HP Percentage Mod: HP is shown in percentages\n|rule|Sleep Clause Mod: Limit one foe put to sleep\n|rule|Illusion Level Mod: Illusion disguises the Pok\u00e9mon's true level\n|\n|t:|1782836212\n|teamsize|p1|6\n|teamsize|p2|6\n|start\n|switch|p1a: Magnezone|Magnezone, L85|258/258\n|switch|p2a: Lugia|Lugia, L73|275/275\n|turn|1\n|inactive|Battle timer is ON: inactive players will automatically lose when time's up. (requested by Chakraisgae)\n|\n|t:|1782836228\n|switch|p2a: Excadrill|Excadrill, L79, M|303/303\n|-ability|p2a: Excadrill|Mold Breaker\n|move|p1a: Magnezone|Volt Switch|p2a: Excadrill\n|-immune|p2a: Excadrill\n|\n|upkeep\n|turn|2\n|\n|t:|1782836237\n|switch|p1a: Breloom|Breloom, L83, M|235/235\n|move|p2a: Excadrill|Rock Slide|p1a: Breloom|[miss]\n|-miss|p2a: Excadrill|p1a: Breloom\n|\n|upkeep\n|turn|3\n|\n|t:|1782836260\n|move|p2a: Excadrill|Iron Head|p1a: Breloom\n|-damage|p1a: Breloom|136/235\n|cant|p1a: Breloom|flinch\n|\n|upkeep\n|turn|4\n|\n|t:|1782836266\n|switch|p2a: Lugia|Lugia, L73|275/275\n|move|p1a: Breloom|Spore|p2a: Lugia\n|-status|p2a: Lugia|slp|[from] move: Spore\n|\n|upkeep\n|turn|5\n|\n|t:|1782836278\n|switch|p2a: Flygon|Flygon, L82, F|265/265\n|move|p1a: Breloom|Rock Tomb|p2a: Flygon\n|-resisted|p2a: Flygon\n|-damage|p2a: Flygon|209/265\n|-unboost|p2a: Flygon|spe|1\n|-damage|p1a: Breloom|113/235|[from] item: Life Orb\n|\n|upkeep\n|turn|6\n|\n|t:|1782836285\n|move|p2a: Flygon|Outrage|p1a: Breloom\n|-damage|p1a: Breloom|0 fnt\n|faint|p1a: Breloom\n|\n|upkeep\n|\n|t:|1782836305\n|switch|p1a: Barraskewda|Barraskewda, L81, F|231/231\n|turn|7\n|\n|t:|1782836309\n|move|p1a: Barraskewda|Waterfall|p2a: Flygon\n|-damage|p2a: Flygon|56/265\n|move|p2a: Flygon|Outrage|p1a: Barraskewda|[from] lockedmove\n|-damage|p1a: Barraskewda|69/231\n|-start|p2a: Flygon|confusion|[fatigue]\n|\n|upkeep\n|turn|8\n|\n|t:|1782836323\n|switch|p2a: Persian|Persian-Alola, L86, F|252/252\n|move|p1a: Barraskewda|Waterfall|p2a: Persian\n|-damage|p2a: Persian|162/252\n|\n|upkeep\n|turn|9\n|\n|t:|1782836328\n|switch|p1a: Magnezone|Magnezone, L85|258/258\n|move|p2a: Persian|Dark Pulse|p1a: Magnezone\n|-damage|p1a: Magnezone|196/258\n|-damage|p2a: Persian|137/252|[from] item: Life Orb\n|\n|upkeep\n|turn|10\n|\n|t:|1782836337\n|switch|p2a: Excadrill|Excadrill, L79, M|303/303\n|-ability|p2a: Excadrill|Mold Breaker\n|move|p1a: Magnezone|Body Press|p2a: Excadrill\n|-supereffective|p2a: Excadrill\n|-damage|p2a: Excadrill|55/303\n|\n|upkeep\n|turn|11\n|\n|t:|1782836347\n|switch|p2a: Braviary|Braviary-Hisui, L85, M|326/326\n|switch|p1a: Komala|Komala, L88, M|258/258\n|-ability|p1a: Komala|Comatose\n|\n|upkeep\n|turn|12\n|\n|t:|1782836356\n|switch|p2a: Persian|Persian-Alola, L86, F|137/252\n|move|p1a: Komala|Body Slam|p2a: Persian\n|-damage|p2a: Persian|29/252\n|-status|p2a: Persian|par\n|\n|upkeep\n|turn|13\n|\n|t:|1782836361\n|move|p1a: Komala|Body Slam|p2a: Persian\n|-damage|p2a: Persian|0 fnt\n|faint|p2a: Persian\n|\n|upkeep\n|\n|t:|1782836365\n|switch|p2a: Muk|Muk-Alola, L82, F|306/306\n|turn|14\n|\n|t:|1782836373\n|move|p1a: Komala|Body Slam|p2a: Muk\n|-damage|p2a: Muk|108/306\n|-status|p2a: Muk|par\n|move|p2a: Muk|Knock Off|p1a: Komala\n|-damage|p1a: Komala|129/258\n|-enditem|p1a: Komala|Choice Band|[from] move: Knock Off|[of] p2a: Muk\n|\n|upkeep\n|turn|15\n|\n|t:|1782836380\n|move|p1a: Komala|Body Slam|p2a: Muk\n|-damage|p2a: Muk|0 fnt\n|faint|p2a: Muk\n|\n|upkeep\n|\n|t:|1782836385\n|switch|p2a: Excadrill|Excadrill, L79, M|55/303\n|-ability|p2a: Excadrill|Mold Breaker\n|turn|16\n|\n|t:|1782836394\n|move|p2a: Excadrill|Earthquake|p1a: Komala\n|-damage|p1a: Komala|0 fnt\n|faint|p1a: Komala\n|\n|upkeep\n|\n|t:|1782836396\n|switch|p1a: Barraskewda|Barraskewda, L81, F|69/231\n|turn|17\n|\n|t:|1782836413\n|move|p1a: Barraskewda|Flip Turn|p2a: Excadrill\n|-supereffective|p2a: Excadrill\n|-damage|p2a: Excadrill|0 fnt\n|faint|p2a: Excadrill\n|\n|t:|1782836417\n|switch|p1a: Magnezone|Magnezone, L85|196/258|[from] Flip Turn\n|\n|upkeep\n|\n|t:|1782836423\n|switch|p2a: Flygon|Flygon, L82, F|56/265\n|turn|18\n|\n|t:|1782836430\n|move|p2a: Flygon|Earthquake|p1a: Magnezone\n|-supereffective|p1a: Magnezone\n|-damage|p1a: Magnezone|0 fnt\n|faint|p1a: Magnezone\n|\n|upkeep\n|\n|t:|1782836431\n|switch|p1a: Barraskewda|Barraskewda, L81, F|69/231\n|turn|19\n|\n|t:|1782836436\n|move|p2a: Flygon|Earthquake|p1a: Barraskewda\n|-damage|p1a: Barraskewda|0 fnt\n|faint|p1a: Barraskewda\n|\n|upkeep\n|\n|t:|1782836442\n|switch|p1a: Blaziken|Blaziken, L76, M|247/247\n|turn|20\n|\n|t:|1782836448\n|-terastallize|p1a: Blaziken|Fighting\n|move|p2a: Flygon|Earthquake|p1a: Blaziken\n|-damage|p1a: Blaziken|115/247\n|move|p1a: Blaziken|Knock Off|p2a: Flygon\n|-damage|p2a: Flygon|0 fnt\n|-enditem|p2a: Flygon|Choice Scarf|[from] move: Knock Off|[of] p1a: Blaziken\n|faint|p2a: Flygon\n|-damage|p1a: Blaziken|91/247|[from] item: Life Orb\n|\n|-ability|p1a: Blaziken|Speed Boost|boost\n|-boost|p1a: Blaziken|spe|1\n|upkeep\n|\n|t:|1782836472\n|switch|p2a: Braviary|Braviary-Hisui, L85, M|326/326\n|turn|21\n|\n|t:|1782836476\n|move|p1a: Blaziken|Knock Off|p2a: Braviary\n|-supereffective|p2a: Braviary\n|-damage|p2a: Braviary|131/326\n|-enditem|p2a: Braviary|Life Orb|[from] move: Knock Off|[of] p1a: Blaziken\n|-damage|p1a: Blaziken|67/247|[from] item: Life Orb\n|move|p2a: Braviary|Psychic|p1a: Blaziken\n|-supereffective|p1a: Blaziken\n|-damage|p1a: Blaziken|0 fnt\n|faint|p1a: Blaziken\n|\n|upkeep\n|\n|t:|1782836480\n|switch|p1a: Regieleki|Regieleki, L79|256/256\n|turn|22\n|\n|t:|1782836489\n|move|p1a: Regieleki|Thunderbolt|p2a: Braviary\n|-supereffective|p2a: Braviary\n|-damage|p2a: Braviary|0 fnt\n|faint|p2a: Braviary\n|\n|upkeep\n|\n|t:|1782836491\n|switch|p2a: Lugia|Lugia, L73|275/275 slp\n|turn|23\n|\n|t:|1782836494\n|-terastallize|p2a: Lugia|Ground\n|move|p1a: Regieleki|Thunderbolt|p2a: Lugia\n|-immune|p2a: Lugia\n|cant|p2a: Lugia|slp\n|\n|upkeep\n|turn|24\n|\n|t:|1782836499\n|move|p1a: Regieleki|Rapid Spin|p2a: Lugia\n|-damage|p2a: Lugia|261/275 slp\n|-boost|p1a: Regieleki|spe|1\n|cant|p2a: Lugia|slp\n|\n|upkeep\n|turn|25\n|\n|t:|1782836502\n|move|p1a: Regieleki|Explosion|p2a: Lugia\n|-damage|p2a: Lugia|122/275 slp\n|faint|p1a: Regieleki\n|\n|win|Chakraisgae\n|raw|Smucky's rating: 2205 &rarr; <strong>2189</strong><br />(-16 for losing)\n|raw|Chakraisgae's rating: 2277 &rarr; <strong>2293</strong><br />(+16 for winning)\n", "inputlog": ">version f8ac14003a5f27e1bdc8d8c59608a773c1cb96e5\n>start {\"formatid\":\"gen9randombattle\",\"seed\":\"sodium,b1460a4ac1bd7b89bf33bb031770bf27\",\"rated\":\"Rated battle\"}\n>player p1 {\"name\":\"Smucky\",\"avatar\":\"cynthia-gen7\",\"rating\":2205,\"seed\":\"sodium,c3c621c4297a1c4af6882e77b7a592d9\"}\n>player p2 {\"name\":\"Chakraisgae\",\"avatar\":\"102\",\"rating\":2277,\"seed\":\"sodium,5bd15cee0f728a35a014fd3906939496\"}\n>p1 move voltswitch\n>p2 switch 6\n>p1 switch 6\n>p2 move rockslide\n>p1 move spore\n>p2 move ironhead\n>p1 move spore\n>p2 switch 6\n>p1 move rocktomb\n>p2 switch 5\n>p1 move bulletseed\n>p2 move outrage\n>p1 switch 5\n>p1 move waterfall\n>p2 move outrage\n>p1 move waterfall\n>p2 switch 3\n>p1 switch 6\n>p2 move darkpulse\n>p1 move bodypress\n>p2 switch 6\n>p1 switch 4\n>p2 switch 2\n>p1 move bodyslam\n>p2 switch 6\n>p1 move bodyslam\n>p2 move darkpulse\n>p2 switch 4\n>p1 move bodyslam\n>p2 move knockoff\n>p1 move bodyslam\n>p2 move drainpunch\n>p2 switch 2\n>p1 move knockoff\n>p2 move earthquake\n>p1 switch 6\n>p1 move flipturn\n>p2 move ironhead\n>p1 switch 4\n>p2 switch 3\n>p1 move bodypress\n>p2 move earthquake\n>p1 switch 4\n>p1 move flipturn\n>p2 move earthquake\n>p1 switch 3\n>p1 move knockoff terastallize\n>p2 move earthquake\n>p2 switch 6\n>p1 move knockoff\n>p2 move psychic\n>p1 switch 2\n>p1 move thunderbolt\n>p2 move psychic\n>p2 switch 5\n>p1 move thunderbolt\n>p2 move earthpower terastallize\n>p1 move rapidspin\n>p2 move earthpower\n>p1 move explosion\n>p2 move earthpower", "uploadtime": 1782836216, "views": 9, "formatid": "gen9randombattle", "rating": 2189, "private": 0, "password": null, "player_dets": [{"name": "Smucky", "avatar": "cynthia-gen7", "rating": 2205, "seed": "sodium,c3c621c4297a1c4af6882e77b7a592d9"}, {"name": "Chakraisgae", "avatar": "102", "rating": 2277, "seed": "sodium,5bd15cee0f728a35a014fd3906939496"}], "teams_full": [{"Magnezone": {"name": "Magnezone", "species": "Magnezone", "speciesId": "magnezone", "gender": "N", "shiny": false, "level": 85, "moves": ["thunderbolt", "bodypress", "voltswitch", "flashcannon"], "ability": "Analytic", "evs": {"hp": 85, "atk": 0, "def": 85, "spa": 85, "spd": 85, "spe": 85}, "ivs": {"hp": 31, "atk": 0, "def": 31, "spa": 31, "spd": 31, "spe": 31}, "item": "Assault Vest", "teraType": "Flying", "role": "AV Pivot", "bvs": {"hp": 70, "atk": 70, "def": 115, "spa": 130, "spd": 90, "spe": 60}, "stats": {"hp": 258, "atk": 124, "def": 244, "spa": 270, "spd": 202, "spe": 151}, "types": ["Electric", "Steel"]}, "Regieleki": {"name": "Regieleki", "species": "Regieleki", "speciesId": "regieleki", "gender": "N", "shiny": false, "level": 79, "moves": ["explosion", "rapidspin", "voltswitch", "thunderbolt"], "ability": "Transistor", "evs": {"hp": 85, "atk": 85, "def": 85, "spa": 85, "spd": 85, "spe": 85}, "ivs": {"hp": 31, "atk": 31, "def": 31, "spa": 31, "spd": 31, "spe": 31}, "item": "Magnet", "teraType": "Electric", "role": "Fast Support", "bvs": {"hp": 80, "atk": 100, "def": 50, "spa": 100, "spd": 50, "spe": 200}, "stats": {"hp": 256, "atk": 204, "def": 125, "spa": 204, "spd": 125, "spe": 362}, "types": ["Electric"]}, "Blaziken": {"name": "Blaziken", "species": "Blaziken", "speciesId": "blaziken", "gender": "M", "shiny": false, "level": 76, "moves": ["swordsdance", "flareblitz", "closecombat", "knockoff"], "ability": "Speed Boost", "evs": {"hp": 85, "atk": 85, "def": 85, "spa": 85, "spd": 85, "spe": 85}, "ivs": {"hp": 31, "atk": 31, "def": 31, "spa": 31, "spd": 31, "spe": 31}, "item": "Life Orb", "teraType": "Fighting", "role": "Setup Sweeper", "bvs": {"hp": 80, "atk": 120, "def": 70, "spa": 110, "spd": 70, "spe": 80}, "stats": {"hp": 247, "atk": 226, "def": 150, "spa": 211, "spd": 150, "spe": 166}, "types": ["Fire", "Fighting"]}, "Komala": {"name": "Komala", "species": "Komala", "speciesId": "komala", "gender": "M", "shiny": false, "level": 88, "moves": ["bodyslam", "uturn", "earthquake", "knockoff"], "ability": "Comatose", "evs": {"hp": 85, "atk": 85, "def": 85, "spa": 85, "spd": 85, "spe": 85}, "ivs": {"hp": 31, "atk": 31, "def": 31, "spa": 31, "spd": 31, "spe": 31}, "item": "Choice Band", "teraType": "Ghost", "role": "Bulky Support", "bvs": {"hp": 65, "atk": 115, "def": 65, "spa": 75, "spd": 95, "spe": 65}, "stats": {"hp": 258, "atk": 253, "def": 165, "spa": 182, "spd": 217, "spe": 165}, "types": ["Normal"]}, "Barraskewda": {"name": "Barraskewda", "species": "Barraskewda", "speciesId": "barraskewda", "gender": "F", "shiny": false, "level": 81, "moves": ["psychicfangs", "waterfall", "flipturn", "closecombat"], "ability": "Swift Swim", "evs": {"hp": 85, "atk": 85, "def": 85, "spa": 85, "spd": 85, "spe": 85}, "ivs": {"hp": 31, "atk": 31, "def": 31, "spa": 31, "spd": 31, "spe": 31}, "item": "Choice Band", "teraType": "Fighting", "role": "Wallbreaker", "bvs": {"hp": 61, "atk": 123, "def": 60, "spa": 60, "spd": 50, "spe": 136}, "stats": {"hp": 231, "atk": 246, "def": 144, "spa": 144, "spd": 128, "spe": 267}, "types": ["Water"]}, "Breloom": {"name": "Breloom", "species": "Breloom", "speciesId": "breloom", "gender": "M", "shiny": false, "level": 83, "moves": ["bulletseed", "machpunch", "rocktomb", "spore"], "ability": "Technician", "evs": {"hp": 85, "atk": 85, "def": 85, "spa": 85, "spd": 85, "spe": 85}, "ivs": {"hp": 31, "atk": 31, "def": 31, "spa": 31, "spd": 31, "spe": 31}, "item": "Life Orb", "teraType": "Rock", "role": "Fast Attacker", "bvs": {"hp": 60, "atk": 130, "def": 80, "spa": 60, "spd": 60, "spe": 70}, "stats": {"hp": 235, "atk": 263, "def": 180, "spa": 147, "spd": 147, "spe": 164}, "types": ["Grass", "Fighting"]}}, {"Lugia": {"name": "Lugia", "species": "Lugia", "speciesId": "lugia", "gender": "N", "shiny": false, "level": 73, "moves": ["calmmind", "earthpower", "aeroblast", "recover"], "ability": "Multiscale", "evs": {"hp": 85, "atk": 0, "def": 85, "spa": 85, "spd": 85, "spe": 85}, "ivs": {"hp": 31, "atk": 0, "def": 31, "spa": 31, "spd": 31, "spe": 31}, "item": "Heavy-Duty Boots", "teraType": "Ground", "role": "Bulky Setup", "bvs": {"hp": 106, "atk": 90, "def": 130, "spa": 90, "spd": 154, "spe": 110}, "stats": {"hp": 275, "atk": 136, "def": 232, "spa": 174, "spd": 267, "spe": 203}, "types": ["Psychic", "Flying"]}, "Braviary": {"name": "Braviary", "species": "Braviary-Hisui", "speciesId": "braviaryhisui", "gender": "M", "shiny": false, "level": 85, "moves": ["hurricane", "psychic", "agility", "heatwave"], "ability": "Sheer Force", "evs": {"hp": 85, "atk": 0, "def": 85, "spa": 85, "spd": 85, "spe": 85}, "ivs": {"hp": 31, "atk": 0, "def": 31, "spa": 31, "spd": 31, "spe": 31}, "item": "Life Orb", "teraType": "Fairy", "role": "Setup Sweeper", "bvs": {"hp": 110, "atk": 83, "def": 70, "spa": 112, "spd": 70, "spe": 65}, "stats": {"hp": 326, "atk": 146, "def": 168, "spa": 239, "spd": 168, "spe": 159}, "types": ["Psychic", "Flying"]}, "Persian": {"name": "Persian", "species": "Persian-Alola", "speciesId": "persianalola", "gender": "F", "shiny": false, "level": 86, "moves": ["nastyplot", "darkpulse", "terablast", "thunderbolt"], "ability": "Fur Coat", "evs": {"hp": 85, "atk": 0, "def": 85, "spa": 85, "spd": 85, "spe": 85}, "ivs": {"hp": 31, "atk": 0, "def": 31, "spa": 31, "spd": 31, "spe": 31}, "item": "Life Orb", "teraType": "Fairy", "role": "Tera Blast user", "bvs": {"hp": 65, "atk": 60, "def": 60, "spa": 75, "spd": 65, "spe": 115}, "stats": {"hp": 252, "atk": 108, "def": 152, "spa": 178, "spd": 161, "spe": 247}, "types": ["Dark"]}, "Muk": {"name": "Muk", "species": "Muk-Alola", "speciesId": "mukalola", "gender": "F", "shiny": false, "level": 82, "moves": ["gunkshot", "drainpunch", "knockoff", "shadowsneak"], "ability": "Poison Touch", "evs": {"hp": 85, "atk": 85, "def": 85, "spa": 85, "spd": 85, "spe": 85}, "ivs": {"hp": 31, "atk": 31, "def": 31, "spa": 31, "spd": 31, "spe": 31}, "item": "Assault Vest", "teraType": "Fighting", "role": "AV Pivot", "bvs": {"hp": 105, "atk": 105, "def": 75, "spa": 65, "spd": 100, "spe": 50}, "stats": {"hp": 306, "atk": 219, "def": 170, "spa": 154, "spd": 211, "spe": 129}, "types": ["Poison", "Dark"]}, "Flygon": {"name": "Flygon", "species": "Flygon", "speciesId": "flygon", "gender": "F", "shiny": false, "level": 82, "moves": ["uturn", "earthquake", "stoneedge", "outrage"], "ability": "Levitate", "evs": {"hp": 85, "atk": 85, "def": 85, "spa": 85, "spd": 85, "spe": 85}, "ivs": {"hp": 31, "atk": 31, "def": 31, "spa": 31, "spd": 31, "spe": 31}, "item": "Choice Scarf", "teraType": "Steel", "role": "Fast Attacker", "bvs": {"hp": 80, "atk": 100, "def": 80, "spa": 80, "spd": 80, "spe": 100}, "stats": {"hp": 265, "atk": 211, "def": 178, "spa": 178, "spd": 178, "spe": 211}, "types": ["Ground", "Dragon"]}, "Excadrill": {"name": "Excadrill", "species": "Excadrill", "speciesId": "excadrill", "gender": "M", "shiny": false, "level": 79, "moves": ["rapidspin", "earthquake", "rockslide", "ironhead"], "ability": "Mold Breaker", "evs": {"hp": 85, "atk": 85, "def": 85, "spa": 85, "spd": 85, "spe": 85}, "ivs": {"hp": 31, "atk": 31, "def": 31, "spa": 31, "spd": 31, "spe": 31}, "item": "Assault Vest", "teraType": "Grass", "role": "AV Pivot", "bvs": {"hp": 110, "atk": 135, "def": 60, "spa": 50, "spd": 65, "spe": 88}, "stats": {"hp": 303, "atk": 259, "def": 140, "spa": 125, "spd": 148, "spe": 185}, "types": ["Ground", "Steel"]}}]}