{"id": "gen9randombattle-2641423112", "format": "[Gen 9] Random Battle", "players": ["WrathOfTrump", "AdamantRugaji"], "log": "|j|\u2606WrathOfTrump\n|j|\u2606AdamantRugaji\n|t:|1782782527\n|gametype|singles\n|player|p1|WrathOfTrump|102|1072\n|player|p2|AdamantRugaji|volkner|1108\n|gen|9\n|tier|[Gen 9] Random Battle\n|rated|\n|rule|Species Clause: Limit one of each Pok\u00e9mon\n|rule|HP Percentage Mod: HP is shown in percentages\n|rule|Sleep Clause Mod: Limit one foe put to sleep\n|rule|Illusion Level Mod: Illusion disguises the Pok\u00e9mon's true level\n|\n|t:|1782782527\n|teamsize|p1|6\n|teamsize|p2|6\n|start\n|switch|p1a: Toedscruel|Toedscruel, L87, F|281/281\n|switch|p2a: Torkoal|Torkoal, L88, M|266/266\n|-weather|SunnyDay|[from] ability: Drought|[of] p2a: Torkoal\n|turn|1\n|inactive|Battle timer is ON: inactive players will automatically lose when time's up. (requested by AdamantRugaji)\n|inactive|WrathOfTrump has 120 seconds left.\n|inactive|WrathOfTrump has 90 seconds left.\n|\n|t:|1782782625\n|switch|p2a: Drednaw|Drednaw, L81, F|219/219\n|move|p1a: Toedscruel|Spore|p2a: Drednaw\n|-status|p2a: Drednaw|slp|[from] move: Spore\n|\n|-weather|SunnyDay|[upkeep]\n|upkeep\n|turn|2\n|c|\u2606WrathOfTrump|Ready to lose ? \ud83e\udd23\n|\n|t:|1782782646\n|move|p1a: Toedscruel|Giga Drain|p2a: Drednaw\n|-damage|p2a: Drednaw|114/219 slp\n|replace|p2a: Zoroark|Zoroark-Hisui, L80, M\n|-end|p2a: Zoroark|Illusion\n|-hint|Illusion Level Mod is active, so this Pok\u00e9mon's true level was hidden.\n|cant|p2a: Zoroark|slp\n|\n|-weather|SunnyDay|[upkeep]\n|upkeep\n|turn|3\n|\n|t:|1782782661\n|move|p1a: Toedscruel|Rapid Spin|p2a: Zoroark\n|-immune|p2a: Zoroark\n|cant|p2a: Zoroark|slp\n|\n|-weather|SunnyDay|[upkeep]\n|upkeep\n|turn|4\n|\n|t:|1782782672\n|move|p1a: Toedscruel|Giga Drain|p2a: Zoroark\n|-damage|p2a: Zoroark|14/219 slp\n|-curestatus|p2a: Zoroark|slp|[msg]\n|move|p2a: Zoroark|Hyper Voice|p1a: Toedscruel\n|-damage|p1a: Toedscruel|164/281\n|-damage|p2a: Zoroark|0 fnt|[from] item: Life Orb\n|faint|p2a: Zoroark\n|\n|-weather|SunnyDay|[upkeep]\n|-heal|p1a: Toedscruel|181/281|[from] item: Leftovers\n|upkeep\n|\n|t:|1782782684\n|switch|p2a: Tatsugiri|Tatsugiri, L87, M|260/260\n|turn|5\n|\n|t:|1782782692\n|switch|p2a: Rayquaza|Rayquaza, L72|270/270\n|-ability|p2a: Rayquaza|Air Lock\n|move|p1a: Toedscruel|Spore|p2a: Rayquaza\n|-status|p2a: Rayquaza|slp|[from] move: Spore\n|\n|-weather|none\n|-heal|p1a: Toedscruel|198/281|[from] item: Leftovers\n|upkeep\n|turn|6\n|\n|t:|1782782717\n|switch|p1a: Floatzel|Floatzel, L86, M|286/286\n|switch|p2a: Alcremie|Alcremie, L90, F|263/263\n|\n|upkeep\n|turn|7\n|\n|t:|1782782730\n|move|p1a: Floatzel|Flip Turn|p2a: Alcremie\n|-damage|p2a: Alcremie|142/263\n|\n|t:|1782782736\n|switch|p1a: Cobalion|Cobalion, L80|277/277|[from] Flip Turn\n|move|p2a: Alcremie|Alluring Voice|p1a: Cobalion\n|-damage|p1a: Cobalion|138/277\n|\n|-heal|p1a: Cobalion|155/277|[from] item: Leftovers\n|-heal|p2a: Alcremie|158/263|[from] item: Leftovers\n|upkeep\n|turn|8\n|\n|t:|1782782753\n|switch|p2a: Torkoal|Torkoal, L88, M|266/266\n|-weather|SunnyDay|[from] ability: Drought|[of] p2a: Torkoal\n|move|p1a: Cobalion|Calm Mind|p1a: Cobalion\n|-boost|p1a: Cobalion|spa|1\n|-boost|p1a: Cobalion|spd|1\n|\n|-weather|SunnyDay|[upkeep]\n|-heal|p1a: Cobalion|172/277|[from] item: Leftovers\n|upkeep\n|turn|9\n|\n|t:|1782782767\n|move|p1a: Cobalion|Aura Sphere|p2a: Torkoal\n|-damage|p2a: Torkoal|131/266\n|move|p2a: Torkoal|Fire Blast|p1a: Cobalion\n|-supereffective|p1a: Cobalion\n|-damage|p1a: Cobalion|0 fnt\n|faint|p1a: Cobalion\n|\n|-weather|SunnyDay|[upkeep]\n|upkeep\n|\n|t:|1782782783\n|switch|p1a: Minior|Minior-Blue, L79|224/224\n|-formechange|p1a: Minior|Minior-Meteor||[from] ability: Shields Down\n|turn|10\n|\n|t:|1782782808\n|switch|p2a: Alcremie|Alcremie, L90, F|158/263\n|move|p1a: Minior|Shell Smash|p1a: Minior\n|-unboost|p1a: Minior|def|1\n|-unboost|p1a: Minior|spd|1\n|-boost|p1a: Minior|atk|2\n|-boost|p1a: Minior|spa|2\n|-boost|p1a: Minior|spe|2\n|-enditem|p1a: Minior|White Herb\n|-clearnegativeboost|p1a: Minior|[silent]\n|\n|-weather|SunnyDay|[upkeep]\n|-heal|p2a: Alcremie|174/263|[from] item: Leftovers\n|upkeep\n|turn|11\n|\n|t:|1782782825\n|move|p1a: Minior|Power Gem|p2a: Alcremie\n|-damage|p2a: Alcremie|92/263\n|move|p2a: Alcremie|Recover|p2a: Alcremie\n|-heal|p2a: Alcremie|224/263\n|\n|-weather|SunnyDay|[upkeep]\n|-heal|p2a: Alcremie|240/263|[from] item: Leftovers\n|upkeep\n|turn|12\n|inactive|WrathOfTrump has 120 seconds left.\n|\n|t:|1782782840\n|move|p1a: Minior|Earthquake|p2a: Alcremie\n|-damage|p2a: Alcremie|144/263\n|move|p2a: Alcremie|Psyshock|p1a: Minior\n|-damage|p1a: Minior|151/224\n|\n|-weather|none\n|-heal|p2a: Alcremie|160/263|[from] item: Leftovers\n|upkeep\n|turn|13\n|\n|t:|1782782849\n|move|p1a: Minior|Earthquake|p2a: Alcremie\n|-damage|p2a: Alcremie|68/263\n|move|p2a: Alcremie|Recover|p2a: Alcremie\n|-heal|p2a: Alcremie|200/263\n|\n|-heal|p2a: Alcremie|216/263|[from] item: Leftovers\n|upkeep\n|turn|14\n|\n|t:|1782782858\n|move|p1a: Minior|Power Gem|p2a: Alcremie\n|-damage|p2a: Alcremie|135/263\n|move|p2a: Alcremie|Psyshock|p1a: Minior\n|-damage|p1a: Minior|80/224\n|\n|-heal|p2a: Alcremie|151/263|[from] item: Leftovers\n|-formechange|p1a: Minior|Minior-Blue||[from] ability: Shields Down\n|upkeep\n|turn|15\n|\n|t:|1782782868\n|move|p1a: Minior|Shell Smash|p1a: Minior\n|-unboost|p1a: Minior|def|1\n|-unboost|p1a: Minior|spd|1\n|-boost|p1a: Minior|atk|2\n|-boost|p1a: Minior|spa|2\n|-boost|p1a: Minior|spe|2\n|move|p2a: Alcremie|Recover|p2a: Alcremie\n|-heal|p2a: Alcremie|263/263\n|\n|upkeep\n|turn|16\n|\n|t:|1782782881\n|move|p1a: Minior|Acrobatics|p2a: Alcremie\n|-damage|p2a: Alcremie|0 fnt\n|faint|p2a: Alcremie\n|\n|upkeep\n|\n|t:|1782782903\n|switch|p2a: Tatsugiri|Tatsugiri, L87, M|260/260\n|turn|17\n|\n|t:|1782782914\n|move|p1a: Minior|Power Gem|p2a: Tatsugiri\n|-damage|p2a: Tatsugiri|62/260\n|move|p2a: Tatsugiri|Draco Meteor|p1a: Minior\n|-damage|p1a: Minior|0 fnt\n|-unboost|p2a: Tatsugiri|spa|2\n|faint|p1a: Minior\n|\n|upkeep\n|\n|t:|1782782925\n|switch|p1a: Floatzel|Floatzel, L86, M|286/286\n|turn|18\n|\n|t:|1782782938\n|move|p1a: Floatzel|Flip Turn|p2a: Tatsugiri\n|-ability|p2a: Tatsugiri|Storm Drain|boost\n|-boost|p2a: Tatsugiri|spa|1\n|move|p2a: Tatsugiri|Draco Meteor|p1a: Floatzel\n|-damage|p1a: Floatzel|133/286\n|-unboost|p2a: Tatsugiri|spa|2\n|\n|upkeep\n|turn|19\n|\n|t:|1782782956\n|move|p1a: Floatzel|Flip Turn|p2a: Tatsugiri\n|-ability|p2a: Tatsugiri|Storm Drain|boost\n|-boost|p2a: Tatsugiri|spa|1\n|move|p2a: Tatsugiri|Nasty Plot|p2a: Tatsugiri\n|-boost|p2a: Tatsugiri|spa|2\n|\n|upkeep\n|turn|20\n|\n|t:|1782782963\n|move|p1a: Floatzel|Flip Turn|p2a: Tatsugiri\n|-ability|p2a: Tatsugiri|Storm Drain|boost\n|-boost|p2a: Tatsugiri|spa|1\n|move|p2a: Tatsugiri|Draco Meteor|p1a: Floatzel\n|-damage|p1a: Floatzel|0 fnt\n|-unboost|p2a: Tatsugiri|spa|2\n|faint|p1a: Floatzel\n|\n|upkeep\n|\n|t:|1782782973\n|switch|p1a: Toedscruel|Toedscruel, L87, F|198/281\n|turn|21\n|inactive|AdamantRugaji has 120 seconds left.\n|\n|t:|1782783015\n|move|p2a: Tatsugiri|Draco Meteor|p1a: Toedscruel|[miss]\n|-miss|p2a: Tatsugiri|p1a: Toedscruel\n|move|p1a: Toedscruel|Spore|p2a: Tatsugiri\n|-message|Sleep Clause Mod activated.\n|-hint|Sleep Clause Mod prevents players from putting more than one of their opponent's Pok\u00e9mon to sleep at a time\n|\n|-heal|p1a: Toedscruel|215/281|[from] item: Leftovers\n|upkeep\n|turn|22\n|\n|t:|1782783034\n|move|p1a: Toedscruel|Earth Power|p2a: Tatsugiri\n|-damage|p2a: Tatsugiri|0 fnt\n|faint|p2a: Tatsugiri\n|\n|-heal|p1a: Toedscruel|232/281|[from] item: Leftovers\n|upkeep\n|inactive|AdamantRugaji has 90 seconds left.\n|c|\u2606WrathOfTrump|Do better next time \ud83d\ude17\n|\n|t:|1782783088\n|switch|p2a: Rayquaza|Rayquaza, L72|270/270 slp\n|-ability|p2a: Rayquaza|Air Lock\n|turn|23\n|\n|t:|1782783097\n|move|p1a: Toedscruel|Rapid Spin|p2a: Rayquaza\n|-damage|p2a: Rayquaza|233/270 slp\n|-boost|p1a: Toedscruel|spe|1\n|cant|p2a: Rayquaza|slp\n|\n|-heal|p1a: Toedscruel|249/281|[from] item: Leftovers\n|upkeep\n|turn|24\n|\n|t:|1782783111\n|-terastallize|p1a: Toedscruel|Water\n|move|p1a: Toedscruel|Rapid Spin|p2a: Rayquaza\n|-damage|p2a: Rayquaza|200/270 slp\n|-boost|p1a: Toedscruel|spe|1\n|-curestatus|p2a: Rayquaza|slp|[msg]\n|move|p2a: Rayquaza|Swords Dance|p2a: Rayquaza\n|-boost|p2a: Rayquaza|atk|2\n|\n|-heal|p1a: Toedscruel|266/281|[from] item: Leftovers\n|upkeep\n|turn|25\n|\n|t:|1782783124\n|move|p2a: Rayquaza|Dragon Ascent|p1a: Toedscruel\n|-damage|p1a: Toedscruel|0 fnt\n|-unboost|p2a: Rayquaza|def|1\n|-unboost|p2a: Rayquaza|spd|1\n|faint|p1a: Toedscruel\n|\n|upkeep\n|\n|t:|1782783133\n|switch|p1a: Oricorio|Oricorio-Pom-Pom, L82, M|257/257\n|turn|26\n|inactive|AdamantRugaji has 90 seconds left.\n|\n|t:|1782783152\n|move|p1a: Oricorio|Revelation Dance|p2a: Rayquaza\n|-damage|p2a: Rayquaza|46/270\n|move|p2a: Rayquaza|Dragon Ascent|p1a: Oricorio\n|-resisted|p1a: Oricorio\n|-damage|p1a: Oricorio|110/257\n|-unboost|p2a: Rayquaza|def|1\n|-unboost|p2a: Rayquaza|spd|1\n|\n|upkeep\n|turn|27\n|inactive|AdamantRugaji has 90 seconds left.\n|\n|t:|1782783164\n|move|p2a: Rayquaza|Extreme Speed|p1a: Oricorio\n|-damage|p1a: Oricorio|0 fnt\n|faint|p1a: Oricorio\n|\n|upkeep\n|\n|t:|1782783169\n|switch|p1a: Illumise|Illumise, L91, F|266/266\n|turn|28\n|\n|t:|1782783178\n|move|p1a: Illumise|Bug Buzz|p2a: Rayquaza\n|-resisted|p2a: Rayquaza\n|-damage|p2a: Rayquaza|0 fnt\n|faint|p2a: Rayquaza\n|\n|upkeep\n|\n|t:|1782783184\n|switch|p2a: Torkoal|Torkoal, L88, M|131/266\n|-weather|SunnyDay|[from] ability: Drought|[of] p2a: Torkoal\n|turn|29\n|\n|t:|1782783190\n|move|p1a: Illumise|Thunder Wave|p2a: Torkoal\n|-status|p2a: Torkoal|par\n|cant|p2a: Torkoal|par\n|\n|-weather|SunnyDay|[upkeep]\n|upkeep\n|turn|30\n|\n|t:|1782783198\n|move|p1a: Illumise|Bug Buzz|p2a: Torkoal\n|-resisted|p2a: Torkoal\n|-damage|p2a: Torkoal|83/266 par\n|cant|p2a: Torkoal|par\n|\n|-weather|SunnyDay|[upkeep]\n|upkeep\n|turn|31\n|\n|t:|1782783205\n|move|p1a: Illumise|Bug Buzz|p2a: Torkoal\n|-resisted|p2a: Torkoal\n|-damage|p2a: Torkoal|32/266 par\n|move|p2a: Torkoal|Fire Blast|p1a: Illumise\n|-supereffective|p1a: Illumise\n|-damage|p1a: Illumise|0 fnt\n|faint|p1a: Illumise\n|\n|win|AdamantRugaji\n|raw|WrathOfTrump's rating: 1072 &rarr; <strong>1053</strong><br />(-19 for losing)\n|raw|AdamantRugaji's rating: 1108 &rarr; <strong>1130</strong><br />(+22 for winning)\n|c|\u2606AdamantRugaji|Do better next time \ud83d\ude17\n|c|\u2606WrathOfTrump|lol touche\n|c|\u2606AdamantRugaji|ggs\n|c|\u2606WrathOfTrump|Gg\n|l|\u2606WrathOfTrump\n|player|p1|\n", "inputlog": ">version f8ac14003a5f27e1bdc8d8c59608a773c1cb96e5\n>start {\"formatid\":\"gen9randombattle\",\"seed\":\"sodium,d3e660be4cd8e765f5f4652dd8f1fa3b\",\"rated\":\"Rated battle\"}\n>player p1 {\"name\":\"WrathOfTrump\",\"avatar\":\"102\",\"rating\":1072,\"seed\":\"sodium,b435b8ccfe291bf386d66f204ecc48e8\"}\n>player p2 {\"name\":\"AdamantRugaji\",\"avatar\":\"volkner\",\"rating\":1108,\"seed\":\"sodium,b5eb8c11369913ea0458d32af0e618d3\"}\n>p1 move spore\n>p2 switch 3\n>chat \u2606WrathOfTrump|Ready to lose ? \ud83e\udd23\n>p1 move gigadrain\n>p2 move hypervoice\n>p1 move rapidspin\n>p2 move hypervoice\n>p1 move gigadrain\n>p2 move hypervoice\n>p2 switch 5\n>p1 move spore\n>p2 switch 4\n>p1 switch 3\n>p2 switch 2\n>p1 move flipturn\n>p2 move alluringvoice\n>p1 switch 2\n>p1 move calmmind\n>p2 switch 3\n>p1 move aurasphere\n>p2 move fireblast\n>p1 switch 5\n>p1 move shellsmash\n>p2 switch 3\n>p1 move powergem\n>p2 move recover\n>p1 move earthquake\n>p2 move psyshock\n>p1 move earthquake\n>p2 move recover\n>p1 move powergem\n>p2 move psyshock\n>p1 move shellsmash\n>p2 move recover\n>p1 move acrobatics\n>p2 move alluringvoice\n>p2 switch 4\n>p1 move powergem\n>p2 move dracometeor\n>p1 switch 2\n>p1 move flipturn\n>p2 move dracometeor\n>p1 move flipturn\n>p2 move nastyplot\n>p1 move flipturn\n>p2 move dracometeor\n>p1 switch 3\n>p1 move spore\n>p2 move dracometeor\n>p1 move earthpower\n>p2 move dracometeor\n>chat \u2606WrathOfTrump|Do better next time \ud83d\ude17\n>p2 switch 2\n>p1 move rapidspin\n>p2 move swordsdance\n>p1 move rapidspin terastallize\n>p2 move swordsdance\n>p1 move spore\n>p2 move dragonascent\n>p1 switch 6\n>p1 move revelationdance\n>p2 move dragonascent\n>p1 move roost\n>p2 move extremespeed\n>p1 switch 4\n>p1 move bugbuzz\n>p2 move dragonascent\n>p2 switch 3\n>p1 move thunderwave\n>p2 move fireblast\n>p1 move bugbuzz\n>p2 move fireblast\n>p1 move bugbuzz\n>p2 move fireblast", "uploadtime": 1782783249, "views": 2, "formatid": "gen9randombattle", "rating": 1053, "private": 0, "password": null, "player_dets": [{"name": "WrathOfTrump", "avatar": "102", "rating": 1072, "seed": "sodium,b435b8ccfe291bf386d66f204ecc48e8"}, {"name": "AdamantRugaji", "avatar": "volkner", "rating": 1108, "seed": "sodium,b5eb8c11369913ea0458d32af0e618d3"}], "teams_full": [{"Toedscruel": {"name": "Toedscruel", "species": "Toedscruel", "speciesId": "toedscruel", "gender": "F", "shiny": false, "level": 87, "moves": ["rapidspin", "gigadrain", "earthpower", "spore"], "ability": "Mycelium Might", "evs": {"hp": 85, "atk": 85, "def": 85, "spa": 85, "spd": 85, "spe": 85}, "ivs": {"hp": 31, "atk": 31, "def": 31, "spa": 31, "spd": 31, "spe": 31}, "item": "Leftovers", "teraType": "Water", "role": "Bulky Support", "bvs": {"hp": 80, "atk": 70, "def": 65, "spa": 80, "spd": 120, "spe": 100}, "stats": {"hp": 281, "atk": 172, "def": 163, "spa": 189, "spd": 259, "spe": 224}, "types": ["Ground", "Grass"]}, "Cobalion": {"name": "Cobalion", "species": "Cobalion", "speciesId": "cobalion", "gender": "N", "shiny": false, "level": 80, "moves": ["calmmind", "flashcannon", "aurasphere", "vacuumwave"], "ability": "Justified", "evs": {"hp": 85, "atk": 0, "def": 85, "spa": 85, "spd": 85, "spe": 85}, "ivs": {"hp": 31, "atk": 0, "def": 31, "spa": 31, "spd": 31, "spe": 31}, "item": "Leftovers", "teraType": "Ghost", "role": "Bulky Setup", "bvs": {"hp": 91, "atk": 90, "def": 129, "spa": 90, "spd": 72, "spe": 108}, "stats": {"hp": 277, "atk": 149, "def": 253, "spa": 190, "spd": 161, "spe": 219}, "types": ["Steel", "Fighting"]}, "Floatzel": {"name": "Floatzel", "species": "Floatzel", "speciesId": "floatzel", "gender": "M", "shiny": false, "level": 86, "moves": ["wavecrash", "icespinner", "flipturn", "crunch"], "ability": "Water Veil", "evs": {"hp": 85, "atk": 85, "def": 85, "spa": 85, "spd": 85, "spe": 85}, "ivs": {"hp": 31, "atk": 31, "def": 31, "spa": 31, "spd": 31, "spe": 31}, "item": "Choice Band", "teraType": "Water", "role": "Wallbreaker", "bvs": {"hp": 85, "atk": 105, "def": 55, "spa": 85, "spd": 50, "spe": 115}, "stats": {"hp": 286, "atk": 230, "def": 144, "spa": 195, "spd": 135, "spe": 247}, "types": ["Water"]}, "Illumise": {"name": "Illumise", "species": "Illumise", "speciesId": "illumise", "gender": "F", "shiny": false, "level": 91, "moves": ["encore", "roost", "bugbuzz", "thunderwave"], "ability": "Prankster", "evs": {"hp": 85, "atk": 0, "def": 85, "spa": 85, "spd": 85, "spe": 85}, "ivs": {"hp": 31, "atk": 0, "def": 31, "spa": 31, "spd": 31, "spe": 31}, "item": "Heavy-Duty Boots", "teraType": "Water", "role": "Bulky Support", "bvs": {"hp": 65, "atk": 47, "def": 75, "spa": 73, "spd": 85, "spe": 85}, "stats": {"hp": 266, "atk": 90, "def": 188, "spa": 185, "spd": 207, "spe": 207}, "types": ["Bug"]}, "Minior": {"name": "Minior", "species": "Minior-Blue", "speciesId": "minior", "gender": "N", "shiny": false, "level": 79, "moves": ["shellsmash", "earthquake", "powergem", "acrobatics"], "ability": "Shields Down", "evs": {"hp": 85, "atk": 85, "def": 85, "spa": 85, "spd": 85, "spe": 85}, "ivs": {"hp": 31, "atk": 31, "def": 31, "spa": 31, "spd": 31, "spe": 31}, "item": "White Herb", "teraType": "Flying", "role": "Setup Sweeper", "bvs": {"hp": 60, "atk": 100, "def": 60, "spa": 100, "spd": 60, "spe": 120}, "stats": {"hp": 224, "atk": 204, "def": 140, "spa": 204, "spd": 140, "spe": 235}, "types": ["Rock", "Flying"]}, "Oricorio": {"name": "Oricorio", "species": "Oricorio-Pom-Pom", "speciesId": "oricoriopompom", "gender": "M", "shiny": false, "level": 82, "moves": ["roost", "revelationdance", "hurricane", "quiverdance"], "ability": "Dancer", "evs": {"hp": 85, "atk": 0, "def": 85, "spa": 85, "spd": 85, "spe": 85}, "ivs": {"hp": 31, "atk": 0, "def": 31, "spa": 31, "spd": 31, "spe": 31}, "item": "Heavy-Duty Boots", "teraType": "Ground", "role": "Setup Sweeper", "bvs": {"hp": 75, "atk": 70, "def": 70, "spa": 98, "spd": 70, "spe": 93}, "stats": {"hp": 257, "atk": 119, "def": 162, "spa": 208, "spd": 162, "spe": 200}, "types": ["Electric", "Flying"]}}, {"Torkoal": {"name": "Torkoal", "species": "Torkoal", "speciesId": "torkoal", "gender": "M", "shiny": false, "level": 88, "moves": ["solarbeam", "rapidspin", "earthquake", "fireblast"], "ability": "Drought", "evs": {"hp": 85, "atk": 85, "def": 85, "spa": 85, "spd": 85, "spe": 85}, "ivs": {"hp": 31, "atk": 31, "def": 31, "spa": 31, "spd": 31, "spe": 31}, "item": "Heavy-Duty Boots", "teraType": "Grass", "role": "Wallbreaker", "bvs": {"hp": 70, "atk": 85, "def": 140, "spa": 85, "spd": 70, "spe": 20}, "stats": {"hp": 266, "atk": 200, "def": 297, "spa": 200, "spd": 173, "spe": 85}, "types": ["Fire"]}, "Alcremie": {"name": "Alcremie", "species": "Alcremie", "speciesId": "alcremie", "gender": "F", "shiny": false, "level": 90, "moves": ["psyshock", "recover", "alluringvoice", "calmmind"], "ability": "Aroma Veil", "evs": {"hp": 85, "atk": 0, "def": 85, "spa": 85, "spd": 85, "spe": 85}, "ivs": {"hp": 31, "atk": 0, "def": 31, "spa": 31, "spd": 31, "spe": 31}, "item": "Leftovers", "teraType": "Steel", "role": "Bulky Setup", "bvs": {"hp": 65, "atk": 60, "def": 75, "spa": 110, "spd": 121, "spe": 64}, "stats": {"hp": 263, "atk": 113, "def": 186, "spa": 249, "spd": 269, "spe": 167}, "types": ["Fairy"]}, "Zoroark": {"name": "Zoroark", "species": "Zoroark-Hisui", "speciesId": "zoroarkhisui", "gender": "M", "shiny": false, "level": 80, "moves": ["flamethrower", "bittermalice", "nastyplot", "hypervoice"], "ability": "Illusion", "evs": {"hp": 85, "atk": 0, "def": 85, "spa": 85, "spd": 85, "spe": 85}, "ivs": {"hp": 31, "atk": 0, "def": 31, "spa": 31, "spd": 31, "spe": 31}, "item": "Life Orb", "teraType": "Normal", "role": "Wallbreaker", "bvs": {"hp": 55, "atk": 100, "def": 60, "spa": 125, "spd": 60, "spe": 110}, "stats": {"hp": 219, "atk": 165, "def": 142, "spa": 246, "spd": 142, "spe": 222}, "types": ["Normal", "Ghost"]}, "Rayquaza": {"name": "Rayquaza", "species": "Rayquaza", "speciesId": "rayquaza", "gender": "N", "shiny": false, "level": 72, "moves": ["extremespeed", "dragonascent", "earthquake", "swordsdance"], "ability": "Air Lock", "evs": {"hp": 85, "atk": 85, "def": 85, "spa": 85, "spd": 85, "spe": 85}, "ivs": {"hp": 31, "atk": 31, "def": 31, "spa": 31, "spd": 31, "spe": 31}, "item": "Heavy-Duty Boots", "teraType": "Normal", "role": "Fast Attacker", "bvs": {"hp": 105, "atk": 150, "def": 90, "spa": 150, "spd": 90, "spe": 95}, "stats": {"hp": 270, "atk": 258, "def": 172, "spa": 258, "spd": 172, "spe": 179}, "types": ["Dragon", "Flying"]}, "Tatsugiri": {"name": "Tatsugiri", "species": "Tatsugiri", "speciesId": "tatsugiri", "gender": "M", "shiny": false, "level": 87, "moves": ["dracometeor", "rapidspin", "nastyplot", "surf"], "ability": "Storm Drain", "evs": {"hp": 85, "atk": 85, "def": 85, "spa": 85, "spd": 85, "spe": 85}, "ivs": {"hp": 31, "atk": 31, "def": 31, "spa": 31, "spd": 31, "spe": 31}, "item": "Heavy-Duty Boots", "teraType": "Water", "role": "Fast Support", "bvs": {"hp": 68, "atk": 50, "def": 60, "spa": 120, "spd": 95, "spe": 82}, "stats": {"hp": 260, "atk": 137, "def": 154, "spa": 259, "spd": 215, "spe": 192}, "types": ["Dragon", "Water"]}, "Drednaw": {"name": "Drednaw", "species": "Drednaw", "speciesId": "drednaw", "gender": "F", "shiny": false, "level": 81, "moves": ["stoneedge", "liquidation", "earthquake", "shellsmash"], "ability": "Shell Armor", "evs": {"hp": 85, "atk": 85, "def": 85, "spa": 85, "spd": 85, "spe": 85}, "ivs": {"hp": 31, "atk": 31, "def": 31, "spa": 31, "spd": 31, "spe": 31}, "item": "White Herb", "teraType": "Water", "role": "Fast Bulky Setup", "bvs": {"hp": 90, "atk": 115, "def": 90, "spa": 48, "spd": 68, "spe": 74}, "stats": {"hp": 278, "atk": 233, "def": 192, "spa": 124, "spd": 157, "spe": 167}, "types": ["Water", "Rock"]}}]}