{"id": "gen9randombattle-2641494700", "format": "[Gen 9] Random Battle", "players": ["gholdengoballs", "explosiveburger"], "log": "|j|\u203dgholdengoballs\n|j|\u2606explosiveburger\n|t:|1782794243\n|gametype|singles\n|player|p1|gholdengoballs|169|2260\n|player|p2|explosiveburger|firebreather|2280\n|gen|9\n|tier|[Gen 9] Random Battle\n|rated|\n|rule|Species Clause: Limit one of each Pok\u00e9mon\n|rule|HP Percentage Mod: HP is shown in percentages\n|rule|Sleep Clause Mod: Limit one foe put to sleep\n|rule|Illusion Level Mod: Illusion disguises the Pok\u00e9mon's true level\n|\n|t:|1782794243\n|teamsize|p1|6\n|teamsize|p2|6\n|start\n|switch|p1a: Luvdisc|Luvdisc, M|247/247\n|switch|p2a: Hitmonchan|Hitmonchan, L87, M|229/229\n|turn|1\n|inactive|Battle timer is ON: inactive players will automatically lose when time's up. (requested by gholdengoballs)\n|\n|t:|1782794262\n|move|p1a: Luvdisc|Whirlpool|p2a: Hitmonchan\n|-damage|p2a: Hitmonchan|205/229\n|-activate|p2a: Hitmonchan|move: Whirlpool|[of] p1a: Luvdisc\n|move|p2a: Hitmonchan|Knock Off|p1a: Luvdisc\n|-damage|p1a: Luvdisc|153/247\n|-enditem|p1a: Luvdisc|Heavy-Duty Boots|[from] move: Knock Off|[of] p2a: Hitmonchan\n|\n|-heal|p2a: Hitmonchan|219/229|[from] item: Leftovers\n|-damage|p2a: Hitmonchan|191/229|[from] move: Whirlpool|[partiallytrapped]\n|upkeep\n|turn|2\n|\n|t:|1782794273\n|move|p1a: Luvdisc|Substitute|p1a: Luvdisc\n|-start|p1a: Luvdisc|Substitute\n|-damage|p1a: Luvdisc|92/247\n|move|p2a: Hitmonchan|Rapid Spin|p1a: Luvdisc\n|-activate|p1a: Luvdisc|move: Substitute|[damage]\n|-end|p2a: Hitmonchan|Whirlpool|[partiallytrapped]\n|-boost|p2a: Hitmonchan|spe|1\n|\n|-heal|p2a: Hitmonchan|205/229|[from] item: Leftovers\n|upkeep\n|turn|3\n|\n|t:|1782794283\n|move|p2a: Hitmonchan|Drain Punch|p1a: Luvdisc\n|-end|p1a: Luvdisc|Substitute\n|-heal|p2a: Hitmonchan|210/229|[from] drain|[of] p1a: Luvdisc\n|move|p1a: Luvdisc|Endeavor|p2a: Hitmonchan\n|-damage|p2a: Hitmonchan|92/229\n|\n|-heal|p2a: Hitmonchan|106/229|[from] item: Leftovers\n|upkeep\n|turn|4\n|\n|t:|1782794292\n|move|p2a: Hitmonchan|Drain Punch|p1a: Luvdisc\n|-damage|p1a: Luvdisc|0 fnt\n|-heal|p2a: Hitmonchan|152/229|[from] drain|[of] p1a: Luvdisc\n|faint|p1a: Luvdisc\n|\n|-heal|p2a: Hitmonchan|166/229|[from] item: Leftovers\n|upkeep\n|\n|t:|1782794296\n|switch|p1a: Charizard|Charizard, L85, M|271/271\n|turn|5\n|\n|t:|1782794305\n|switch|p2a: Slowking|Slowking, L88, F|310/310\n|move|p1a: Charizard|Will-O-Wisp|p2a: Slowking\n|-status|p2a: Slowking|brn\n|\n|-damage|p2a: Slowking|291/310 brn|[from] brn\n|upkeep\n|turn|6\n|\n|t:|1782794333\n|switch|p1a: Gastrodon|Gastrodon, L86, F|331/331\n|move|p2a: Slowking|Thunder Wave|p1a: Gastrodon\n|-immune|p1a: Gastrodon\n|\n|-heal|p2a: Slowking|310/310 brn|[from] item: Leftovers\n|-damage|p2a: Slowking|291/310 brn|[from] brn\n|upkeep\n|turn|7\n|\n|t:|1782794341\n|move|p1a: Gastrodon|Earthquake|p2a: Slowking\n|-damage|p2a: Slowking|195/310 brn\n|move|p2a: Slowking|Psychic Noise|p1a: Gastrodon\n|-damage|p1a: Gastrodon|240/331\n|-start|p1a: Gastrodon|move: Heal Block\n|\n|-heal|p2a: Slowking|214/310 brn|[from] item: Leftovers\n|-damage|p2a: Slowking|195/310 brn|[from] brn\n|upkeep\n|turn|8\n|\n|t:|1782794355\n|switch|p2a: Dodrio|Dodrio, L85, M|241/241\n|move|p1a: Gastrodon|Earthquake|p2a: Dodrio\n|-immune|p2a: Dodrio\n|\n|-end|p1a: Gastrodon|move: Heal Block\n|upkeep\n|turn|9\n|inactive|gholdengoballs has 120 seconds left.\n|\n|t:|1782794381\n|switch|p1a: Mamoswine|Mamoswine, L81, M|311/311\n|move|p2a: Dodrio|Swords Dance|p2a: Dodrio\n|-boost|p2a: Dodrio|atk|2\n|\n|upkeep\n|turn|10\n|\n|t:|1782794388\n|move|p2a: Dodrio|Brave Bird|p1a: Mamoswine\n|-damage|p1a: Mamoswine|0 fnt\n|faint|p1a: Mamoswine\n|-damage|p2a: Dodrio|138/241|[from] Recoil\n|\n|upkeep\n|\n|t:|1782794394\n|switch|p1a: Eiscue|Eiscue, L88, F|274/274\n|turn|11\n|\n|t:|1782794400\n|switch|p2a: Talonflame|Talonflame, L83, F|265/265\n|move|p1a: Eiscue|Ice Spinner|p2a: Talonflame\n|-damage|p2a: Talonflame|160/265\n|\n|upkeep\n|turn|12\n|\n|t:|1782794412\n|switch|p1a: Charizard|Charizard, L85, M|271/271\n|move|p2a: Talonflame|Roost|p2a: Talonflame\n|-heal|p2a: Talonflame|265/265\n|-singleturn|p2a: Talonflame|move: Roost\n|\n|upkeep\n|turn|13\n|\n|t:|1782794420\n|switch|p2a: Slowking|Slowking, L88, F|298/310 brn\n|move|p1a: Charizard|Hurricane|p2a: Slowking|[miss]\n|-miss|p1a: Charizard|p2a: Slowking\n|\n|-heal|p2a: Slowking|310/310 brn|[from] item: Leftovers\n|-damage|p2a: Slowking|291/310 brn|[from] brn\n|upkeep\n|turn|14\n|\n|t:|1782794434\n|move|p1a: Charizard|Hurricane|p2a: Slowking\n|-damage|p2a: Slowking|189/310 brn\n|move|p2a: Slowking|Psychic Noise|p1a: Charizard\n|-damage|p1a: Charizard|183/271\n|-start|p1a: Charizard|move: Heal Block\n|\n|-heal|p2a: Slowking|208/310 brn|[from] item: Leftovers\n|-damage|p2a: Slowking|189/310 brn|[from] brn\n|upkeep\n|turn|15\n|\n|t:|1782794444\n|switch|p1a: Gastrodon|Gastrodon, L86, F|240/331\n|move|p2a: Slowking|Slack Off|p2a: Slowking\n|-heal|p2a: Slowking|310/310 brn\n|\n|-heal|p1a: Gastrodon|260/331|[from] item: Leftovers\n|-damage|p2a: Slowking|291/310 brn|[from] brn\n|upkeep\n|turn|16\n|\n|t:|1782794452\n|move|p1a: Gastrodon|Surf|p2a: Slowking\n|-resisted|p2a: Slowking\n|-damage|p2a: Slowking|254/310 brn\n|move|p2a: Slowking|Psychic Noise|p1a: Gastrodon\n|-damage|p1a: Gastrodon|172/331\n|-start|p1a: Gastrodon|move: Heal Block\n|\n|-heal|p2a: Slowking|273/310 brn|[from] item: Leftovers\n|-damage|p2a: Slowking|254/310 brn|[from] brn\n|upkeep\n|turn|17\n|\n|t:|1782794462\n|move|p1a: Gastrodon|Surf|p2a: Slowking\n|-resisted|p2a: Slowking\n|-damage|p2a: Slowking|214/310 brn\n|move|p2a: Slowking|Psychic Noise|p1a: Gastrodon\n|-damage|p1a: Gastrodon|84/331\n|\n|-heal|p2a: Slowking|233/310 brn|[from] item: Leftovers\n|-damage|p2a: Slowking|214/310 brn|[from] brn\n|-end|p1a: Gastrodon|move: Heal Block\n|upkeep\n|turn|18\n|\n|t:|1782794472\n|move|p1a: Gastrodon|Recover|p1a: Gastrodon\n|-heal|p1a: Gastrodon|250/331\n|move|p2a: Slowking|Psychic Noise|p1a: Gastrodon\n|-damage|p1a: Gastrodon|153/331\n|-start|p1a: Gastrodon|move: Heal Block\n|\n|-heal|p2a: Slowking|233/310 brn|[from] item: Leftovers\n|-damage|p2a: Slowking|214/310 brn|[from] brn\n|upkeep\n|turn|19\n|\n|t:|1782794481\n|move|p1a: Gastrodon|Surf|p2a: Slowking\n|-resisted|p2a: Slowking\n|-damage|p2a: Slowking|175/310 brn\n|move|p2a: Slowking|Psychic Noise|p1a: Gastrodon\n|-damage|p1a: Gastrodon|59/331\n|\n|-heal|p2a: Slowking|194/310 brn|[from] item: Leftovers\n|-damage|p2a: Slowking|175/310 brn|[from] brn\n|-end|p1a: Gastrodon|move: Heal Block\n|upkeep\n|turn|20\n|\n|t:|1782794491\n|move|p1a: Gastrodon|Recover|p1a: Gastrodon\n|-heal|p1a: Gastrodon|225/331\n|move|p2a: Slowking|Psychic Noise|p1a: Gastrodon\n|-damage|p1a: Gastrodon|138/331\n|-start|p1a: Gastrodon|move: Heal Block\n|\n|-heal|p2a: Slowking|194/310 brn|[from] item: Leftovers\n|-damage|p2a: Slowking|175/310 brn|[from] brn\n|upkeep\n|turn|21\n|\n|t:|1782794502\n|switch|p2a: Hitmonchan|Hitmonchan, L87, M|166/229\n|move|p1a: Gastrodon|Earthquake|p2a: Hitmonchan\n|-crit|p2a: Hitmonchan\n|-damage|p2a: Hitmonchan|19/229\n|\n|-heal|p2a: Hitmonchan|33/229|[from] item: Leftovers\n|-end|p1a: Gastrodon|move: Heal Block\n|upkeep\n|turn|22\n|\n|t:|1782794516\n|switch|p1a: Charizard|Charizard, L85, M|183/271\n|move|p2a: Hitmonchan|Knock Off|p1a: Charizard\n|-damage|p1a: Charizard|99/271\n|-enditem|p1a: Charizard|Heavy-Duty Boots|[from] move: Knock Off|[of] p2a: Hitmonchan\n|\n|-heal|p2a: Hitmonchan|47/229|[from] item: Leftovers\n|upkeep\n|turn|23\n|\n|t:|1782794524\n|switch|p2a: Slowking|Slowking, L88, F|278/310 brn\n|move|p1a: Charizard|Earthquake|p2a: Slowking\n|-damage|p2a: Slowking|207/310 brn\n|\n|-heal|p2a: Slowking|226/310 brn|[from] item: Leftovers\n|-damage|p2a: Slowking|207/310 brn|[from] brn\n|upkeep\n|turn|24\n|\n|t:|1782794551\n|move|p1a: Charizard|Earthquake|p2a: Slowking\n|-damage|p2a: Slowking|134/310 brn\n|move|p2a: Slowking|Psychic Noise|p1a: Charizard\n|-damage|p1a: Charizard|6/271\n|-start|p1a: Charizard|move: Heal Block\n|\n|-heal|p2a: Slowking|153/310 brn|[from] item: Leftovers\n|-damage|p2a: Slowking|134/310 brn|[from] brn\n|upkeep\n|turn|25\n|\n|t:|1782794560\n|move|p1a: Charizard|Earthquake|p2a: Slowking\n|-damage|p2a: Slowking|67/310 brn\n|move|p2a: Slowking|Psychic Noise|p1a: Charizard\n|-damage|p1a: Charizard|0 fnt\n|faint|p1a: Charizard\n|\n|-heal|p2a: Slowking|86/310 brn|[from] item: Leftovers\n|-damage|p2a: Slowking|67/310 brn|[from] brn\n|upkeep\n|inactive|gholdengoballs has 120 seconds left.\n|\n|t:|1782794577\n|switch|p1a: Gastrodon|Gastrodon, L86, F|138/331\n|turn|26\n|\n|t:|1782794580\n|move|p1a: Gastrodon|Recover|p1a: Gastrodon\n|-heal|p1a: Gastrodon|304/331\n|move|p2a: Slowking|Slack Off|p2a: Slowking\n|-heal|p2a: Slowking|222/310 brn\n|\n|-heal|p1a: Gastrodon|324/331|[from] item: Leftovers\n|-heal|p2a: Slowking|241/310 brn|[from] item: Leftovers\n|-damage|p2a: Slowking|222/310 brn|[from] brn\n|upkeep\n|turn|27\n|\n|t:|1782794590\n|move|p1a: Gastrodon|Earthquake|p2a: Slowking\n|-damage|p2a: Slowking|120/310 brn\n|move|p2a: Slowking|Psychic Noise|p1a: Gastrodon\n|-damage|p1a: Gastrodon|227/331\n|-start|p1a: Gastrodon|move: Heal Block\n|\n|-heal|p2a: Slowking|139/310 brn|[from] item: Leftovers\n|-damage|p2a: Slowking|120/310 brn|[from] brn\n|upkeep\n|turn|28\n|\n|t:|1782794599\n|move|p1a: Gastrodon|Earthquake|p2a: Slowking\n|-damage|p2a: Slowking|24/310 brn\n|move|p2a: Slowking|Slack Off|p2a: Slowking\n|-heal|p2a: Slowking|179/310 brn\n|\n|-heal|p2a: Slowking|198/310 brn|[from] item: Leftovers\n|-damage|p2a: Slowking|179/310 brn|[from] brn\n|-end|p1a: Gastrodon|move: Heal Block\n|upkeep\n|turn|29\n|\n|t:|1782794608\n|switch|p2a: Hitmonchan|Hitmonchan, L87, M|47/229\n|move|p1a: Gastrodon|Earthquake|p2a: Hitmonchan\n|-damage|p2a: Hitmonchan|0 fnt\n|faint|p2a: Hitmonchan\n|\n|-heal|p1a: Gastrodon|247/331|[from] item: Leftovers\n|upkeep\n|\n|t:|1782794622\n|switch|p2a: Salazzle|Salazzle, L83, F|249/249\n|turn|30\n|inactive|gholdengoballs has 120 seconds left.\n|\n|t:|1782794653\n|-terastallize|p2a: Salazzle|Grass\n|move|p2a: Salazzle|Tera Blast|p1a: Gastrodon|[anim] Tera Blast Grass\n|-supereffective|p1a: Gastrodon\n|-damage|p1a: Gastrodon|0 fnt\n|faint|p1a: Gastrodon\n|\n|upkeep\n|inactive|gholdengoballs has 120 seconds left.\n|\n|t:|1782794674\n|switch|p1a: Iron Valiant|Iron Valiant, L78|244/244\n|turn|31\n|inactive|gholdengoballs has 90 seconds left.\n|\n|t:|1782794700\n|-terastallize|p1a: Iron Valiant|Dark\n|move|p2a: Salazzle|Sludge Wave|p1a: Iron Valiant\n|-damage|p1a: Iron Valiant|81/244\n|-status|p1a: Iron Valiant|psn\n|move|p1a: Iron Valiant|Spirit Break|p2a: Salazzle\n|-crit|p2a: Salazzle\n|-damage|p2a: Salazzle|18/249\n|-unboost|p2a: Salazzle|spa|1\n|-damage|p1a: Iron Valiant|57/244 psn|[from] item: Life Orb\n|\n|-damage|p1a: Iron Valiant|27/244 psn|[from] psn\n|upkeep\n|turn|32\n|\n|t:|1782794714\n|move|p2a: Salazzle|Sludge Wave|p1a: Iron Valiant\n|-damage|p1a: Iron Valiant|0 fnt\n|faint|p1a: Iron Valiant\n|-end|p1a: Iron Valiant|Quark Drive|[silent]\n|\n|upkeep\n|\n|t:|1782794718\n|switch|p1a: Eiscue|Eiscue, L88, F|274/274\n|turn|33\n|\n|t:|1782794724\n|switch|p2a: Dodrio|Dodrio, L85, M|138/241\n|move|p1a: Eiscue|Ice Spinner|p2a: Dodrio\n|-supereffective|p2a: Dodrio\n|-damage|p2a: Dodrio|0 fnt\n|faint|p2a: Dodrio\n|\n|upkeep\n|\n|t:|1782794734\n|switch|p2a: Slowking|Slowking, L88, F|282/310 brn\n|turn|34\n|\n|t:|1782794748\n|move|p1a: Eiscue|Belly Drum|p1a: Eiscue\n|-damage|p1a: Eiscue|137/274\n|-setboost|p1a: Eiscue|atk|6|[from] move: Belly Drum\n|-enditem|p1a: Eiscue|Sitrus Berry|[eat]\n|-heal|p1a: Eiscue|205/274|[from] item: Sitrus Berry\n|move|p2a: Slowking|Psychic Noise|p1a: Eiscue\n|-damage|p1a: Eiscue|112/274\n|-start|p1a: Eiscue|move: Heal Block\n|\n|-heal|p2a: Slowking|301/310 brn|[from] item: Leftovers\n|-damage|p2a: Slowking|282/310 brn|[from] brn\n|upkeep\n|turn|35\n|\n|t:|1782794761\n|move|p1a: Eiscue|Ice Spinner|p2a: Slowking\n|-resisted|p2a: Slowking\n|-damage|p2a: Slowking|119/310 brn\n|move|p2a: Slowking|Psychic Noise|p1a: Eiscue\n|-damage|p1a: Eiscue|34/274\n|\n|-heal|p2a: Slowking|138/310 brn|[from] item: Leftovers\n|-damage|p2a: Slowking|119/310 brn|[from] brn\n|-end|p1a: Eiscue|move: Heal Block\n|upkeep\n|turn|36\n|-message|gholdengoballs forfeited.\n|\n|win|explosiveburger\n", "inputlog": ">version f8ac14003a5f27e1bdc8d8c59608a773c1cb96e5\n>start {\"formatid\":\"gen9randombattle\",\"seed\":\"sodium,732d117f5fef1311e43ed503b5ed7586\",\"rated\":\"Rated battle\"}\n>player p1 {\"name\":\"gholdengoballs\",\"avatar\":\"169\",\"rating\":2260,\"seed\":\"sodium,82f6df25b4beec90fd0280da81059171\"}\n>player p2 {\"name\":\"explosiveburger\",\"avatar\":\"firebreather\",\"rating\":2280,\"seed\":\"sodium,3afa5da6fa63b622333ed13d7cd30465\"}\n>p1 move whirlpool\n>p2 move knockoff\n>p1 move substitute\n>p2 move rapidspin\n>p1 move endeavor\n>p2 move drainpunch\n>p1 move surf\n>p2 move drainpunch\n>p1 switch 4\n>p1 move willowisp\n>p2 switch 3\n>p1 switch 2\n>p2 move thunderwave\n>p1 move earthquake\n>p2 move psychicnoise\n>p1 move earthquake\n>p2 switch 6\n>p1 switch 3\n>p2 move swordsdance\n>p1 move iciclecrash\n>p2 move bravebird\n>p1 switch 5\n>p1 move icespinner\n>p2 switch 5\n>p1 switch 2\n>p2 move roost\n>p1 move hurricane\n>p2 switch 6\n>p1 move hurricane\n>p2 move psychicnoise\n>p1 switch 3\n>p2 move slackoff\n>p1 move surf\n>p2 move psychicnoise\n>p1 move surf\n>p2 move psychicnoise\n>p1 move recover\n>p2 move psychicnoise\n>p1 move surf\n>p2 move psychicnoise\n>p1 move recover\n>p2 move psychicnoise\n>p1 move earthquake\n>p2 switch 3\n>p1 switch 3\n>p2 move knockoff\n>p1 move earthquake\n>p2 switch 3\n>p1 move earthquake\n>p2 move psychicnoise\n>p1 move earthquake\n>p2 move psychicnoise\n>p1 switch 3\n>p1 move recover\n>p2 move slackoff\n>p1 move earthquake\n>p2 move psychicnoise\n>p1 move earthquake\n>p2 move slackoff\n>p1 move earthquake\n>p2 switch 3\n>p2 switch 2\n>p1 move clearsmog\n>p2 move terablast terastallize\n>p1 switch 6\n>p1 move spiritbreak terastallize\n>p2 move sludgewave\n>p1 move knockoff\n>p2 move sludgewave\n>p1 switch 2\n>p1 move icespinner\n>p2 switch 5\n>p2 switch 3\n>p1 move bellydrum\n>p2 move psychicnoise\n>p1 move icespinner\n>p2 move psychicnoise\n>forcelose p1", "uploadtime": 1782794244, "views": 9, "formatid": "gen9randombattle", "rating": null, "private": 0, "password": null, "player_dets": [{"name": "gholdengoballs", "avatar": "169", "rating": 2260, "seed": "sodium,82f6df25b4beec90fd0280da81059171"}, {"name": "explosiveburger", "avatar": "firebreather", "rating": 2280, "seed": "sodium,3afa5da6fa63b622333ed13d7cd30465"}], "teams_full": [{"Luvdisc": {"name": "Luvdisc", "species": "Luvdisc", "speciesId": "luvdisc", "gender": "M", "shiny": false, "level": 100, "moves": ["endeavor", "surf", "substitute", "whirlpool"], "ability": "Swift Swim", "evs": {"hp": 81, "atk": 0, "def": 85, "spa": 85, "spd": 85, "spe": 85}, "ivs": {"hp": 31, "atk": 0, "def": 31, "spa": 31, "spd": 31, "spe": 31}, "item": "Heavy-Duty Boots", "teraType": "Ghost", "role": "Fast Support", "bvs": {"hp": 43, "atk": 30, "def": 55, "spa": 40, "spd": 65, "spe": 97}, "stats": {"hp": 247, "atk": 65, "def": 167, "spa": 137, "spd": 187, "spe": 251}, "types": ["Water"]}, "Gastrodon": {"name": "Gastrodon", "species": "Gastrodon", "speciesId": "gastrodon", "gender": "F", "shiny": false, "level": 86, "moves": ["clearsmog", "surf", "recover", "earthquake"], "ability": "Storm Drain", "evs": {"hp": 85, "atk": 85, "def": 85, "spa": 85, "spd": 85, "spe": 85}, "ivs": {"hp": 31, "atk": 31, "def": 31, "spa": 31, "spd": 31, "spe": 31}, "item": "Leftovers", "teraType": "Steel", "role": "Bulky Attacker", "bvs": {"hp": 111, "atk": 83, "def": 68, "spa": 92, "spd": 82, "spe": 39}, "stats": {"hp": 331, "atk": 192, "def": 166, "spa": 207, "spd": 190, "spe": 116}, "types": ["Water", "Ground"]}, "Mamoswine": {"name": "Mamoswine", "species": "Mamoswine", "speciesId": "mamoswine", "gender": "M", "shiny": false, "level": 81, "moves": ["iceshard", "stealthrock", "iciclecrash", "earthquake"], "ability": "Thick Fat", "evs": {"hp": 85, "atk": 85, "def": 85, "spa": 85, "spd": 85, "spe": 85}, "ivs": {"hp": 31, "atk": 31, "def": 31, "spa": 31, "spd": 31, "spe": 31}, "item": "Life Orb", "teraType": "Ice", "role": "Wallbreaker", "bvs": {"hp": 110, "atk": 130, "def": 80, "spa": 70, "spd": 60, "spe": 80}, "stats": {"hp": 311, "atk": 257, "def": 176, "spa": 160, "spd": 144, "spe": 176}, "types": ["Ice", "Ground"]}, "Charizard": {"name": "Charizard", "species": "Charizard", "speciesId": "charizard", "gender": "M", "shiny": false, "level": 85, "moves": ["willowisp", "hurricane", "flamethrower", "earthquake"], "ability": "Blaze", "evs": {"hp": 85, "atk": 85, "def": 85, "spa": 85, "spd": 85, "spe": 85}, "ivs": {"hp": 31, "atk": 31, "def": 31, "spa": 31, "spd": 31, "spe": 31}, "item": "Heavy-Duty Boots", "teraType": "Fire", "role": "Fast Attacker", "bvs": {"hp": 78, "atk": 84, "def": 78, "spa": 109, "spd": 85, "spe": 100}, "stats": {"hp": 271, "atk": 192, "def": 181, "spa": 234, "spd": 193, "spe": 219}, "types": ["Fire", "Flying"]}, "Eiscue": {"name": "Eiscue", "species": "Eiscue", "speciesId": "eiscue", "gender": "F", "shiny": false, "level": 88, "moves": ["terablast", "liquidation", "icespinner", "bellydrum"], "ability": "Ice Face", "evs": {"hp": 81, "atk": 85, "def": 85, "spa": 85, "spd": 85, "spe": 85}, "ivs": {"hp": 31, "atk": 31, "def": 31, "spa": 31, "spd": 31, "spe": 31}, "item": "Sitrus Berry", "teraType": "Ground", "role": "Tera Blast user", "bvs": {"hp": 75, "atk": 80, "def": 110, "spa": 65, "spd": 90, "spe": 50}, "stats": {"hp": 274, "atk": 191, "def": 244, "spa": 165, "spd": 209, "spe": 138}, "types": ["Ice"]}, "Iron Valiant": {"name": "Iron Valiant", "species": "Iron Valiant", "speciesId": "ironvaliant", "gender": "N", "shiny": false, "level": 78, "moves": ["swordsdance", "spiritbreak", "knockoff", "closecombat"], "ability": "Quark Drive", "evs": {"hp": 85, "atk": 85, "def": 85, "spa": 85, "spd": 85, "spe": 85}, "ivs": {"hp": 31, "atk": 31, "def": 31, "spa": 31, "spd": 31, "spe": 31}, "item": "Life Orb", "teraType": "Dark", "role": "Setup Sweeper", "bvs": {"hp": 74, "atk": 130, "def": 90, "spa": 120, "spd": 60, "spe": 116}, "stats": {"hp": 244, "atk": 248, "def": 185, "spa": 232, "spd": 139, "spe": 226}, "types": ["Fairy", "Fighting"]}}, {"Hitmonchan": {"name": "Hitmonchan", "species": "Hitmonchan", "speciesId": "hitmonchan", "gender": "M", "shiny": false, "level": 87, "moves": ["rapidspin", "drainpunch", "knockoff", "taunt"], "ability": "Iron Fist", "evs": {"hp": 85, "atk": 85, "def": 85, "spa": 85, "spd": 85, "spe": 85}, "ivs": {"hp": 31, "atk": 31, "def": 31, "spa": 31, "spd": 31, "spe": 31}, "item": "Leftovers", "teraType": "Steel", "role": "Bulky Support", "bvs": {"hp": 50, "atk": 105, "def": 79, "spa": 35, "spd": 110, "spe": 76}, "stats": {"hp": 229, "atk": 232, "def": 187, "spa": 111, "spd": 241, "spe": 182}, "types": ["Fighting"]}, "Salazzle": {"name": "Salazzle", "species": "Salazzle", "speciesId": "salazzle", "gender": "F", "shiny": false, "level": 83, "moves": ["fireblast", "terablast", "nastyplot", "sludgewave"], "ability": "Corrosion", "evs": {"hp": 85, "atk": 0, "def": 85, "spa": 85, "spd": 85, "spe": 85}, "ivs": {"hp": 31, "atk": 0, "def": 31, "spa": 31, "spd": 31, "spe": 31}, "item": "Heavy-Duty Boots", "teraType": "Grass", "role": "Tera Blast user", "bvs": {"hp": 68, "atk": 64, "def": 60, "spa": 111, "spd": 60, "spe": 117}, "stats": {"hp": 249, "atk": 111, "def": 147, "spa": 232, "spd": 147, "spe": 242}, "types": ["Poison", "Fire"]}, "Slowking": {"name": "Slowking", "species": "Slowking", "speciesId": "slowking", "gender": "F", "shiny": false, "level": 88, "moves": ["scald", "psychicnoise", "thunderwave", "slackoff"], "ability": "Regenerator", "evs": {"hp": 85, "atk": 0, "def": 85, "spa": 85, "spd": 85, "spe": 85}, "ivs": {"hp": 31, "atk": 0, "def": 31, "spa": 31, "spd": 31, "spe": 31}, "item": "Leftovers", "teraType": "Fairy", "role": "Bulky Attacker", "bvs": {"hp": 95, "atk": 75, "def": 80, "spa": 100, "spd": 110, "spe": 30}, "stats": {"hp": 310, "atk": 137, "def": 191, "spa": 226, "spd": 244, "spe": 103}, "types": ["Water", "Psychic"]}, "Iron Hands": {"name": "Iron Hands", "species": "Iron Hands", "speciesId": "ironhands", "gender": "N", "shiny": false, "level": 79, "moves": ["wildcharge", "swordsdance", "drainpunch", "icepunch"], "ability": "Quark Drive", "evs": {"hp": 85, "atk": 85, "def": 85, "spa": 85, "spd": 85, "spe": 85}, "ivs": {"hp": 31, "atk": 31, "def": 31, "spa": 31, "spd": 31, "spe": 31}, "item": "Leftovers", "teraType": "Fighting", "role": "Bulky Attacker", "bvs": {"hp": 154, "atk": 140, "def": 108, "spa": 50, "spd": 68, "spe": 50}, "stats": {"hp": 373, "atk": 267, "def": 216, "spa": 125, "spd": 153, "spe": 125}, "types": ["Fighting", "Electric"]}, "Talonflame": {"name": "Talonflame", "species": "Talonflame", "speciesId": "talonflame", "gender": "F", "shiny": false, "level": 83, "moves": ["overheat", "willowisp", "roost", "bravebird"], "ability": "Flame Body", "evs": {"hp": 85, "atk": 85, "def": 85, "spa": 85, "spd": 85, "spe": 85}, "ivs": {"hp": 31, "atk": 31, "def": 31, "spa": 31, "spd": 31, "spe": 31}, "item": "Heavy-Duty Boots", "teraType": "Ground", "role": "Bulky Attacker", "bvs": {"hp": 78, "atk": 81, "def": 71, "spa": 74, "spd": 69, "spe": 126}, "stats": {"hp": 265, "atk": 182, "def": 166, "spa": 171, "spd": 162, "spe": 257}, "types": ["Fire", "Flying"]}, "Dodrio": {"name": "Dodrio", "species": "Dodrio", "speciesId": "dodrio", "gender": "M", "shiny": false, "level": 85, "moves": ["doubleedge", "swordsdance", "bravebird", "drillrun"], "ability": "Early Bird", "evs": {"hp": 85, "atk": 85, "def": 85, "spa": 85, "spd": 85, "spe": 85}, "ivs": {"hp": 31, "atk": 31, "def": 31, "spa": 31, "spd": 31, "spe": 31}, "item": "Heavy-Duty Boots", "teraType": "Flying", "role": "Setup Sweeper", "bvs": {"hp": 60, "atk": 110, "def": 70, "spa": 60, "spd": 60, "spe": 110}, "stats": {"hp": 241, "atk": 236, "def": 168, "spa": 151, "spd": 151, "spe": 236}, "types": ["Normal", "Flying"]}}]}