{"id": "gen9randombattle-2641211514", "format": "[Gen 9] Random Battle", "players": ["notmetbh102", "randbatsto90gxe"], "log": "|badge|p1|bronze|gen9randombattle|100-9\n|html|<div class=\"broadcast-red\"><strong>This battle is required to be public due to one or more player having a season medal.</strong><br />During the public phase, you can discuss the state of the ladder <a href=\"/seasondiscussion\">in a special chatroom.</a></div>\n|uhtml|medal-msg|<div class=\"broadcast-blue\">Curious what those medals under the avatar are? PS now has Ladder Seasons! For more information, check out the <a href=\"https://www.smogon.com/forums/threads/3740067/\">thread on Smogon.</a></div>\n|raw|<div class=\"broadcast-blue\"><strong>This battle is required to be public due to a player having a name starting with 'medal'.</div>\n|j|\u2606notmetbh102\n|j|\u2606randbatsto90gxe\n|t:|1782754255\n|gametype|singles\n|player|p1|notmetbh102|2|2304\n|player|p2|randbatsto90gxe|n|2254\n|gen|9\n|tier|[Gen 9] Random Battle\n|rated|\n|rule|Species Clause: Limit one of each Pok\u00e9mon\n|rule|HP Percentage Mod: HP is shown in percentages\n|rule|Sleep Clause Mod: Limit one foe put to sleep\n|rule|Illusion Level Mod: Illusion disguises the Pok\u00e9mon's true level\n|\n|t:|1782754255\n|teamsize|p1|6\n|teamsize|p2|6\n|start\n|switch|p1a: Noivern|Noivern, L82, F|274/274\n|switch|p2a: Electivire|Electivire, L84, F|263/263\n|turn|1\n|inactive|Battle timer is ON: inactive players will automatically lose when time's up. (requested by randbatsto90gxe)\n|inactive|notmetbh102 also wants the timer to be on.\n|c|\u2606notmetbh102|hf\n|\n|t:|1782754283\n|move|p1a: Noivern|Boomburst|p2a: Electivire\n|-damage|p2a: Electivire|131/263\n|move|p2a: Electivire|Volt Switch|p1a: Noivern\n|-damage|p1a: Noivern|164/274\n|-damage|p2a: Electivire|105/263|[from] item: Life Orb\n|\n|t:|1782754309\n|switch|p2a: Hitmontop|Hitmontop, L88, M|231/231|[from] Volt Switch\n|\n|upkeep\n|turn|2\n|\n|t:|1782754312\n|move|p1a: Noivern|Boomburst|p2a: Hitmontop\n|-damage|p2a: Hitmontop|128/231\n|move|p2a: Hitmontop|Rapid Spin|p1a: Noivern\n|-damage|p1a: Noivern|95/274\n|-boost|p2a: Hitmontop|spe|1\n|\n|-heal|p2a: Hitmontop|142/231|[from] item: Leftovers\n|upkeep\n|turn|3\n|\n|t:|1782754315\n|switch|p1a: Metagross|Metagross, L79|256/256\n|move|p2a: Hitmontop|Triple Axel|p1a: Metagross|[miss]\n|-miss|p2a: Hitmontop|p1a: Metagross\n|\n|-heal|p2a: Hitmontop|156/231|[from] item: Leftovers\n|upkeep\n|turn|4\n|\n|t:|1782754330\n|switch|p2a: Shiftry|Shiftry, L89, F|305/305\n|move|p1a: Metagross|Earthquake|p2a: Shiftry\n|-resisted|p2a: Shiftry\n|-damage|p2a: Shiftry|254/305\n|\n|upkeep\n|turn|5\n|\n|t:|1782754332\n|switch|p1a: Iron Valiant|Iron Valiant, L78|244/244\n|move|p2a: Shiftry|Knock Off|p1a: Iron Valiant\n|-resisted|p1a: Iron Valiant\n|-damage|p1a: Iron Valiant|204/244\n|-enditem|p1a: Iron Valiant|Life Orb|[from] move: Knock Off|[of] p2a: Shiftry\n|-damage|p2a: Shiftry|224/305|[from] item: Life Orb\n|\n|upkeep\n|turn|6\n|\n|t:|1782754343\n|switch|p2a: Salazzle|Salazzle, L83, F|249/249\n|move|p1a: Iron Valiant|Spirit Break|p2a: Salazzle\n|-resisted|p2a: Salazzle\n|-damage|p2a: Salazzle|220/249\n|-unboost|p2a: Salazzle|spa|1\n|\n|-heal|p2a: Salazzle|235/249|[from] item: Leftovers\n|upkeep\n|turn|7\n|\n|t:|1782754348\n|move|p2a: Salazzle|Toxic|p1a: Iron Valiant\n|-status|p1a: Iron Valiant|tox\n|move|p1a: Iron Valiant|Knock Off|p2a: Salazzle\n|-damage|p2a: Salazzle|142/249\n|-enditem|p2a: Salazzle|Leftovers|[from] move: Knock Off|[of] p1a: Iron Valiant\n|\n|-damage|p1a: Iron Valiant|189/244 tox|[from] psn\n|upkeep\n|turn|8\n|\n|t:|1782754357\n|-end|p1a: Iron Valiant|Quark Drive|[silent]\n|switch|p1a: Noivern|Noivern, L82, F|95/274\n|move|p2a: Salazzle|Substitute|p2a: Salazzle\n|-start|p2a: Salazzle|Substitute\n|-damage|p2a: Salazzle|80/249\n|\n|upkeep\n|turn|9\n|\n|t:|1782754360\n|move|p2a: Salazzle|Protect|p2a: Salazzle\n|-singleturn|p2a: Salazzle|Protect\n|move|p1a: Noivern|Boomburst|p2a: Salazzle\n|-activate|p2a: Salazzle|move: Protect\n|\n|upkeep\n|turn|10\n|inactive|randbatsto90gxe has 120 seconds left.\n|\n|t:|1782754391\n|switch|p2a: Gurdurr|Gurdurr, L85, F|283/283\n|move|p1a: Noivern|Boomburst|p2a: Gurdurr\n|-damage|p2a: Gurdurr|141/283\n|\n|upkeep\n|turn|11\n|\n|t:|1782754394\n|move|p1a: Noivern|Boomburst|p2a: Gurdurr\n|-damage|p2a: Gurdurr|10/283\n|move|p2a: Gurdurr|Knock Off|p1a: Noivern\n|-damage|p1a: Noivern|4/274\n|-enditem|p1a: Noivern|Choice Specs|[from] move: Knock Off|[of] p2a: Gurdurr\n|\n|upkeep\n|turn|12\n|\n|t:|1782754399\n|switch|p1a: Metagross|Metagross, L79|256/256\n|move|p2a: Gurdurr|Mach Punch|p1a: Metagross\n|-damage|p1a: Metagross|216/256\n|\n|upkeep\n|turn|13\n|\n|t:|1782754406\n|move|p1a: Metagross|Heavy Slam|p2a: Gurdurr\n|-damage|p2a: Gurdurr|0 fnt\n|faint|p2a: Gurdurr\n|\n|upkeep\n|\n|t:|1782754413\n|switch|p2a: Shiftry|Shiftry, L89, F|224/305\n|turn|14\n|\n|t:|1782754419\n|switch|p1a: Noivern|Noivern, L82, F|4/274\n|move|p2a: Shiftry|Leaf Blade|p1a: Noivern\n|-resisted|p1a: Noivern\n|-damage|p1a: Noivern|0 fnt\n|faint|p1a: Noivern\n|-damage|p2a: Shiftry|194/305|[from] item: Life Orb\n|\n|upkeep\n|\n|t:|1782754420\n|switch|p1a: Iron Valiant|Iron Valiant, L78|189/244 tox\n|turn|15\n|\n|t:|1782754435\n|move|p1a: Iron Valiant|Spirit Break|p2a: Shiftry\n|-supereffective|p2a: Shiftry\n|-damage|p2a: Shiftry|0 fnt\n|faint|p2a: Shiftry\n|\n|-damage|p1a: Iron Valiant|174/244 tox|[from] psn\n|upkeep\n|\n|t:|1782754445\n|switch|p2a: Salazzle|Salazzle, L83, F|80/249\n|turn|16\n|\n|t:|1782754449\n|-end|p1a: Iron Valiant|Quark Drive|[silent]\n|switch|p1a: Oinkologne|Oinkologne-F, L92, F|361/361\n|move|p2a: Salazzle|Flamethrower|p1a: Oinkologne\n|-damage|p1a: Oinkologne|313/361\n|\n|-heal|p1a: Oinkologne|335/361|[from] item: Leftovers\n|upkeep\n|turn|17\n|\n|t:|1782754452\n|move|p2a: Salazzle|Toxic|p1a: Oinkologne\n|-status|p1a: Oinkologne|tox\n|move|p1a: Oinkologne|Body Slam|p2a: Salazzle\n|-damage|p2a: Salazzle|0 fnt\n|faint|p2a: Salazzle\n|\n|-heal|p1a: Oinkologne|357/361 tox|[from] item: Leftovers\n|-damage|p1a: Oinkologne|335/361 tox|[from] psn\n|upkeep\n|\n|t:|1782754467\n|switch|p2a: Hitmontop|Hitmontop, L88, M|156/231\n|turn|18\n|\n|t:|1782754469\n|switch|p1a: Metagross|Metagross, L79|216/256\n|move|p2a: Hitmontop|Bulk Up|p2a: Hitmontop\n|-boost|p2a: Hitmontop|atk|1\n|-boost|p2a: Hitmontop|def|1\n|\n|-heal|p2a: Hitmontop|170/231|[from] item: Leftovers\n|upkeep\n|turn|19\n|\n|t:|1782754478\n|move|p2a: Hitmontop|Bulk Up|p2a: Hitmontop\n|-boost|p2a: Hitmontop|atk|1\n|-boost|p2a: Hitmontop|def|1\n|move|p1a: Metagross|Psychic Fangs|p2a: Hitmontop\n|-supereffective|p2a: Hitmontop\n|-damage|p2a: Hitmontop|78/231\n|\n|-heal|p2a: Hitmontop|92/231|[from] item: Leftovers\n|upkeep\n|turn|20\n|inactive|randbatsto90gxe has 120 seconds left.\n|\n|t:|1782754509\n|move|p2a: Hitmontop|Bulk Up|p2a: Hitmontop\n|-boost|p2a: Hitmontop|atk|1\n|-boost|p2a: Hitmontop|def|1\n|move|p1a: Metagross|Psychic Fangs|p2a: Hitmontop\n|-supereffective|p2a: Hitmontop\n|-damage|p2a: Hitmontop|14/231\n|\n|-heal|p2a: Hitmontop|28/231|[from] item: Leftovers\n|upkeep\n|turn|21\n|\n|t:|1782754515\n|move|p2a: Hitmontop|Close Combat|p1a: Metagross\n|-damage|p1a: Metagross|0 fnt\n|-unboost|p2a: Hitmontop|def|1\n|-unboost|p2a: Hitmontop|spd|1\n|faint|p1a: Metagross\n|\n|-heal|p2a: Hitmontop|42/231|[from] item: Leftovers\n|upkeep\n|\n|t:|1782754516\n|switch|p1a: Iron Leaves|Iron Leaves, L80|275/275\n|turn|22\n|\n|t:|1782754519\n|move|p1a: Iron Leaves|Leaf Blade|p2a: Hitmontop\n|-damage|p2a: Hitmontop|0 fnt\n|faint|p2a: Hitmontop\n|\n|upkeep\n|\n|t:|1782754524\n|switch|p2a: Rotom|Rotom-Wash, L82|216/216\n|turn|23\n|\n|t:|1782754528\n|-terastallize|p2a: Rotom|Steel\n|move|p1a: Iron Leaves|Leaf Blade|p2a: Rotom\n|-resisted|p2a: Rotom\n|-damage|p2a: Rotom|143/216\n|move|p2a: Rotom|Will-O-Wisp|p1a: Iron Leaves\n|-status|p1a: Iron Leaves|brn\n|\n|-heal|p2a: Rotom|156/216|[from] item: Leftovers\n|-damage|p1a: Iron Leaves|258/275 brn|[from] brn\n|upkeep\n|turn|24\n|\n|t:|1782754539\n|-end|p1a: Iron Leaves|Quark Drive|[silent]\n|switch|p1a: Iron Valiant|Iron Valiant, L78|174/244 tox\n|move|p2a: Rotom|Nasty Plot|p2a: Rotom\n|-boost|p2a: Rotom|spa|2\n|\n|-heal|p2a: Rotom|169/216|[from] item: Leftovers\n|-damage|p1a: Iron Valiant|159/244 tox|[from] psn\n|upkeep\n|turn|25\n|\n|t:|1782754553\n|-terastallize|p1a: Iron Valiant|Dark\n|move|p1a: Iron Valiant|Close Combat|p2a: Rotom\n|-supereffective|p2a: Rotom\n|-damage|p2a: Rotom|0 fnt\n|-unboost|p1a: Iron Valiant|def|1\n|-unboost|p1a: Iron Valiant|spd|1\n|faint|p2a: Rotom\n|\n|-damage|p1a: Iron Valiant|129/244 tox|[from] psn\n|upkeep\n|\n|t:|1782754555\n|switch|p2a: Electivire|Electivire, L84, F|105/263\n|turn|26\n|\n|t:|1782754560\n|move|p1a: Iron Valiant|Knock Off|p2a: Electivire\n|-damage|p2a: Electivire|0 fnt\n|-enditem|p2a: Electivire|Life Orb|[from] move: Knock Off|[of] p1a: Iron Valiant\n|faint|p2a: Electivire\n|\n|win|notmetbh102\n|raw|notmetbh102's rating: 2304 &rarr; <strong>2321</strong><br />(+17 for winning)\n|raw|randbatsto90gxe's rating: 2254 &rarr; <strong>2237</strong><br />(-17 for losing)\n|c|\u2606notmetbh102|gg\n", "inputlog": ">version f8ac14003a5f27e1bdc8d8c59608a773c1cb96e5\n>start {\"formatid\":\"gen9randombattle\",\"seed\":\"sodium,d5d8cd9f6b5d06d24c46338cc88bf5f8\",\"rated\":\"Rated battle\"}\n>player p1 {\"name\":\"notmetbh102\",\"avatar\":\"2\",\"rating\":2304,\"seed\":\"sodium,cd68eb5249a809e323582b7ccf3b6ec7\"}\n>player p2 {\"name\":\"randbatsto90gxe\",\"avatar\":\"n\",\"rating\":2254,\"seed\":\"sodium,9604912105e362142757e9b0bcd73011\"}\n>chat \u2606notmetbh102|hf\n>p1 move boomburst\n>p2 move voltswitch\n>p2 switch 2\n>p1 move boomburst\n>p2 move rapidspin\n>p1 switch 3\n>p2 move tripleaxel\n>p1 move earthquake\n>p2 switch 6\n>p1 switch 6\n>p2 move knockoff\n>p1 move spiritbreak\n>p2 switch 4\n>p1 move knockoff\n>p2 move toxic\n>p1 switch 3\n>p2 move substitute\n>p1 move boomburst\n>p2 move protect\n>p1 move boomburst\n>p2 switch 3\n>p1 move boomburst\n>p2 move knockoff\n>p1 switch 6\n>p2 move machpunch\n>p1 move heavyslam\n>p2 move knockoff\n>p2 switch 4\n>p1 switch 6\n>p2 move leafblade\n>p1 switch 3\n>p1 move spiritbreak\n>p2 move leafblade\n>p2 switch 3\n>p1 switch 4\n>p2 move flamethrower\n>p1 move bodyslam\n>p2 move toxic\n>p2 switch 6\n>p1 switch 6\n>p2 move bulkup\n>p1 move psychicfangs\n>p2 move bulkup\n>p1 move psychicfangs\n>p2 move bulkup\n>p1 move psychicfangs\n>p2 move closecombat\n>p1 switch 2\n>p1 move leafblade\n>p2 move tripleaxel\n>p2 switch 5\n>p1 move leafblade\n>p2 move willowisp terastallize\n>p1 switch 4\n>p2 move nastyplot\n>p1 move closecombat terastallize\n>p2 move thunderbolt\n>p2 switch 2\n>p1 move knockoff\n>p2 move supercellslam", "uploadtime": 1782754561, "views": 10, "formatid": "gen9randombattle", "rating": 2237, "private": 0, "password": null, "player_dets": [{"name": "notmetbh102", "avatar": "2", "rating": 2304, "seed": "sodium,cd68eb5249a809e323582b7ccf3b6ec7"}, {"name": "randbatsto90gxe", "avatar": "n", "rating": 2254, "seed": "sodium,9604912105e362142757e9b0bcd73011"}], "teams_full": [{"Noivern": {"name": "Noivern", "species": "Noivern", "speciesId": "noivern", "gender": "F", "shiny": false, "level": 82, "moves": ["hurricane", "dracometeor", "boomburst", "flamethrower"], "ability": "Infiltrator", "evs": {"hp": 85, "atk": 0, "def": 85, "spa": 85, "spd": 85, "spe": 85}, "ivs": {"hp": 31, "atk": 0, "def": 31, "spa": 31, "spd": 31, "spe": 31}, "item": "Choice Specs", "teraType": "Normal", "role": "Fast Attacker", "bvs": {"hp": 85, "atk": 70, "def": 80, "spa": 97, "spd": 80, "spe": 123}, "stats": {"hp": 274, "atk": 119, "def": 178, "spa": 206, "spd": 178, "spe": 249}, "types": ["Flying", "Dragon"]}, "Iron Leaves": {"name": "Iron Leaves", "species": "Iron Leaves", "speciesId": "ironleaves", "gender": "N", "shiny": false, "level": 80, "moves": ["megahorn", "psyblade", "closecombat", "leafblade"], "ability": "Quark Drive", "evs": {"hp": 85, "atk": 85, "def": 85, "spa": 85, "spd": 85, "spe": 85}, "ivs": {"hp": 31, "atk": 31, "def": 31, "spa": 31, "spd": 31, "spe": 31}, "item": "Choice Band", "teraType": "Fighting", "role": "Wallbreaker", "bvs": {"hp": 90, "atk": 130, "def": 88, "spa": 70, "spd": 108, "spe": 104}, "stats": {"hp": 275, "atk": 254, "def": 187, "spa": 158, "spd": 219, "spe": 213}, "types": ["Grass", "Psychic"]}, "Metagross": {"name": "Metagross", "species": "Metagross", "speciesId": "metagross", "gender": "N", "shiny": false, "level": 79, "moves": ["agility", "earthquake", "heavyslam", "psychicfangs"], "ability": "Clear Body", "evs": {"hp": 85, "atk": 85, "def": 85, "spa": 85, "spd": 85, "spe": 85}, "ivs": {"hp": 31, "atk": 31, "def": 31, "spa": 31, "spd": 31, "spe": 31}, "item": "Weakness Policy", "teraType": "Ground", "role": "Bulky Setup", "bvs": {"hp": 80, "atk": 135, "def": 130, "spa": 95, "spd": 90, "spe": 70}, "stats": {"hp": 256, "atk": 259, "def": 251, "spa": 196, "spd": 188, "spe": 156}, "types": ["Steel", "Psychic"]}, "Oinkologne": {"name": "Oinkologne", "species": "Oinkologne-F", "speciesId": "oinkolognef", "gender": "F", "shiny": false, "level": 92, "moves": ["lashout", "highhorsepower", "curse", "bodyslam"], "ability": "Thick Fat", "evs": {"hp": 85, "atk": 85, "def": 85, "spa": 85, "spd": 85, "spe": 85}, "ivs": {"hp": 31, "atk": 31, "def": 31, "spa": 31, "spd": 31, "spe": 31}, "item": "Leftovers", "teraType": "Ground", "role": "Bulky Setup", "bvs": {"hp": 115, "atk": 90, "def": 70, "spa": 59, "spd": 90, "spe": 65}, "stats": {"hp": 361, "atk": 218, "def": 181, "spa": 161, "spd": 218, "spe": 172}, "types": ["Normal"]}, "Trevenant": {"name": "Trevenant", "species": "Trevenant", "speciesId": "trevenant", "gender": "M", "shiny": false, "level": 89, "moves": ["protect", "poltergeist", "toxic", "drainpunch"], "ability": "Harvest", "evs": {"hp": 85, "atk": 85, "def": 85, "spa": 85, "spd": 85, "spe": 85}, "ivs": {"hp": 31, "atk": 31, "def": 31, "spa": 31, "spd": 31, "spe": 31}, "item": "Sitrus Berry", "teraType": "Fighting", "role": "Bulky Support", "bvs": {"hp": 85, "atk": 110, "def": 76, "spa": 65, "spd": 82, "spe": 56}, "stats": {"hp": 296, "atk": 247, "def": 186, "spa": 166, "spd": 197, "spe": 150}, "types": ["Ghost", "Grass"]}, "Iron Valiant": {"name": "Iron Valiant", "species": "Iron Valiant", "speciesId": "ironvaliant", "gender": "N", "shiny": false, "level": 78, "moves": ["swordsdance", "closecombat", "knockoff", "spiritbreak"], "ability": "Quark Drive", "evs": {"hp": 85, "atk": 85, "def": 85, "spa": 85, "spd": 85, "spe": 85}, "ivs": {"hp": 31, "atk": 31, "def": 31, "spa": 31, "spd": 31, "spe": 31}, "item": "Life Orb", "teraType": "Dark", "role": "Setup Sweeper", "bvs": {"hp": 74, "atk": 130, "def": 90, "spa": 120, "spd": 60, "spe": 116}, "stats": {"hp": 244, "atk": 248, "def": 185, "spa": 232, "spd": 139, "spe": 226}, "types": ["Fairy", "Fighting"]}}, {"Electivire": {"name": "Electivire", "species": "Electivire", "speciesId": "electivire", "gender": "F", "shiny": false, "level": 84, "moves": ["supercellslam", "voltswitch", "knockoff", "earthquake"], "ability": "Motor Drive", "evs": {"hp": 85, "atk": 85, "def": 85, "spa": 85, "spd": 85, "spe": 85}, "ivs": {"hp": 31, "atk": 31, "def": 31, "spa": 31, "spd": 31, "spe": 31}, "item": "Life Orb", "teraType": "Flying", "role": "Fast Attacker", "bvs": {"hp": 75, "atk": 123, "def": 67, "spa": 95, "spd": 85, "spe": 95}, "stats": {"hp": 263, "atk": 255, "def": 161, "spa": 208, "spd": 191, "spe": 208}, "types": ["Electric"]}, "Hitmontop": {"name": "Hitmontop", "species": "Hitmontop", "speciesId": "hitmontop", "gender": "M", "shiny": false, "level": 88, "moves": ["tripleaxel", "bulkup", "rapidspin", "closecombat"], "ability": "Technician", "evs": {"hp": 85, "atk": 85, "def": 85, "spa": 85, "spd": 85, "spe": 85}, "ivs": {"hp": 31, "atk": 31, "def": 31, "spa": 31, "spd": 31, "spe": 31}, "item": "Leftovers", "teraType": "Ice", "role": "Bulky Setup", "bvs": {"hp": 50, "atk": 95, "def": 95, "spa": 35, "spd": 110, "spe": 70}, "stats": {"hp": 231, "atk": 217, "def": 217, "spa": 112, "spd": 244, "spe": 173}, "types": ["Fighting"]}, "Gurdurr": {"name": "Gurdurr", "species": "Gurdurr", "speciesId": "gurdurr", "gender": "F", "shiny": false, "level": 85, "moves": ["drainpunch", "knockoff", "machpunch", "bulkup"], "ability": "Guts", "evs": {"hp": 85, "atk": 85, "def": 85, "spa": 85, "spd": 85, "spe": 85}, "ivs": {"hp": 31, "atk": 31, "def": 31, "spa": 31, "spd": 31, "spe": 31}, "item": "Eviolite", "teraType": "Steel", "role": "Bulky Attacker", "bvs": {"hp": 85, "atk": 105, "def": 85, "spa": 40, "spd": 50, "spe": 40}, "stats": {"hp": 283, "atk": 227, "def": 193, "spa": 117, "spd": 134, "spe": 117}, "types": ["Fighting"]}, "Salazzle": {"name": "Salazzle", "species": "Salazzle", "speciesId": "salazzle", "gender": "F", "shiny": false, "level": 83, "moves": ["flamethrower", "substitute", "toxic", "protect"], "ability": "Corrosion", "evs": {"hp": 85, "atk": 0, "def": 85, "spa": 85, "spd": 85, "spe": 85}, "ivs": {"hp": 31, "atk": 0, "def": 31, "spa": 31, "spd": 31, "spe": 31}, "item": "Leftovers", "teraType": "Flying", "role": "Fast Support", "bvs": {"hp": 68, "atk": 64, "def": 60, "spa": 111, "spd": 60, "spe": 117}, "stats": {"hp": 249, "atk": 111, "def": 147, "spa": 232, "spd": 147, "spe": 242}, "types": ["Poison", "Fire"]}, "Rotom": {"name": "Rotom", "species": "Rotom-Wash", "speciesId": "rotomwash", "gender": "N", "shiny": false, "level": 82, "moves": ["willowisp", "hydropump", "thunderbolt", "nastyplot"], "ability": "Levitate", "evs": {"hp": 85, "atk": 0, "def": 85, "spa": 85, "spd": 85, "spe": 85}, "ivs": {"hp": 31, "atk": 0, "def": 31, "spa": 31, "spd": 31, "spe": 31}, "item": "Leftovers", "teraType": "Steel", "role": "Bulky Attacker", "bvs": {"hp": 50, "atk": 65, "def": 107, "spa": 105, "spd": 107, "spe": 86}, "stats": {"hp": 216, "atk": 111, "def": 223, "spa": 219, "spd": 223, "spe": 188}, "types": ["Electric", "Water"]}, "Shiftry": {"name": "Shiftry", "species": "Shiftry", "speciesId": "shiftry", "gender": "F", "shiny": false, "level": 89, "moves": ["suckerpunch", "leafblade", "knockoff", "swordsdance"], "ability": "Wind Rider", "evs": {"hp": 85, "atk": 85, "def": 85, "spa": 85, "spd": 85, "spe": 85}, "ivs": {"hp": 31, "atk": 31, "def": 31, "spa": 31, "spd": 31, "spe": 31}, "item": "Life Orb", "teraType": "Poison", "role": "Fast Bulky Setup", "bvs": {"hp": 90, "atk": 100, "def": 60, "spa": 90, "spd": 60, "spe": 80}, "stats": {"hp": 305, "atk": 229, "def": 158, "spa": 211, "spd": 158, "spe": 193}, "types": ["Grass", "Dark"]}}]}