{"id": "gen9randombattle-2641546393", "format": "[Gen 9] Random Battle", "players": ["leviiow", "Zibabu"], "log": "|j|\u2606leviiow\n|j|\u2606Zibabu\n|t:|1782805152\n|gametype|singles\n|player|p1|leviiow|miku-ground|2034\n|player|p2|Zibabu|102|2015\n|gen|9\n|tier|[Gen 9] Random Battle\n|rated|\n|rule|Species Clause: Limit one of each Pok\u00e9mon\n|rule|HP Percentage Mod: HP is shown in percentages\n|rule|Sleep Clause Mod: Limit one foe put to sleep\n|rule|Illusion Level Mod: Illusion disguises the Pok\u00e9mon's true level\n|\n|t:|1782805152\n|teamsize|p1|6\n|teamsize|p2|6\n|start\n|switch|p1a: Rillaboom|Rillaboom, L79, F|288/288\n|switch|p2a: Bombirdier|Bombirdier, L85, M|258/258\n|-fieldstart|move: Grassy Terrain|[from] ability: Grassy Surge|[of] p1a: Rillaboom\n|turn|1\n|inactive|Battle timer is ON: inactive players will automatically lose when time's up. (requested by Zibabu)\n|inactive|leviiow also wants the timer to be on.\n|inactive|leviiow has 120 seconds left.\n|\n|t:|1782805194\n|switch|p1a: Klefki|Klefki, L84, M|233/233\n|move|p2a: Bombirdier|Stealth Rock|p1a: Klefki\n|-sidestart|p1: leviiow|move: Stealth Rock\n|\n|upkeep\n|turn|2\n|\n|t:|1782805198\n|move|p2a: Bombirdier|Knock Off|p1a: Klefki\n|-resisted|p1a: Klefki\n|-damage|p1a: Klefki|178/233\n|-enditem|p1a: Klefki|Leftovers|[from] move: Knock Off|[of] p2a: Bombirdier\n|move|p1a: Klefki|Dazzling Gleam|p2a: Bombirdier\n|-supereffective|p2a: Bombirdier\n|-damage|p2a: Bombirdier|120/258\n|\n|-heal|p1a: Klefki|192/233|[from] Grassy Terrain\n|upkeep\n|turn|3\n|\n|t:|1782805203\n|move|p1a: Klefki|Spikes|p2a: Bombirdier\n|-sidestart|p2: Zibabu|Spikes\n|move|p2a: Bombirdier|Roost|p2a: Bombirdier\n|-heal|p2a: Bombirdier|249/258\n|-singleturn|p2a: Bombirdier|move: Roost\n|\n|-heal|p2a: Bombirdier|258/258|[from] Grassy Terrain\n|-heal|p1a: Klefki|206/233|[from] Grassy Terrain\n|upkeep\n|turn|4\n|\n|t:|1782805213\n|switch|p2a: Girafarig|Girafarig, L89, M|269/269\n|-damage|p2a: Girafarig|236/269|[from] Spikes\n|move|p1a: Klefki|Spikes|p2a: Girafarig\n|-sidestart|p2: Zibabu|Spikes\n|\n|-heal|p2a: Girafarig|252/269|[from] Grassy Terrain\n|-heal|p1a: Klefki|220/233|[from] Grassy Terrain\n|upkeep\n|turn|5\n|\n|t:|1782805220\n|move|p1a: Klefki|Spikes|p2a: Girafarig\n|-sidestart|p2: Zibabu|Spikes\n|move|p2a: Girafarig|Nasty Plot|p2a: Girafarig\n|-boost|p2a: Girafarig|spa|2\n|\n|-heal|p2a: Girafarig|268/269|[from] Grassy Terrain\n|-heal|p1a: Klefki|233/233|[from] Grassy Terrain\n|-fieldend|move: Grassy Terrain\n|upkeep\n|turn|6\n|\n|t:|1782805225\n|move|p1a: Klefki|Thunder Wave|p2a: Girafarig\n|-status|p2a: Girafarig|par\n|move|p2a: Girafarig|Hyper Voice|p1a: Klefki\n|-resisted|p1a: Klefki\n|-damage|p1a: Klefki|128/233\n|\n|upkeep\n|turn|7\n|\n|t:|1782805240\n|switch|p1a: Lurantis|Lurantis, L87, M|264/264\n|-damage|p1a: Lurantis|231/264|[from] Stealth Rock\n|move|p2a: Girafarig|Psyshock|p1a: Lurantis\n|-damage|p1a: Lurantis|66/264\n|\n|upkeep\n|turn|8\n|\n|t:|1782805247\n|move|p1a: Lurantis|Knock Off|p2a: Girafarig\n|-supereffective|p2a: Girafarig\n|-damage|p2a: Girafarig|136/269 par\n|-enditem|p2a: Girafarig|Eviolite|[from] move: Knock Off|[of] p1a: Lurantis\n|move|p2a: Girafarig|Hyper Voice|p1a: Lurantis\n|-damage|p1a: Lurantis|0 fnt\n|faint|p1a: Lurantis\n|\n|upkeep\n|\n|t:|1782805270\n|switch|p1a: Klefki|Klefki, L84, M|128/233\n|-damage|p1a: Klefki|114/233|[from] Stealth Rock\n|turn|9\n|\n|t:|1782805273\n|move|p1a: Klefki|Foul Play|p2a: Girafarig\n|-supereffective|p2a: Girafarig\n|-damage|p2a: Girafarig|16/269 par\n|move|p2a: Girafarig|Hyper Voice|p1a: Klefki\n|-resisted|p1a: Klefki\n|-damage|p1a: Klefki|5/233\n|\n|upkeep\n|turn|10\n|\n|t:|1782805279\n|move|p1a: Klefki|Foul Play|p2a: Girafarig\n|-supereffective|p2a: Girafarig\n|-damage|p2a: Girafarig|0 fnt\n|faint|p2a: Girafarig\n|\n|upkeep\n|\n|t:|1782805285\n|switch|p2a: Bombirdier|Bombirdier, L85, M|258/258\n|turn|11\n|inactive|leviiow has 120 seconds left.\n|\n|t:|1782805315\n|move|p2a: Bombirdier|Knock Off|p1a: Klefki\n|-resisted|p1a: Klefki\n|-damage|p1a: Klefki|0 fnt\n|faint|p1a: Klefki\n|\n|upkeep\n|inactive|leviiow has 120 seconds left.\n|\n|t:|1782805340\n|switch|p1a: Zangoose|Zangoose, L85, M|263/263\n|-damage|p1a: Zangoose|231/263|[from] Stealth Rock\n|turn|12\n|\n|t:|1782805344\n|move|p1a: Zangoose|Swords Dance|p1a: Zangoose\n|-boost|p1a: Zangoose|atk|2\n|move|p2a: Bombirdier|Knock Off|p1a: Zangoose\n|-damage|p1a: Zangoose|96/263\n|-enditem|p1a: Zangoose|Toxic Orb|[from] move: Knock Off|[of] p2a: Bombirdier\n|\n|upkeep\n|turn|13\n|\n|t:|1782805349\n|move|p1a: Zangoose|Facade|p2a: Bombirdier\n|-damage|p2a: Bombirdier|90/258\n|move|p2a: Bombirdier|Brave Bird|p1a: Zangoose\n|-damage|p1a: Zangoose|0 fnt\n|faint|p1a: Zangoose\n|-damage|p2a: Bombirdier|58/258|[from] Recoil\n|\n|upkeep\n|inactive|leviiow has 120 seconds left.\n|\n|t:|1782805362\n|switch|p1a: Rillaboom|Rillaboom, L79, F|288/288\n|-damage|p1a: Rillaboom|252/288|[from] Stealth Rock\n|-fieldstart|move: Grassy Terrain|[from] ability: Grassy Surge|[of] p1a: Rillaboom\n|turn|14\n|\n|t:|1782805365\n|-terastallize|p1a: Rillaboom|Grass\n|move|p1a: Rillaboom|Grassy Glide|p2a: Bombirdier\n|-resisted|p2a: Bombirdier\n|-damage|p2a: Bombirdier|0 fnt\n|faint|p2a: Bombirdier\n|-damage|p1a: Rillaboom|224/288|[from] item: Life Orb\n|\n|-heal|p1a: Rillaboom|242/288|[from] Grassy Terrain\n|upkeep\n|\n|t:|1782805373\n|switch|p2a: Toucannon|Toucannon, L88, M|284/284\n|turn|15\n|\n|t:|1782805380\n|move|p1a: Rillaboom|Wood Hammer|p2a: Toucannon\n|-resisted|p2a: Toucannon\n|-damage|p2a: Toucannon|120/284\n|-damage|p1a: Rillaboom|188/288|[from] Recoil\n|-damage|p1a: Rillaboom|160/288|[from] item: Life Orb\n|move|p2a: Toucannon|Boomburst|p1a: Rillaboom\n|-damage|p1a: Rillaboom|0 fnt\n|faint|p1a: Rillaboom\n|\n|upkeep\n|\n|t:|1782805393\n|switch|p1a: Regigigas|Regigigas, L84|322/322\n|-damage|p1a: Regigigas|282/322|[from] Stealth Rock\n|-start|p1a: Regigigas|ability: Slow Start\n|turn|16\n|\n|t:|1782805399\n|-singleturn|p2a: Toucannon|move: Beak Blast\n|move|p1a: Regigigas|Body Slam|p2a: Toucannon\n|-damage|p2a: Toucannon|48/284\n|-status|p1a: Regigigas|brn\n|-status|p2a: Toucannon|par\n|move|p2a: Toucannon|Beak Blast|p1a: Regigigas\n|-damage|p1a: Regigigas|158/322 brn\n|\n|-heal|p1a: Regigigas|178/322 brn|[from] Grassy Terrain\n|-heal|p1a: Regigigas|198/322 brn|[from] item: Leftovers\n|-damage|p1a: Regigigas|178/322 brn|[from] brn\n|upkeep\n|turn|17\n|\n|t:|1782805408\n|move|p1a: Regigigas|Body Slam|p2a: Toucannon\n|-damage|p2a: Toucannon|13/284 par\n|move|p2a: Toucannon|U-turn|p1a: Regigigas\n|-damage|p1a: Regigigas|121/322 brn\n|\n|t:|1782805413\n|switch|p2a: Annihilape|Annihilape, L76, F|292/292|[from] U-turn\n|-damage|p2a: Annihilape|219/292|[from] Spikes\n|\n|-heal|p2a: Annihilape|237/292|[from] Grassy Terrain\n|-heal|p1a: Regigigas|141/322 brn|[from] Grassy Terrain\n|-heal|p1a: Regigigas|161/322 brn|[from] item: Leftovers\n|-damage|p1a: Regigigas|141/322 brn|[from] brn\n|upkeep\n|turn|18\n|\n|t:|1782805424\n|move|p2a: Annihilape|Bulk Up|p2a: Annihilape\n|-boost|p2a: Annihilape|atk|1\n|-boost|p2a: Annihilape|def|1\n|move|p1a: Regigigas|Knock Off|p2a: Annihilape\n|-damage|p2a: Annihilape|216/292\n|-enditem|p2a: Annihilape|Chesto Berry|[from] move: Knock Off|[of] p1a: Regigigas\n|\n|-heal|p2a: Annihilape|234/292|[from] Grassy Terrain\n|-heal|p1a: Regigigas|161/322 brn|[from] Grassy Terrain\n|-heal|p1a: Regigigas|181/322 brn|[from] item: Leftovers\n|-damage|p1a: Regigigas|161/322 brn|[from] brn\n|-fieldend|move: Grassy Terrain\n|upkeep\n|turn|19\n|-message|leviiow forfeited.\n|\n|win|Zibabu\n", "inputlog": ">version f8ac14003a5f27e1bdc8d8c59608a773c1cb96e5\n>start {\"formatid\":\"gen9randombattle\",\"seed\":\"sodium,9a1b8d87321ceee76e5a339cecfbda8e\",\"rated\":\"Rated battle\"}\n>player p1 {\"name\":\"leviiow\",\"avatar\":\"miku-ground\",\"rating\":2034,\"seed\":\"sodium,ab47fc50754fb93d431826543ef286af\"}\n>player p2 {\"name\":\"Zibabu\",\"avatar\":\"102\",\"rating\":2015,\"seed\":\"sodium,f2c9260aba2f3cd81557cdcd981cb050\"}\n>p1 switch 3\n>p2 move stealthrock\n>p1 move dazzlinggleam\n>p2 move knockoff\n>p1 move spikes\n>p2 move roost\n>p1 move spikes\n>p2 switch 5\n>p1 move spikes\n>p2 move nastyplot\n>p1 move thunderwave\n>p2 move hypervoice\n>p1 switch 2\n>p2 move psyshock\n>p1 move knockoff\n>p2 move hypervoice\n>p1 switch 2\n>p1 move foulplay\n>p2 move hypervoice\n>p1 move foulplay\n>p2 move hypervoice\n>p2 switch 5\n>p1 move dazzlinggleam\n>p2 move knockoff\n>p1 switch 6\n>p1 move swordsdance\n>p2 move knockoff\n>p1 move facade\n>p2 move bravebird\n>p1 switch 3\n>p1 move grassyglide terastallize\n>p2 move bravebird\n>p2 switch 4\n>p1 move woodhammer\n>p2 move boomburst\n>p1 switch 5\n>p1 move bodyslam\n>p2 move beakblast\n>p1 move bodyslam\n>p2 move uturn\n>p2 switch 6\n>p1 move knockoff\n>p2 move bulkup\n>forcelose p1", "uploadtime": 1782805154, "views": 3, "formatid": "gen9randombattle", "rating": null, "private": 0, "password": null, "player_dets": [{"name": "leviiow", "avatar": "miku-ground", "rating": 2034, "seed": "sodium,ab47fc50754fb93d431826543ef286af"}, {"name": "Zibabu", "avatar": "102", "rating": 2015, "seed": "sodium,f2c9260aba2f3cd81557cdcd981cb050"}], "teams_full": [{"Rillaboom": {"name": "Rillaboom", "species": "Rillaboom", "speciesId": "rillaboom", "gender": "F", "shiny": false, "level": 79, "moves": ["highhorsepower", "swordsdance", "grassyglide", "woodhammer"], "ability": "Grassy Surge", "evs": {"hp": 85, "atk": 85, "def": 85, "spa": 85, "spd": 85, "spe": 85}, "ivs": {"hp": 31, "atk": 31, "def": 31, "spa": 31, "spd": 31, "spe": 31}, "item": "Life Orb", "teraType": "Grass", "role": "Fast Attacker", "bvs": {"hp": 100, "atk": 125, "def": 90, "spa": 60, "spd": 70, "spe": 85}, "stats": {"hp": 288, "atk": 243, "def": 188, "spa": 140, "spd": 156, "spe": 180}, "types": ["Grass"]}, "Lurantis": {"name": "Lurantis", "species": "Lurantis", "speciesId": "lurantis", "gender": "M", "shiny": false, "level": 87, "moves": ["knockoff", "superpower", "leechlife", "leafstorm"], "ability": "Contrary", "evs": {"hp": 85, "atk": 85, "def": 85, "spa": 85, "spd": 85, "spe": 85}, "ivs": {"hp": 31, "atk": 31, "def": 31, "spa": 31, "spd": 31, "spe": 31}, "item": "Assault Vest", "teraType": "Fighting", "role": "AV Pivot", "bvs": {"hp": 70, "atk": 105, "def": 90, "spa": 80, "spd": 90, "spe": 45}, "stats": {"hp": 264, "atk": 232, "def": 206, "spa": 189, "spd": 206, "spe": 128}, "types": ["Grass"]}, "Klefki": {"name": "Klefki", "species": "Klefki", "speciesId": "klefki", "gender": "M", "shiny": false, "level": 84, "moves": ["dazzlinggleam", "spikes", "thunderwave", "foulplay"], "ability": "Prankster", "evs": {"hp": 85, "atk": 0, "def": 85, "spa": 85, "spd": 85, "spe": 85}, "ivs": {"hp": 31, "atk": 0, "def": 31, "spa": 31, "spd": 31, "spe": 31}, "item": "Leftovers", "teraType": "Flying", "role": "Bulky Attacker", "bvs": {"hp": 57, "atk": 80, "def": 91, "spa": 80, "spd": 87, "spe": 75}, "stats": {"hp": 233, "atk": 139, "def": 201, "spa": 183, "spd": 194, "spe": 174}, "types": ["Steel", "Fairy"]}, "Gliscor": {"name": "Gliscor", "species": "Gliscor", "speciesId": "gliscor", "gender": "F", "shiny": false, "level": 76, "moves": ["toxicspikes", "knockoff", "earthquake", "protect"], "ability": "Poison Heal", "evs": {"hp": 85, "atk": 85, "def": 85, "spa": 85, "spd": 85, "spe": 85}, "ivs": {"hp": 31, "atk": 31, "def": 31, "spa": 31, "spd": 31, "spe": 31}, "item": "Toxic Orb", "teraType": "Water", "role": "Bulky Support", "bvs": {"hp": 75, "atk": 95, "def": 125, "spa": 45, "spd": 75, "spe": 95}, "stats": {"hp": 239, "atk": 188, "def": 234, "spa": 112, "spd": 158, "spe": 188}, "types": ["Ground", "Flying"]}, "Regigigas": {"name": "Regigigas", "species": "Regigigas", "speciesId": "regigigas", "gender": "N", "shiny": false, "level": 84, "moves": ["knockoff", "bodyslam", "sleeptalk", "rest"], "ability": "Slow Start", "evs": {"hp": 85, "atk": 85, "def": 85, "spa": 85, "spd": 85, "spe": 85}, "ivs": {"hp": 31, "atk": 31, "def": 31, "spa": 31, "spd": 31, "spe": 31}, "item": "Leftovers", "teraType": "Ghost", "role": "Bulky Support", "bvs": {"hp": 110, "atk": 160, "def": 110, "spa": 80, "spd": 110, "spe": 100}, "stats": {"hp": 322, "atk": 317, "def": 233, "spa": 183, "spd": 233, "spe": 216}, "types": ["Normal"]}, "Zangoose": {"name": "Zangoose", "species": "Zangoose", "speciesId": "zangoose", "gender": "M", "shiny": false, "level": 85, "moves": ["quickattack", "knockoff", "facade", "swordsdance"], "ability": "Toxic Boost", "evs": {"hp": 85, "atk": 85, "def": 85, "spa": 85, "spd": 85, "spe": 85}, "ivs": {"hp": 31, "atk": 31, "def": 31, "spa": 31, "spd": 31, "spe": 31}, "item": "Toxic Orb", "teraType": "Normal", "role": "Fast Attacker", "bvs": {"hp": 73, "atk": 115, "def": 60, "spa": 60, "spd": 60, "spe": 90}, "stats": {"hp": 263, "atk": 244, "def": 151, "spa": 151, "spd": 151, "spe": 202}, "types": ["Normal"]}}, {"Bombirdier": {"name": "Bombirdier", "species": "Bombirdier", "speciesId": "bombirdier", "gender": "M", "shiny": false, "level": 85, "moves": ["roost", "stealthrock", "knockoff", "bravebird"], "ability": "Big Pecks", "evs": {"hp": 85, "atk": 85, "def": 85, "spa": 85, "spd": 85, "spe": 85}, "ivs": {"hp": 31, "atk": 31, "def": 31, "spa": 31, "spd": 31, "spe": 31}, "item": "Heavy-Duty Boots", "teraType": "Dark", "role": "Bulky Support", "bvs": {"hp": 70, "atk": 103, "def": 85, "spa": 60, "spd": 85, "spe": 82}, "stats": {"hp": 258, "atk": 224, "def": 193, "spa": 151, "spd": 193, "spe": 188}, "types": ["Flying", "Dark"]}, "Roaring Moon": {"name": "Roaring Moon", "species": "Roaring Moon", "speciesId": "roaringmoon", "gender": "N", "shiny": false, "level": 72, "moves": ["ironhead", "knockoff", "outrage", "dragondance"], "ability": "Protosynthesis", "evs": {"hp": 85, "atk": 85, "def": 85, "spa": 85, "spd": 85, "spe": 85}, "ivs": {"hp": 31, "atk": 31, "def": 31, "spa": 31, "spd": 31, "spe": 31}, "item": "Lum Berry", "teraType": "Steel", "role": "Setup Sweeper", "bvs": {"hp": 105, "atk": 139, "def": 71, "spa": 55, "spd": 101, "spe": 119}, "stats": {"hp": 270, "atk": 242, "def": 144, "spa": 121, "spd": 187, "spe": 213}, "types": ["Dragon", "Dark"]}, "Cresselia": {"name": "Cresselia", "species": "Cresselia", "speciesId": "cresselia", "gender": "F", "shiny": false, "level": 80, "moves": ["calmmind", "moonlight", "psyshock", "thunderbolt"], "ability": "Levitate", "evs": {"hp": 85, "atk": 0, "def": 85, "spa": 85, "spd": 85, "spe": 85}, "ivs": {"hp": 31, "atk": 0, "def": 31, "spa": 31, "spd": 31, "spe": 31}, "item": "Leftovers", "teraType": "Steel", "role": "Bulky Setup", "bvs": {"hp": 120, "atk": 70, "def": 110, "spa": 75, "spd": 120, "spe": 85}, "stats": {"hp": 323, "atk": 117, "def": 222, "spa": 166, "spd": 238, "spe": 182}, "types": ["Psychic"]}, "Toucannon": {"name": "Toucannon", "species": "Toucannon", "speciesId": "toucannon", "gender": "M", "shiny": false, "level": 88, "moves": ["boomburst", "beakblast", "uturn", "roost"], "ability": "Keen Eye", "evs": {"hp": 85, "atk": 85, "def": 85, "spa": 85, "spd": 85, "spe": 85}, "ivs": {"hp": 31, "atk": 31, "def": 31, "spa": 31, "spd": 31, "spe": 31}, "item": "Heavy-Duty Boots", "teraType": "Steel", "role": "Bulky Support", "bvs": {"hp": 80, "atk": 120, "def": 75, "spa": 75, "spd": 75, "spe": 60}, "stats": {"hp": 284, "atk": 261, "def": 182, "spa": 182, "spd": 182, "spe": 156}, "types": ["Normal", "Flying"]}, "Girafarig": {"name": "Girafarig", "species": "Girafarig", "speciesId": "girafarig", "gender": "M", "shiny": false, "level": 89, "moves": ["psyshock", "nastyplot", "hypervoice", "thunderbolt"], "ability": "Sap Sipper", "evs": {"hp": 85, "atk": 0, "def": 85, "spa": 85, "spd": 85, "spe": 85}, "ivs": {"hp": 31, "atk": 0, "def": 31, "spa": 31, "spd": 31, "spe": 31}, "item": "Eviolite", "teraType": "Electric", "role": "Fast Bulky Setup", "bvs": {"hp": 70, "atk": 80, "def": 65, "spa": 90, "spd": 65, "spe": 85}, "stats": {"hp": 269, "atk": 147, "def": 166, "spa": 211, "spd": 166, "spe": 202}, "types": ["Normal", "Psychic"]}, "Annihilape": {"name": "Annihilape", "species": "Annihilape", "speciesId": "annihilape", "gender": "F", "shiny": false, "level": 76, "moves": ["drainpunch", "ragefist", "bulkup", "rest"], "ability": "Defiant", "evs": {"hp": 85, "atk": 85, "def": 85, "spa": 85, "spd": 85, "spe": 85}, "ivs": {"hp": 31, "atk": 31, "def": 31, "spa": 31, "spd": 31, "spe": 31}, "item": "Chesto Berry", "teraType": "Water", "role": "Bulky Setup", "bvs": {"hp": 110, "atk": 115, "def": 80, "spa": 50, "spd": 90, "spe": 90}, "stats": {"hp": 292, "atk": 219, "def": 166, "spa": 120, "spd": 181, "spe": 181}, "types": ["Fighting", "Ghost"]}}]}