{"id": "gen9randombattle-2641484512", "format": "[Gen 9] Random Battle", "players": ["LizarDune", "pokeblade\u2606101"], "log": "|badge|p1|bronze|gen9randombattle|100-9\n|html|<div class=\"broadcast-red\"><strong>This battle is required to be public due to one or more player having a season medal.</strong><br />During the public phase, you can discuss the state of the ladder <a href=\"/seasondiscussion\">in a special chatroom.</a></div>\n|uhtml|medal-msg|<div class=\"broadcast-blue\">Curious what those medals under the avatar are? PS now has Ladder Seasons! For more information, check out the <a href=\"https://www.smogon.com/forums/threads/3740067/\">thread on Smogon.</a></div>\n|badge|p2|gold|gen9randombattle|3-9\n|uhtml|medal-msg|<div class=\"broadcast-blue\">Curious what those medals under the avatar are? PS now has Ladder Seasons! For more information, check out the <a href=\"https://www.smogon.com/forums/threads/3740067/\">thread on Smogon.</a></div>\n|j|\u2606LizarDune\n|j|\u2606pokeblade\u2606101\n|t:|1782792328\n|gametype|singles\n|player|p1|LizarDune|musician|2316\n|player|p2|pokeblade\u2606101|yellow|2481\n|gen|9\n|tier|[Gen 9] Random Battle\n|rated|\n|rule|Species Clause: Limit one of each Pok\u00e9mon\n|rule|HP Percentage Mod: HP is shown in percentages\n|rule|Sleep Clause Mod: Limit one foe put to sleep\n|rule|Illusion Level Mod: Illusion disguises the Pok\u00e9mon's true level\n|\n|t:|1782792328\n|teamsize|p1|6\n|teamsize|p2|6\n|start\n|switch|p1a: Spiritomb|Spiritomb, L89, M|234/234\n|switch|p2a: Poliwrath|Poliwrath, L88, M|302/302\n|turn|1\n|inactive|Battle timer is ON: inactive players will automatically lose when time's up. (requested by LizarDune)\n|\n|t:|1782792357\n|switch|p2a: Dudunsparce|Dudunsparce, L83, F|343/343\n|move|p1a: Spiritomb|Poltergeist|p2a: Dudunsparce\n|-immune|p2a: Dudunsparce\n|\n|upkeep\n|turn|2\n|\n|t:|1782792372\n|move|p2a: Dudunsparce|Toxic|p1a: Spiritomb\n|-status|p1a: Spiritomb|tox\n|move|p1a: Spiritomb|Toxic|p2a: Dudunsparce\n|-status|p2a: Dudunsparce|tox\n|\n|-damage|p2a: Dudunsparce|322/343 tox|[from] psn\n|-damage|p1a: Spiritomb|220/234 tox|[from] psn\n|upkeep\n|turn|3\n|inactive|LizarDune has 120 seconds left.\n|c|\u2606LizarDune|I'm trying to think of a quip but everything I'm coming up with sucks ass\n|\n|t:|1782792421\n|switch|p2a: Slither Wing|Slither Wing, L81|270/270\n|move|p1a: Spiritomb|Foul Play|p2a: Slither Wing\n|-resisted|p2a: Slither Wing\n|-damage|p2a: Slither Wing|195/270\n|\n|-heal|p1a: Spiritomb|234/234 tox|[from] item: Leftovers\n|-damage|p1a: Spiritomb|206/234 tox|[from] psn\n|upkeep\n|turn|4\n|c|\u2606pokeblade\u2606101|toxic relationship\n|c|\u2606LizarDune|That works\n|c|\u2606LizarDune|Thank you\n|inactive|LizarDune has 90 seconds left.\n|\n|t:|1782792453\n|move|p2a: Slither Wing|U-turn|p1a: Spiritomb\n|-damage|p1a: Spiritomb|131/234 tox\n|\n|t:|1782792456\n|-end|p2a: Slither Wing|Protosynthesis|[silent]\n|switch|p2a: Dudunsparce|Dudunsparce, L83, F|322/343 tox|[from] U-turn\n|move|p1a: Spiritomb|Toxic|p2a: Dudunsparce\n|-fail|p2a: Dudunsparce|tox\n|\n|-heal|p2a: Dudunsparce|343/343 tox|[from] item: Leftovers\n|-heal|p1a: Spiritomb|145/234 tox|[from] item: Leftovers\n|-damage|p2a: Dudunsparce|322/343 tox|[from] psn\n|-damage|p1a: Spiritomb|103/234 tox|[from] psn\n|upkeep\n|turn|5\n|\n|t:|1782792464\n|move|p2a: Dudunsparce|Boomburst|p1a: Spiritomb\n|-immune|p1a: Spiritomb\n|move|p1a: Spiritomb|Pain Split|p2a: Dudunsparce\n|-sethp|p2a: Dudunsparce|212/343 tox|[from] move: Pain Split|[silent]\n|-sethp|p1a: Spiritomb|212/234 tox|[from] move: Pain Split\n|\n|-heal|p2a: Dudunsparce|233/343 tox|[from] item: Leftovers\n|-heal|p1a: Spiritomb|226/234 tox|[from] item: Leftovers\n|-damage|p2a: Dudunsparce|191/343 tox|[from] psn\n|-damage|p1a: Spiritomb|170/234 tox|[from] psn\n|upkeep\n|turn|6\n|\n|t:|1782792469\n|switch|p1a: Mesprit|Mesprit, L85|275/275\n|move|p2a: Dudunsparce|Earthquake|p1a: Mesprit\n|-immune|p1a: Mesprit|[from] ability: Levitate\n|\n|-heal|p2a: Dudunsparce|212/343 tox|[from] item: Leftovers\n|-damage|p2a: Dudunsparce|149/343 tox|[from] psn\n|upkeep\n|turn|7\n|\n|t:|1782792474\n|move|p1a: Mesprit|U-turn|p2a: Dudunsparce\n|-damage|p2a: Dudunsparce|88/343 tox\n|-ability|p2a: Dudunsparce|Rattled|boost\n|-boost|p2a: Dudunsparce|spe|1\n|\n|t:|1782792477\n|switch|p1a: Spiritomb|Spiritomb, L89, M|170/234 tox|[from] U-turn\n|move|p2a: Dudunsparce|Toxic|p1a: Spiritomb\n|-fail|p1a: Spiritomb|tox\n|\n|-heal|p2a: Dudunsparce|109/343 tox|[from] item: Leftovers\n|-heal|p1a: Spiritomb|184/234 tox|[from] item: Leftovers\n|-damage|p2a: Dudunsparce|25/343 tox|[from] psn\n|-damage|p1a: Spiritomb|170/234 tox|[from] psn\n|upkeep\n|turn|8\n|\n|t:|1782792482\n|switch|p2a: Slither Wing|Slither Wing, L81|195/270\n|move|p1a: Spiritomb|Foul Play|p2a: Slither Wing\n|-resisted|p2a: Slither Wing\n|-damage|p2a: Slither Wing|126/270\n|\n|-heal|p1a: Spiritomb|184/234 tox|[from] item: Leftovers\n|-damage|p1a: Spiritomb|156/234 tox|[from] psn\n|upkeep\n|turn|9\n|\n|t:|1782792491\n|move|p2a: Slither Wing|Morning Sun|p2a: Slither Wing\n|-heal|p2a: Slither Wing|261/270\n|move|p1a: Spiritomb|Toxic|p2a: Slither Wing\n|-status|p2a: Slither Wing|tox\n|\n|-heal|p1a: Spiritomb|170/234 tox|[from] item: Leftovers\n|-damage|p2a: Slither Wing|245/270 tox|[from] psn\n|-damage|p1a: Spiritomb|128/234 tox|[from] psn\n|upkeep\n|turn|10\n|inactive|LizarDune has 120 seconds left.\n|\n|t:|1782792519\n|move|p2a: Slither Wing|U-turn|p1a: Spiritomb\n|-damage|p1a: Spiritomb|58/234 tox\n|\n|t:|1782792522\n|-end|p2a: Slither Wing|Protosynthesis|[silent]\n|switch|p2a: Dudunsparce|Dudunsparce, L83, F|25/343 tox|[from] U-turn\n|move|p1a: Spiritomb|Foul Play|p2a: Dudunsparce\n|-damage|p2a: Dudunsparce|0 fnt\n|faint|p2a: Dudunsparce\n|\n|-heal|p1a: Spiritomb|72/234 tox|[from] item: Leftovers\n|-damage|p1a: Spiritomb|16/234 tox|[from] psn\n|upkeep\n|\n|t:|1782792529\n|switch|p2a: Slither Wing|Slither Wing, L81|245/270 tox\n|turn|11\n|\n|t:|1782792538\n|switch|p1a: Yanmega|Yanmega, L82, M|275/275\n|move|p2a: Slither Wing|U-turn|p1a: Yanmega\n|-resisted|p1a: Yanmega\n|-damage|p1a: Yanmega|226/275\n|j| Kyoshi3\n|\n|t:|1782792563\n|-end|p2a: Slither Wing|Protosynthesis|[silent]\n|switch|p2a: Ampharos|Ampharos, L88, F|302/302|[from] U-turn\n|\n|upkeep\n|turn|12\n|\n|t:|1782792579\n|-terastallize|p1a: Yanmega|Ground\n|move|p1a: Yanmega|Tera Blast|p2a: Ampharos|[anim] Tera Blast Ground\n|-supereffective|p2a: Ampharos\n|-damage|p2a: Ampharos|120/302\n|move|p2a: Ampharos|Volt Switch|p1a: Yanmega\n|-immune|p1a: Yanmega\n|\n|-ability|p1a: Yanmega|Speed Boost|boost\n|-boost|p1a: Yanmega|spe|1\n|upkeep\n|turn|13\n|\n|t:|1782792587\n|move|p1a: Yanmega|Tera Blast|p2a: Ampharos|[anim] Tera Blast Ground\n|-supereffective|p2a: Ampharos\n|-damage|p2a: Ampharos|0 fnt\n|faint|p2a: Ampharos\n|\n|-ability|p1a: Yanmega|Speed Boost|boost\n|-boost|p1a: Yanmega|spe|1\n|upkeep\n|\n|t:|1782792593\n|switch|p2a: Poliwrath|Poliwrath, L88, M|302/302\n|turn|14\n|\n|t:|1782792598\n|move|p1a: Yanmega|Air Slash|p2a: Poliwrath\n|-supereffective|p2a: Poliwrath\n|-damage|p2a: Poliwrath|126/302\n|cant|p2a: Poliwrath|flinch\n|\n|-ability|p1a: Yanmega|Speed Boost|boost\n|-boost|p1a: Yanmega|spe|1\n|upkeep\n|turn|15\n|j| KlausUnbound\n|\n|t:|1782792602\n|move|p1a: Yanmega|Air Slash|p2a: Poliwrath\n|-supereffective|p2a: Poliwrath\n|-damage|p2a: Poliwrath|0 fnt\n|faint|p2a: Poliwrath\n|\n|-ability|p1a: Yanmega|Speed Boost|boost\n|-boost|p1a: Yanmega|spe|1\n|upkeep\n|\n|t:|1782792607\n|switch|p2a: Blastoise|Blastoise, L80, M|258/258\n|turn|16\n|c|\u2606LizarDune|Rare footage of tera blast yanmega actually achieving something and not just being cm fodder\n|\n|t:|1782792633\n|move|p1a: Yanmega|Air Slash|p2a: Blastoise|[miss]\n|-miss|p1a: Yanmega|p2a: Blastoise\n|move|p2a: Blastoise|Shell Smash|p2a: Blastoise\n|-unboost|p2a: Blastoise|def|1\n|-unboost|p2a: Blastoise|spd|1\n|-boost|p2a: Blastoise|atk|2\n|-boost|p2a: Blastoise|spa|2\n|-boost|p2a: Blastoise|spe|2\n|-enditem|p2a: Blastoise|White Herb\n|-clearnegativeboost|p2a: Blastoise|[silent]\n|\n|-ability|p1a: Yanmega|Speed Boost|boost\n|-boost|p1a: Yanmega|spe|1\n|upkeep\n|turn|17\n|c|\u2606LizarDune|Uh oh\n|\n|t:|1782792644\n|move|p1a: Yanmega|Air Slash|p2a: Blastoise\n|-damage|p2a: Blastoise|177/258\n|move|p2a: Blastoise|Ice Beam|p1a: Yanmega\n|-supereffective|p1a: Yanmega\n|-damage|p1a: Yanmega|0 fnt\n|faint|p1a: Yanmega\n|\n|upkeep\n|\n|t:|1782792654\n|switch|p1a: Veluza|Veluza, L85, M|292/292\n|turn|18\n|\n|t:|1782792657\n|move|p2a: Blastoise|Earthquake|p1a: Veluza\n|-damage|p1a: Veluza|170/292\n|move|p1a: Veluza|Psycho Cut|p2a: Blastoise\n|-damage|p2a: Blastoise|5/258\n|\n|upkeep\n|turn|19\n|c|\u2606pokeblade\u2606101|what the\n|\n|t:|1782792666\n|-terastallize|p2a: Blastoise|Water\n|move|p2a: Blastoise|Hydro Pump|p1a: Veluza\n|-resisted|p1a: Veluza\n|-damage|p1a: Veluza|0 fnt\n|faint|p1a: Veluza\n|\n|upkeep\n|\n|t:|1782792678\n|switch|p1a: Gastrodon|Gastrodon-East, L86, F|331/331\n|turn|20\n|c|\u2606pokeblade\u2606101|no priority\n|c|\u2606pokeblade\u2606101|wtf\n|c|\u2606LizarDune|I do not have priority\n|c|\u2606LizarDune|I will provide this information freely\n|\n|t:|1782792701\n|move|p2a: Blastoise|Earthquake|p1a: Gastrodon\n|-damage|p1a: Gastrodon|198/331\n|move|p1a: Gastrodon|Earthquake|p2a: Blastoise\n|-damage|p2a: Blastoise|0 fnt\n|faint|p2a: Blastoise\n|\n|-heal|p1a: Gastrodon|218/331|[from] item: Leftovers\n|upkeep\n|c|\u2606pokeblade\u2606101|and to think i needed tera grass and not tera water\n|\n|t:|1782792710\n|switch|p2a: Slither Wing|Slither Wing, L81|245/270 tox\n|turn|21\n|\n|t:|1782792716\n|move|p2a: Slither Wing|Close Combat|p1a: Gastrodon\n|-damage|p1a: Gastrodon|50/331\n|-unboost|p2a: Slither Wing|def|1\n|-unboost|p2a: Slither Wing|spd|1\n|move|p1a: Gastrodon|Recover|p1a: Gastrodon\n|-heal|p1a: Gastrodon|216/331\n|\n|-heal|p1a: Gastrodon|236/331|[from] item: Leftovers\n|-damage|p2a: Slither Wing|229/270 tox|[from] psn\n|upkeep\n|turn|22\n|\n|t:|1782792724\n|switch|p1a: Spiritomb|Spiritomb, L89, M|16/234 tox\n|move|p2a: Slither Wing|Close Combat|p1a: Spiritomb\n|-immune|p1a: Spiritomb\n|\n|-heal|p1a: Spiritomb|30/234 tox|[from] item: Leftovers\n|-damage|p2a: Slither Wing|197/270 tox|[from] psn\n|-damage|p1a: Spiritomb|16/234 tox|[from] psn\n|upkeep\n|turn|23\n|\n|t:|1782792730\n|move|p2a: Slither Wing|U-turn|p1a: Spiritomb\n|-damage|p1a: Spiritomb|0 fnt\n|faint|p1a: Spiritomb\n|\n|t:|1782792732\n|-end|p2a: Slither Wing|Protosynthesis|[silent]\n|switch|p2a: Metagross|Metagross, L79|256/256|[from] U-turn\n|\n|upkeep\n|-message|pokeblade\u2606101 forfeited.\n|\n|win|LizarDune\n", "inputlog": ">version f8ac14003a5f27e1bdc8d8c59608a773c1cb96e5\n>start {\"formatid\":\"gen9randombattle\",\"seed\":\"sodium,bbb07faf86829246bac6afd99872b799\",\"rated\":\"Rated battle\"}\n>player p1 {\"name\":\"LizarDune\",\"avatar\":\"musician\",\"rating\":2316,\"seed\":\"sodium,94a37afbbac298953b3c297e13091d9c\"}\n>player p2 {\"name\":\"pokeblade\u2606101\",\"avatar\":\"yellow\",\"rating\":2481,\"seed\":\"sodium,cee4829a4ca574f868e0e9fe5e50923d\"}\n>p1 move poltergeist\n>p2 switch 6\n>p1 move toxic\n>p2 move toxic\n>chat \u2606LizarDune|I'm trying to think of a quip but everything I'm coming up with sucks ass\n>p1 move foulplay\n>p2 switch 5\n>chat \u2606pokeblade\u2606101|toxic relationship\n>chat \u2606LizarDune|That works\n>chat \u2606LizarDune|Thank you\n>p1 move toxic\n>p2 move uturn\n>p2 switch 5\n>p1 move painsplit\n>p2 move boomburst\n>p1 switch 5\n>p2 move earthquake\n>p1 move uturn\n>p2 move toxic\n>p1 switch 5\n>p1 move foulplay\n>p2 switch 5\n>p1 move toxic\n>p2 move morningsun\n>p1 move foulplay\n>p2 move uturn\n>p2 switch 5\n>p2 switch 5\n>p1 switch 4\n>p2 move uturn\n>p2 switch 3\n>p1 move terablast terastallize\n>p2 move voltswitch\n>p1 move terablast\n>p2 move voltswitch\n>p2 switch 6\n>p1 move airslash\n>p2 move liquidation\n>p1 move airslash\n>p2 move liquidation\n>p2 switch 4\n>chat \u2606LizarDune|Rare footage of tera blast yanmega actually achieving something and not just being cm fodder\n>p1 move airslash\n>p2 move shellsmash\n>chat \u2606LizarDune|Uh oh\n>p1 move airslash\n>p2 move icebeam\n>p1 switch 3\n>p1 move psychocut\n>p2 move earthquake\n>chat \u2606pokeblade\u2606101|what the\n>p1 move psychocut\n>p2 move hydropump terastallize\n>p1 switch 2\n>chat \u2606pokeblade\u2606101|no priority\n>chat \u2606pokeblade\u2606101|wtf\n>chat \u2606LizarDune|I do not have priority\n>chat \u2606LizarDune|I will provide this information freely\n>p1 move earthquake\n>p2 move earthquake\n>chat \u2606pokeblade\u2606101|and to think i needed tera grass and not tera water\n>p2 switch 3\n>p1 move recover\n>p2 move closecombat\n>p1 switch 4\n>p2 move closecombat\n>p1 move poltergeist\n>p2 move uturn\n>p2 switch 2\n>forcelose p2", "uploadtime": 1782792330, "views": 3, "formatid": "gen9randombattle", "rating": null, "private": 0, "password": null, "player_dets": [{"name": "LizarDune", "avatar": "musician", "rating": 2316, "seed": "sodium,94a37afbbac298953b3c297e13091d9c"}, {"name": "pokeblade\u2606101", "avatar": "yellow", "rating": 2481, "seed": "sodium,cee4829a4ca574f868e0e9fe5e50923d"}], "teams_full": [{"Spiritomb": {"name": "Spiritomb", "species": "Spiritomb", "speciesId": "spiritomb", "gender": "M", "shiny": false, "level": 89, "moves": ["poltergeist", "painsplit", "toxic", "foulplay"], "ability": "Infiltrator", "evs": {"hp": 85, "atk": 85, "def": 85, "spa": 85, "spd": 85, "spe": 85}, "ivs": {"hp": 31, "atk": 31, "def": 31, "spa": 31, "spd": 31, "spe": 31}, "item": "Leftovers", "teraType": "Poison", "role": "Bulky Support", "bvs": {"hp": 50, "atk": 92, "def": 108, "spa": 92, "spd": 108, "spe": 35}, "stats": {"hp": 234, "atk": 215, "def": 243, "spa": 215, "spd": 243, "spe": 113}, "types": ["Ghost", "Dark"]}, "Gastrodon": {"name": "Gastrodon", "species": "Gastrodon-East", "speciesId": "gastrodon", "gender": "F", "shiny": false, "level": 86, "moves": ["recover", "surf", "spikes", "earthquake"], "ability": "Storm Drain", "evs": {"hp": 85, "atk": 85, "def": 85, "spa": 85, "spd": 85, "spe": 85}, "ivs": {"hp": 31, "atk": 31, "def": 31, "spa": 31, "spd": 31, "spe": 31}, "item": "Leftovers", "teraType": "Steel", "role": "Bulky Attacker", "bvs": {"hp": 111, "atk": 83, "def": 68, "spa": 92, "spd": 82, "spe": 39}, "stats": {"hp": 331, "atk": 192, "def": 166, "spa": 207, "spd": 190, "spe": 116}, "types": ["Water", "Ground"]}, "Veluza": {"name": "Veluza", "species": "Veluza", "speciesId": "veluza", "gender": "M", "shiny": false, "level": 85, "moves": ["aquacutter", "psychocut", "nightslash", "flipturn"], "ability": "Sharpness", "evs": {"hp": 85, "atk": 85, "def": 85, "spa": 85, "spd": 85, "spe": 85}, "ivs": {"hp": 31, "atk": 31, "def": 31, "spa": 31, "spd": 31, "spe": 31}, "item": "Choice Band", "teraType": "Dark", "role": "Fast Attacker", "bvs": {"hp": 90, "atk": 102, "def": 73, "spa": 78, "spd": 65, "spe": 70}, "stats": {"hp": 292, "atk": 222, "def": 173, "spa": 181, "spd": 159, "spe": 168}, "types": ["Water", "Psychic"]}, "Yanmega": {"name": "Yanmega", "species": "Yanmega", "speciesId": "yanmega", "gender": "M", "shiny": false, "level": 82, "moves": ["bugbuzz", "terablast", "protect", "airslash"], "ability": "Speed Boost", "evs": {"hp": 85, "atk": 0, "def": 85, "spa": 85, "spd": 85, "spe": 85}, "ivs": {"hp": 31, "atk": 0, "def": 31, "spa": 31, "spd": 31, "spe": 31}, "item": "Heavy-Duty Boots", "teraType": "Ground", "role": "Tera Blast user", "bvs": {"hp": 86, "atk": 76, "def": 86, "spa": 116, "spd": 56, "spe": 95}, "stats": {"hp": 275, "atk": 129, "def": 188, "spa": 237, "spd": 139, "spe": 203}, "types": ["Bug", "Flying"]}, "Mesprit": {"name": "Mesprit", "species": "Mesprit", "speciesId": "mesprit", "gender": "N", "shiny": false, "level": 85, "moves": ["psychicnoise", "knockoff", "stealthrock", "uturn"], "ability": "Levitate", "evs": {"hp": 85, "atk": 85, "def": 85, "spa": 85, "spd": 85, "spe": 85}, "ivs": {"hp": 31, "atk": 31, "def": 31, "spa": 31, "spd": 31, "spe": 31}, "item": "Leftovers", "teraType": "Dark", "role": "Bulky Attacker", "bvs": {"hp": 80, "atk": 105, "def": 105, "spa": 105, "spd": 105, "spe": 80}, "stats": {"hp": 275, "atk": 227, "def": 227, "spa": 227, "spd": 227, "spe": 185}, "types": ["Psychic"]}, "Furret": {"name": "Furret", "species": "Furret", "speciesId": "furret", "gender": "M", "shiny": false, "level": 94, "moves": ["brickbreak", "tidyup", "knockoff", "doubleedge"], "ability": "Frisk", "evs": {"hp": 85, "atk": 85, "def": 85, "spa": 85, "spd": 85, "spe": 85}, "ivs": {"hp": 31, "atk": 31, "def": 31, "spa": 31, "spd": 31, "spe": 31}, "item": "Life Orb", "teraType": "Ghost", "role": "Setup Sweeper", "bvs": {"hp": 85, "atk": 76, "def": 64, "spa": 45, "spd": 55, "spe": 90}, "stats": {"hp": 312, "atk": 196, "def": 174, "spa": 138, "spd": 157, "spe": 223}, "types": ["Normal"]}}, {"Poliwrath": {"name": "Poliwrath", "species": "Poliwrath", "speciesId": "poliwrath", "gender": "M", "shiny": false, "level": 88, "moves": ["liquidation", "closecombat", "raindance", "knockoff"], "ability": "Swift Swim", "evs": {"hp": 85, "atk": 85, "def": 85, "spa": 85, "spd": 85, "spe": 85}, "ivs": {"hp": 31, "atk": 31, "def": 31, "spa": 31, "spd": 31, "spe": 31}, "item": "Life Orb", "teraType": "Dark", "role": "Setup Sweeper", "bvs": {"hp": 90, "atk": 95, "def": 95, "spa": 70, "spd": 90, "spe": 70}, "stats": {"hp": 302, "atk": 217, "def": 217, "spa": 173, "spd": 209, "spe": 173}, "types": ["Water", "Fighting"]}, "Metagross": {"name": "Metagross", "species": "Metagross", "speciesId": "metagross", "gender": "N", "shiny": false, "level": 79, "moves": ["psychicfangs", "stealthrock", "knockoff", "heavyslam"], "ability": "Clear Body", "evs": {"hp": 85, "atk": 85, "def": 85, "spa": 85, "spd": 85, "spe": 85}, "ivs": {"hp": 31, "atk": 31, "def": 31, "spa": 31, "spd": 31, "spe": 31}, "item": "Leftovers", "teraType": "Water", "role": "Bulky Support", "bvs": {"hp": 80, "atk": 135, "def": 130, "spa": 95, "spd": 90, "spe": 70}, "stats": {"hp": 256, "atk": 259, "def": 251, "spa": 196, "spd": 188, "spe": 156}, "types": ["Steel", "Psychic"]}, "Ampharos": {"name": "Ampharos", "species": "Ampharos", "speciesId": "ampharos", "gender": "F", "shiny": false, "level": 88, "moves": ["voltswitch", "dazzlinggleam", "focusblast", "thunderbolt"], "ability": "Static", "evs": {"hp": 85, "atk": 0, "def": 85, "spa": 85, "spd": 85, "spe": 85}, "ivs": {"hp": 31, "atk": 0, "def": 31, "spa": 31, "spd": 31, "spe": 31}, "item": "Choice Specs", "teraType": "Electric", "role": "Wallbreaker", "bvs": {"hp": 90, "atk": 75, "def": 85, "spa": 115, "spd": 90, "spe": 55}, "stats": {"hp": 302, "atk": 137, "def": 200, "spa": 253, "spd": 209, "spe": 147}, "types": ["Electric"]}, "Blastoise": {"name": "Blastoise", "species": "Blastoise", "speciesId": "blastoise", "gender": "M", "shiny": false, "level": 80, "moves": ["shellsmash", "earthquake", "icebeam", "hydropump"], "ability": "Torrent", "evs": {"hp": 85, "atk": 85, "def": 85, "spa": 85, "spd": 85, "spe": 85}, "ivs": {"hp": 31, "atk": 31, "def": 31, "spa": 31, "spd": 31, "spe": 31}, "item": "White Herb", "teraType": "Water", "role": "Setup Sweeper", "bvs": {"hp": 79, "atk": 83, "def": 100, "spa": 85, "spd": 105, "spe": 78}, "stats": {"hp": 258, "atk": 179, "def": 206, "spa": 182, "spd": 214, "spe": 171}, "types": ["Water"]}, "Slither Wing": {"name": "Slither Wing", "species": "Slither Wing", "speciesId": "slitherwing", "gender": "N", "shiny": false, "level": 81, "moves": ["closecombat", "morningsun", "willowisp", "uturn"], "ability": "Protosynthesis", "evs": {"hp": 85, "atk": 85, "def": 85, "spa": 85, "spd": 85, "spe": 85}, "ivs": {"hp": 31, "atk": 31, "def": 31, "spa": 31, "spd": 31, "spe": 31}, "item": "Heavy-Duty Boots", "teraType": "Fire", "role": "Fast Support", "bvs": {"hp": 85, "atk": 135, "def": 79, "spa": 85, "spd": 105, "spe": 81}, "stats": {"hp": 270, "atk": 265, "def": 175, "spa": 184, "spd": 217, "spe": 178}, "types": ["Bug", "Fighting"]}, "Dudunsparce": {"name": "Dudunsparce", "species": "Dudunsparce", "speciesId": "dudunsparce", "gender": "F", "shiny": false, "level": 83, "moves": ["earthquake", "roost", "boomburst", "toxic"], "ability": "Rattled", "evs": {"hp": 85, "atk": 85, "def": 85, "spa": 85, "spd": 85, "spe": 85}, "ivs": {"hp": 31, "atk": 31, "def": 31, "spa": 31, "spd": 31, "spe": 31}, "item": "Leftovers", "teraType": "Ground", "role": "Bulky Attacker", "bvs": {"hp": 125, "atk": 100, "def": 80, "spa": 85, "spd": 75, "spe": 55}, "stats": {"hp": 343, "atk": 214, "def": 180, "spa": 189, "spd": 172, "spe": 139}, "types": ["Normal"]}}]}