{"id": "gen9randombattle-2641676722", "format": "[Gen 9] Random Battle", "players": ["SigurdZZ", "Bronzel Main"], "log": "|badge|p1|bronze|gen9randombattle|100-9\n|html|<div class=\"broadcast-red\"><strong>This battle is required to be public due to one or more player having a season medal.</strong><br />During the public phase, you can discuss the state of the ladder <a href=\"/seasondiscussion\">in a special chatroom.</a></div>\n|uhtml|medal-msg|<div class=\"broadcast-blue\">Curious what those medals under the avatar are? PS now has Ladder Seasons! For more information, check out the <a href=\"https://www.smogon.com/forums/threads/3740067/\">thread on Smogon.</a></div>\n|badge|p2|silver|gen9randombattle|30-9\n|uhtml|medal-msg|<div class=\"broadcast-blue\">Curious what those medals under the avatar are? PS now has Ladder Seasons! For more information, check out the <a href=\"https://www.smogon.com/forums/threads/3740067/\">thread on Smogon.</a></div>\n|raw|<div class=\"broadcast-blue\"><strong>This battle is required to be public due to a player having a name starting with 'medal'.</div>\n|j|\u2606SigurdZZ\n|j|\u2606Bronzel Main\n|t:|1782828526\n|gametype|singles\n|player|p1|SigurdZZ|misty|2309\n|player|p2|Bronzel Main|veteran|2422\n|gen|9\n|tier|[Gen 9] Random Battle\n|rated|\n|rule|Species Clause: Limit one of each Pok\u00e9mon\n|rule|HP Percentage Mod: HP is shown in percentages\n|rule|Sleep Clause Mod: Limit one foe put to sleep\n|rule|Illusion Level Mod: Illusion disguises the Pok\u00e9mon's true level\n|\n|t:|1782828526\n|teamsize|p1|6\n|teamsize|p2|6\n|start\n|switch|p1a: Sinistcha|Sinistcha-Masterpiece, L83|254/254\n|switch|p2a: Hippowdon|Hippowdon, L82, M|311/311\n|-weather|Sandstorm|[from] ability: Sand Stream|[of] p2a: Hippowdon\n|turn|1\n|inactive|Battle timer is ON: inactive players will automatically lose when time's up. (requested by SigurdZZ)\n|j| Dracotorus\n|\n|t:|1782828543\n|switch|p2a: Eelektross|Eelektross, L87, M|290/290\n|move|p1a: Sinistcha|Matcha Gotcha|p2a: Eelektross\n|-damage|p2a: Eelektross|224/290\n|\n|-weather|Sandstorm|[upkeep]\n|-damage|p1a: Sinistcha|239/254|[from] Sandstorm\n|-damage|p2a: Eelektross|206/290|[from] Sandstorm\n|-heal|p1a: Sinistcha|254/254|[from] item: Leftovers\n|upkeep\n|turn|2\n|\n|t:|1782828563\n|switch|p1a: Chandelure|Chandelure, L83, F|235/235\n|move|p2a: Eelektross|Flamethrower|p1a: Chandelure\n|-start|p1a: Chandelure|ability: Flash Fire\n|\n|-weather|Sandstorm|[upkeep]\n|-damage|p1a: Chandelure|221/235|[from] Sandstorm\n|-damage|p2a: Eelektross|188/290|[from] Sandstorm\n|upkeep\n|turn|3\n|j| xmagic_7\n|\n|t:|1782828571\n|move|p1a: Chandelure|Fire Blast|p2a: Eelektross\n|-damage|p2a: Eelektross|13/290\n|move|p2a: Eelektross|U-turn|p1a: Chandelure\n|-resisted|p1a: Chandelure\n|-damage|p1a: Chandelure|207/235\n|\n|t:|1782828593\n|switch|p2a: Regidrago|Regidrago, L77|435/435|[from] U-turn\n|\n|-weather|Sandstorm|[upkeep]\n|-damage|p1a: Chandelure|193/235|[from] Sandstorm\n|-damage|p2a: Regidrago|408/435|[from] Sandstorm\n|upkeep\n|turn|4\n|\n|t:|1782828600\n|move|p1a: Chandelure|Fire Blast|p2a: Regidrago\n|-resisted|p2a: Regidrago\n|-damage|p2a: Regidrago|203/435\n|move|p2a: Regidrago|Draco Meteor|p1a: Chandelure\n|-damage|p1a: Chandelure|30/235\n|-unboost|p2a: Regidrago|spa|2\n|\n|-weather|Sandstorm|[upkeep]\n|-damage|p1a: Chandelure|16/235|[from] Sandstorm\n|-damage|p2a: Regidrago|176/435|[from] Sandstorm\n|upkeep\n|turn|5\n|\n|t:|1782828608\n|move|p1a: Chandelure|Fire Blast|p2a: Regidrago\n|-resisted|p2a: Regidrago\n|-damage|p2a: Regidrago|0 fnt\n|faint|p2a: Regidrago\n|\n|-weather|none\n|upkeep\n|\n|t:|1782828619\n|switch|p2a: Piloswine|Piloswine, L85, M|309/309\n|turn|6\n|\n|t:|1782828624\n|-end|p1a: Chandelure|ability: Flash Fire|[silent]\n|switch|p1a: Stonjourner|Stonjourner, L91, F|330/330\n|move|p2a: Piloswine|Ice Shard|p1a: Stonjourner\n|-damage|p1a: Stonjourner|302/330\n|\n|upkeep\n|turn|7\n|\n|t:|1782828629\n|move|p1a: Stonjourner|Stealth Rock|p2a: Piloswine\n|-sidestart|p2: Bronzel Main|move: Stealth Rock\n|move|p2a: Piloswine|Earthquake|p1a: Stonjourner\n|-supereffective|p1a: Stonjourner\n|-damage|p1a: Stonjourner|150/330\n|\n|upkeep\n|turn|8\n|\n|t:|1782828633\n|move|p1a: Stonjourner|Heat Crash|p2a: Piloswine\n|-supereffective|p2a: Piloswine\n|-crit|p2a: Piloswine\n|-damage|p2a: Piloswine|140/309\n|-damage|p1a: Stonjourner|117/330|[from] item: Life Orb\n|move|p2a: Piloswine|Earthquake|p1a: Stonjourner\n|-supereffective|p1a: Stonjourner\n|-damage|p1a: Stonjourner|0 fnt\n|faint|p1a: Stonjourner\n|\n|upkeep\n|\n|t:|1782828643\n|switch|p1a: Sinistcha|Sinistcha-Masterpiece, L83|254/254\n|turn|9\n|\n|t:|1782828651\n|switch|p2a: Eelektross|Eelektross, L87, M|13/290\n|-damage|p2a: Eelektross|0 fnt|[from] Stealth Rock\n|faint|p2a: Eelektross\n|move|p1a: Sinistcha|Matcha Gotcha|p2: Eelektross|[notarget]\n|-fail|p1a: Sinistcha\n|\n|upkeep\n|\n|t:|1782828653\n|switch|p2a: Scizor|Scizor, L79, F|240/240\n|-damage|p2a: Scizor|210/240|[from] Stealth Rock\n|turn|10\n|\n|t:|1782828663\n|move|p1a: Sinistcha|Shadow Ball|p2a: Scizor\n|-damage|p2a: Scizor|102/240\n|move|p2a: Scizor|Knock Off|p1a: Sinistcha\n|-supereffective|p1a: Sinistcha\n|-damage|p1a: Sinistcha|68/254\n|-enditem|p1a: Sinistcha|Leftovers|[from] move: Knock Off|[of] p2a: Scizor\n|\n|upkeep\n|turn|11\n|\n|t:|1782828681\n|switch|p2a: Drifblim|Drifblim, L86, M|398/398\n|move|p1a: Sinistcha|Strength Sap|p2a: Drifblim\n|-unboost|p2a: Drifblim|atk|1\n|-heal|p1a: Sinistcha|210/254\n|\n|upkeep\n|turn|12\n|\n|t:|1782828694\n|switch|p1a: Lokix|Lokix, L82, M|251/251\n|move|p2a: Drifblim|Shadow Ball|p1a: Lokix\n|-resisted|p1a: Lokix\n|-damage|p1a: Lokix|189/251\n|\n|upkeep\n|turn|13\n|\n|t:|1782828699\n|move|p1a: Lokix|U-turn|p2a: Drifblim\n|-resisted|p2a: Drifblim\n|-damage|p2a: Drifblim|328/398\n|\n|t:|1782828703\n|switch|p1a: Iron Treads|Iron Treads, L77|265/265|[from] U-turn\n|move|p2a: Drifblim|Air Slash|p1a: Iron Treads\n|-resisted|p1a: Iron Treads\n|-damage|p1a: Iron Treads|229/265\n|\n|upkeep\n|turn|14\n|\n|t:|1782828708\n|move|p1a: Iron Treads|Volt Switch|p2a: Drifblim\n|-supereffective|p2a: Drifblim\n|-damage|p2a: Drifblim|230/398\n|\n|t:|1782828712\n|-end|p1a: Iron Treads|Quark Drive|[silent]\n|switch|p1a: Chandelure|Chandelure, L83, F|16/235|[from] Volt Switch\n|move|p2a: Drifblim|Defog|p1a: Chandelure\n|-unboost|p1a: Chandelure|evasion|1\n|-sideend|p2: Bronzel Main|Stealth Rock|[from] move: Defog|[of] p2a: Drifblim\n|\n|upkeep\n|turn|15\n|\n|t:|1782828721\n|switch|p2a: Hippowdon|Hippowdon, L82, M|311/311\n|-weather|Sandstorm|[from] ability: Sand Stream|[of] p2a: Hippowdon\n|move|p1a: Chandelure|Shadow Ball|p2a: Hippowdon\n|-damage|p2a: Hippowdon|169/311\n|-unboost|p2a: Hippowdon|spd|1\n|\n|-weather|Sandstorm|[upkeep]\n|-damage|p1a: Chandelure|2/235|[from] Sandstorm\n|upkeep\n|turn|16\n|inactive|Bronzel Main has 120 seconds left.\n|\n|t:|1782828754\n|switch|p2a: Scizor|Scizor, L79, F|102/240\n|move|p1a: Chandelure|Shadow Ball|p2a: Scizor\n|-damage|p2a: Scizor|0 fnt\n|faint|p2a: Scizor\n|\n|-weather|Sandstorm|[upkeep]\n|-damage|p1a: Chandelure|0 fnt|[from] Sandstorm\n|faint|p1a: Chandelure\n|upkeep\n|inactive|Bronzel Main has 120 seconds left.\n|\n|t:|1782828767\n|switch|p1a: Lokix|Lokix, L82, M|189/251\n|switch|p2a: Hippowdon|Hippowdon, L82, M|169/311\n|turn|17\n|\n|t:|1782828781\n|move|p1a: Lokix|U-turn|p2a: Hippowdon\n|-damage|p2a: Hippowdon|91/311\n|-damage|p1a: Lokix|148/251|[from] item: Rocky Helmet|[of] p2a: Hippowdon\n|\n|t:|1782828783\n|switch|p1a: Sinistcha|Sinistcha-Masterpiece, L83|210/254|[from] U-turn\n|move|p2a: Hippowdon|Slack Off|p2a: Hippowdon\n|-heal|p2a: Hippowdon|247/311\n|\n|-weather|Sandstorm|[upkeep]\n|-damage|p1a: Sinistcha|195/254|[from] Sandstorm\n|upkeep\n|turn|18\n|\n|t:|1782828787\n|switch|p2a: Drifblim|Drifblim, L86, M|230/398\n|move|p1a: Sinistcha|Shadow Ball|p2a: Drifblim\n|-supereffective|p2a: Drifblim\n|-damage|p2a: Drifblim|0 fnt\n|faint|p2a: Drifblim\n|\n|-weather|Sandstorm|[upkeep]\n|-damage|p1a: Sinistcha|180/254|[from] Sandstorm\n|upkeep\n|-message|Bronzel Main forfeited.\n|\n|win|SigurdZZ\n", "inputlog": ">version f8ac14003a5f27e1bdc8d8c59608a773c1cb96e5\n>start {\"formatid\":\"gen9randombattle\",\"seed\":\"sodium,642f003875a54bc421de04e0187a12d3\",\"rated\":\"Rated battle\"}\n>player p1 {\"name\":\"SigurdZZ\",\"avatar\":\"misty\",\"rating\":2309,\"seed\":\"sodium,add6680c463e0233d4f01eb01cf1928f\"}\n>player p2 {\"name\":\"Bronzel Main\",\"avatar\":\"veteran\",\"rating\":2422,\"seed\":\"sodium,b00fa87d19dab9189a0fa99351086dde\"}\n>p1 move matchagotcha\n>p2 switch 6\n>p1 switch 2\n>p2 move flamethrower\n>p1 move fireblast\n>p2 move uturn\n>p2 switch 3\n>p1 move fireblast\n>p2 move dracometeor\n>p1 move fireblast\n>p2 move dracometeor\n>p2 switch 2\n>p1 switch 3\n>p2 move iceshard\n>p1 move stealthrock\n>p2 move earthquake\n>p1 move heatcrash\n>p2 move earthquake\n>p1 switch 2\n>p1 move matchagotcha\n>p2 switch 3\n>p2 switch 4\n>p1 move shadowball\n>p2 move knockoff\n>p1 move strengthsap\n>p2 switch 5\n>p1 switch 4\n>p2 move shadowball\n>p1 move uturn\n>p2 move airslash\n>p1 switch 6\n>p1 move voltswitch\n>p2 move defog\n>p1 switch 3\n>p1 move shadowball\n>p2 switch 6\n>p1 move shadowball\n>p2 switch 5\n>p1 switch 6\n>p2 switch 5\n>p1 move uturn\n>p2 move slackoff\n>p1 switch 4\n>p1 move shadowball\n>p2 switch 6\n>forcelose p2", "uploadtime": 1782828529, "views": 3, "formatid": "gen9randombattle", "rating": null, "private": 0, "password": null, "player_dets": [{"name": "SigurdZZ", "avatar": "misty", "rating": 2309, "seed": "sodium,add6680c463e0233d4f01eb01cf1928f"}, {"name": "Bronzel Main", "avatar": "veteran", "rating": 2422, "seed": "sodium,b00fa87d19dab9189a0fa99351086dde"}], "teams_full": [{"Sinistcha": {"name": "Sinistcha", "species": "Sinistcha-Masterpiece", "speciesId": "sinistcha", "gender": "N", "shiny": false, "level": 83, "moves": ["matchagotcha", "shadowball", "strengthsap", "calmmind"], "ability": "Heatproof", "evs": {"hp": 85, "atk": 0, "def": 85, "spa": 85, "spd": 85, "spe": 85}, "ivs": {"hp": 31, "atk": 0, "def": 31, "spa": 31, "spd": 31, "spe": 31}, "item": "Leftovers", "teraType": "Steel", "role": "Bulky Setup", "bvs": {"hp": 71, "atk": 60, "def": 106, "spa": 121, "spd": 80, "spe": 70}, "stats": {"hp": 254, "atk": 104, "def": 224, "spa": 249, "spd": 180, "spe": 164}, "types": ["Grass", "Ghost"]}, "Chandelure": {"name": "Chandelure", "species": "Chandelure", "speciesId": "chandelure", "gender": "F", "shiny": false, "level": 83, "moves": ["fireblast", "shadowball", "energyball", "trick"], "ability": "Flash Fire", "evs": {"hp": 85, "atk": 0, "def": 85, "spa": 85, "spd": 85, "spe": 85}, "ivs": {"hp": 31, "atk": 0, "def": 31, "spa": 31, "spd": 31, "spe": 31}, "item": "Choice Scarf", "teraType": "Grass", "role": "Fast Attacker", "bvs": {"hp": 60, "atk": 55, "def": 90, "spa": 145, "spd": 90, "spe": 80}, "stats": {"hp": 235, "atk": 96, "def": 197, "spa": 288, "spd": 197, "spe": 180}, "types": ["Ghost", "Fire"]}, "Stonjourner": {"name": "Stonjourner", "species": "Stonjourner", "speciesId": "stonjourner", "gender": "F", "shiny": false, "level": 91, "moves": ["heatcrash", "stealthrock", "earthquake", "stoneedge"], "ability": "Power Spot", "evs": {"hp": 85, "atk": 85, "def": 85, "spa": 85, "spd": 85, "spe": 85}, "ivs": {"hp": 31, "atk": 31, "def": 31, "spa": 31, "spd": 31, "spe": 31}, "item": "Life Orb", "teraType": "Fire", "role": "Fast Attacker", "bvs": {"hp": 100, "atk": 125, "def": 135, "spa": 20, "spd": 20, "spe": 70}, "stats": {"hp": 330, "atk": 279, "def": 298, "spa": 88, "spd": 88, "spe": 179}, "types": ["Rock"]}, "Lokix": {"name": "Lokix", "species": "Lokix", "speciesId": "lokix", "gender": "M", "shiny": false, "level": 82, "moves": ["firstimpression", "knockoff", "uturn", "suckerpunch"], "ability": "Tinted Lens", "evs": {"hp": 85, "atk": 85, "def": 85, "spa": 85, "spd": 85, "spe": 85}, "ivs": {"hp": 31, "atk": 31, "def": 31, "spa": 31, "spd": 31, "spe": 31}, "item": "Silver Powder", "teraType": "Bug", "role": "Fast Attacker", "bvs": {"hp": 71, "atk": 102, "def": 78, "spa": 52, "spd": 55, "spe": 92}, "stats": {"hp": 251, "atk": 214, "def": 175, "spa": 132, "spd": 137, "spe": 198}, "types": ["Bug", "Dark"]}, "Flamigo": {"name": "Flamigo", "species": "Flamigo", "speciesId": "flamigo", "gender": "F", "shiny": false, "level": 82, "moves": ["swordsdance", "roost", "closecombat", "bravebird"], "ability": "Scrappy", "evs": {"hp": 85, "atk": 85, "def": 85, "spa": 85, "spd": 85, "spe": 85}, "ivs": {"hp": 31, "atk": 31, "def": 31, "spa": 31, "spd": 31, "spe": 31}, "item": "Life Orb", "teraType": "Steel", "role": "Setup Sweeper", "bvs": {"hp": 82, "atk": 115, "def": 74, "spa": 75, "spd": 64, "spe": 90}, "stats": {"hp": 269, "atk": 236, "def": 169, "spa": 170, "spd": 152, "spe": 195}, "types": ["Flying", "Fighting"]}, "Iron Treads": {"name": "Iron Treads", "species": "Iron Treads", "speciesId": "irontreads", "gender": "N", "shiny": false, "level": 77, "moves": ["rapidspin", "voltswitch", "ironhead", "earthquake"], "ability": "Quark Drive", "evs": {"hp": 85, "atk": 85, "def": 85, "spa": 85, "spd": 85, "spe": 85}, "ivs": {"hp": 31, "atk": 31, "def": 31, "spa": 31, "spd": 31, "spe": 31}, "item": "Assault Vest", "teraType": "Water", "role": "Bulky Support", "bvs": {"hp": 90, "atk": 112, "def": 120, "spa": 72, "spd": 70, "spe": 106}, "stats": {"hp": 265, "atk": 217, "def": 229, "spa": 155, "spd": 152, "spe": 208}, "types": ["Ground", "Steel"]}}, {"Hippowdon": {"name": "Hippowdon", "species": "Hippowdon", "speciesId": "hippowdon", "gender": "M", "shiny": false, "level": 82, "moves": ["whirlwind", "stoneedge", "slackoff", "earthquake"], "ability": "Sand Stream", "evs": {"hp": 85, "atk": 85, "def": 85, "spa": 85, "spd": 85, "spe": 85}, "ivs": {"hp": 31, "atk": 31, "def": 31, "spa": 31, "spd": 31, "spe": 31}, "item": "Rocky Helmet", "teraType": "Rock", "role": "Bulky Support", "bvs": {"hp": 108, "atk": 112, "def": 118, "spa": 68, "spd": 72, "spe": 47}, "stats": {"hp": 311, "atk": 231, "def": 241, "spa": 159, "spd": 165, "spe": 124}, "types": ["Ground"]}, "Piloswine": {"name": "Piloswine", "species": "Piloswine", "speciesId": "piloswine", "gender": "M", "shiny": false, "level": 85, "moves": ["iceshard", "earthquake", "iciclecrash", "roar"], "ability": "Thick Fat", "evs": {"hp": 85, "atk": 85, "def": 85, "spa": 85, "spd": 85, "spe": 85}, "ivs": {"hp": 31, "atk": 31, "def": 31, "spa": 31, "spd": 31, "spe": 31}, "item": "Eviolite", "teraType": "Poison", "role": "Bulky Support", "bvs": {"hp": 100, "atk": 100, "def": 80, "spa": 60, "spd": 60, "spe": 50}, "stats": {"hp": 309, "atk": 219, "def": 185, "spa": 151, "spd": 151, "spe": 134}, "types": ["Ice", "Ground"]}, "Regidrago": {"name": "Regidrago", "species": "Regidrago", "speciesId": "regidrago", "gender": "N", "shiny": false, "level": 77, "moves": ["outrage", "dracometeor", "earthquake", "dragonenergy"], "ability": "Dragon's Maw", "evs": {"hp": 85, "atk": 85, "def": 85, "spa": 85, "spd": 85, "spe": 85}, "ivs": {"hp": 31, "atk": 31, "def": 31, "spa": 31, "spd": 31, "spe": 31}, "item": "Choice Scarf", "teraType": "Dragon", "role": "Fast Attacker", "bvs": {"hp": 200, "atk": 100, "def": 50, "spa": 100, "spd": 50, "spe": 80}, "stats": {"hp": 435, "atk": 199, "def": 122, "spa": 199, "spd": 122, "spe": 168}, "types": ["Dragon"]}, "Scizor": {"name": "Scizor", "species": "Scizor", "speciesId": "scizor", "gender": "F", "shiny": false, "level": 79, "moves": ["closecombat", "uturn", "bulletpunch", "knockoff"], "ability": "Technician", "evs": {"hp": 85, "atk": 85, "def": 85, "spa": 85, "spd": 85, "spe": 85}, "ivs": {"hp": 31, "atk": 31, "def": 31, "spa": 31, "spd": 31, "spe": 31}, "item": "Choice Band", "teraType": "Steel", "role": "Wallbreaker", "bvs": {"hp": 70, "atk": 130, "def": 100, "spa": 55, "spd": 80, "spe": 65}, "stats": {"hp": 240, "atk": 251, "def": 204, "spa": 132, "spd": 172, "spe": 148}, "types": ["Bug", "Steel"]}, "Drifblim": {"name": "Drifblim", "species": "Drifblim", "speciesId": "drifblim", "gender": "M", "shiny": false, "level": 86, "moves": ["airslash", "strengthsap", "defog", "shadowball"], "ability": "Aftermath", "evs": {"hp": 85, "atk": 0, "def": 85, "spa": 85, "spd": 85, "spe": 85}, "ivs": {"hp": 31, "atk": 0, "def": 31, "spa": 31, "spd": 31, "spe": 31}, "item": "Heavy-Duty Boots", "teraType": "Dark", "role": "Bulky Attacker", "bvs": {"hp": 150, "atk": 80, "def": 44, "spa": 90, "spd": 54, "spe": 80}, "stats": {"hp": 398, "atk": 142, "def": 125, "spa": 204, "spd": 142, "spe": 187}, "types": ["Ghost", "Flying"]}, "Eelektross": {"name": "Eelektross", "species": "Eelektross", "speciesId": "eelektross", "gender": "M", "shiny": false, "level": 87, "moves": ["gigadrain", "flamethrower", "uturn", "discharge"], "ability": "Levitate", "evs": {"hp": 85, "atk": 85, "def": 85, "spa": 85, "spd": 85, "spe": 85}, "ivs": {"hp": 31, "atk": 31, "def": 31, "spa": 31, "spd": 31, "spe": 31}, "item": "Assault Vest", "teraType": "Poison", "role": "AV Pivot", "bvs": {"hp": 85, "atk": 115, "def": 80, "spa": 105, "spd": 80, "spe": 50}, "stats": {"hp": 290, "atk": 250, "def": 189, "spa": 232, "spd": 189, "spe": 137}, "types": ["Electric"]}}]}