{"id": "gen9randombattle-2641498597", "format": "[Gen 9] Random Battle", "players": ["desmond mile", "mahomesthegoat"], "log": "|j|\u2606desmond mile\n|j|\u2606mahomesthegoat\n|t:|1782795012\n|gametype|singles\n|player|p1|desmond mile|1|2000\n|player|p2|mahomesthegoat|102|2137\n|gen|9\n|tier|[Gen 9] Random Battle\n|rated|\n|rule|Species Clause: Limit one of each Pok\u00e9mon\n|rule|HP Percentage Mod: HP is shown in percentages\n|rule|Sleep Clause Mod: Limit one foe put to sleep\n|rule|Illusion Level Mod: Illusion disguises the Pok\u00e9mon's true level\n|\n|t:|1782795012\n|teamsize|p1|6\n|teamsize|p2|6\n|start\n|switch|p1a: Dachsbun|Dachsbun, L92, M|254/254\n|switch|p2a: Dialga|Dialga-Origin, L73|266/266\n|-ability|p2a: Dialga|Pressure\n|turn|1\n|\n|t:|1782795023\n|move|p1a: Dachsbun|Body Press|p2a: Dialga\n|-supereffective|p2a: Dialga\n|-damage|p2a: Dialga|138/266\n|move|p2a: Dialga|Stealth Rock|p1a: Dachsbun\n|-sidestart|p1: desmond mile|move: Stealth Rock\n|\n|upkeep\n|turn|2\n|\n|t:|1782795038\n|move|p1a: Dachsbun|Wish|p1a: Dachsbun\n|move|p2a: Dialga|Heavy Slam|p1a: Dachsbun\n|-supereffective|p1a: Dachsbun\n|-damage|p1a: Dachsbun|84/254\n|\n|-heal|p1a: Dachsbun|99/254|[from] item: Leftovers\n|upkeep\n|turn|3\n|\n|t:|1782795058\n|switch|p2a: Dusknoir|Dusknoir, L89, F|225/225\n|-item|p1a: Dachsbun|Leftovers|[from] ability: Frisk|[of] p2a: Dusknoir\n|move|p1a: Dachsbun|Protect||[still]\n|-fail|p1a: Dachsbun\n|\n|-heal|p1a: Dachsbun|226/254|[from] move: Wish|[wisher] Dachsbun\n|-heal|p1a: Dachsbun|241/254|[from] item: Leftovers\n|upkeep\n|turn|4\n|inactive|Battle timer is ON: inactive players will automatically lose when time's up. (requested by mahomesthegoat)\n|\n|t:|1782795096\n|move|p1a: Dachsbun|Play Rough|p2a: Dusknoir|[miss]\n|-miss|p1a: Dachsbun|p2a: Dusknoir\n|move|p2a: Dusknoir|Poltergeist|p1a: Dachsbun|[miss]\n|-miss|p2a: Dusknoir|p1a: Dachsbun\n|\n|-heal|p1a: Dachsbun|254/254|[from] item: Leftovers\n|upkeep\n|turn|5\n|\n|t:|1782795115\n|move|p1a: Dachsbun|Play Rough|p2a: Dusknoir|[miss]\n|-miss|p1a: Dachsbun|p2a: Dusknoir\n|move|p2a: Dusknoir|Poltergeist|p1a: Dachsbun\n|-activate|p1a: Dachsbun|move: Poltergeist|Leftovers\n|-damage|p1a: Dachsbun|113/254\n|\n|-heal|p1a: Dachsbun|128/254|[from] item: Leftovers\n|upkeep\n|turn|6\n|\n|t:|1782795124\n|move|p1a: Dachsbun|Protect|p1a: Dachsbun\n|-singleturn|p1a: Dachsbun|Protect\n|move|p2a: Dusknoir|Poltergeist|p1a: Dachsbun\n|-activate|p1a: Dachsbun|move: Protect\n|\n|-heal|p1a: Dachsbun|143/254|[from] item: Leftovers\n|upkeep\n|turn|7\n|\n|t:|1782795131\n|move|p1a: Dachsbun|Wish|p1a: Dachsbun\n|move|p2a: Dusknoir|Poltergeist|p1a: Dachsbun\n|-activate|p1a: Dachsbun|move: Poltergeist|Leftovers\n|-damage|p1a: Dachsbun|2/254\n|\n|-heal|p1a: Dachsbun|17/254|[from] item: Leftovers\n|upkeep\n|turn|8\n|\n|t:|1782795149\n|switch|p2a: Dialga|Dialga-Origin, L73|138/266\n|-ability|p2a: Dialga|Pressure\n|move|p1a: Dachsbun|Protect||[still]\n|-fail|p1a: Dachsbun\n|\n|-heal|p1a: Dachsbun|144/254|[from] move: Wish|[wisher] Dachsbun\n|-heal|p1a: Dachsbun|159/254|[from] item: Leftovers\n|upkeep\n|turn|9\n|\n|t:|1782795153\n|move|p1a: Dachsbun|Body Press|p2a: Dialga\n|-supereffective|p2a: Dialga\n|-damage|p2a: Dialga|4/266\n|move|p2a: Dialga|Heavy Slam|p1a: Dachsbun\n|-supereffective|p1a: Dachsbun\n|-damage|p1a: Dachsbun|0 fnt\n|faint|p1a: Dachsbun\n|\n|upkeep\n|\n|t:|1782795167\n|switch|p1a: Revavroom|Revavroom, L79, F|256/256\n|-damage|p1a: Revavroom|240/256|[from] Stealth Rock\n|turn|10\n|\n|t:|1782795179\n|move|p1a: Revavroom|Iron Head|p2a: Dialga\n|-resisted|p2a: Dialga\n|-damage|p2a: Dialga|0 fnt\n|faint|p2a: Dialga\n|-damage|p1a: Revavroom|215/256|[from] item: Life Orb\n|\n|upkeep\n|\n|t:|1782795192\n|switch|p2a: Dusknoir|Dusknoir, L89, F|225/225\n|-item|p1a: Revavroom|Life Orb|[from] ability: Frisk|[of] p2a: Dusknoir\n|turn|11\n|\n|t:|1782795200\n|switch|p1a: Azelf|Azelf, L82|257/257\n|-damage|p1a: Azelf|225/257|[from] Stealth Rock\n|move|p2a: Dusknoir|Poltergeist|p1a: Azelf\n|-activate|p1a: Azelf|move: Poltergeist|Life Orb\n|-supereffective|p1a: Azelf\n|-damage|p1a: Azelf|0 fnt\n|faint|p1a: Azelf\n|\n|upkeep\n|\n|t:|1782795214\n|switch|p1a: Crabominable|Crabominable, L90, M|321/321\n|-damage|p1a: Crabominable|281/321|[from] Stealth Rock\n|turn|12\n|inactive|mahomesthegoat has 120 seconds left.\n|\n|t:|1782795254\n|switch|p2a: Slither Wing|Slither Wing, L81|270/270\n|move|p1a: Crabominable|Ice Hammer|p2a: Slither Wing\n|-damage|p2a: Slither Wing|0 fnt\n|-unboost|p1a: Crabominable|spe|1\n|faint|p2a: Slither Wing\n|-end|p2a: Slither Wing|Protosynthesis|[silent]\n|\n|upkeep\n|\n|t:|1782795266\n|switch|p2a: Staraptor|Staraptor, L79, M|263/263\n|turn|13\n|\n|t:|1782795293\n|move|p2a: Staraptor|U-turn|p1a: Crabominable\n|-resisted|p1a: Crabominable\n|-damage|p1a: Crabominable|242/321\n|\n|t:|1782795296\n|switch|p2a: Dondozo|Dondozo, L78, M|362/362|[from] U-turn\n|move|p1a: Crabominable|Ice Hammer|p2a: Dondozo\n|-resisted|p2a: Dondozo\n|-damage|p2a: Dondozo|240/362\n|-unboost|p1a: Crabominable|spe|1\n|\n|-heal|p2a: Dondozo|262/362|[from] item: Leftovers\n|upkeep\n|turn|14\n|\n|t:|1782795307\n|switch|p1a: Grimmsnarl|Grimmsnarl, L83, M|293/293\n|-damage|p1a: Grimmsnarl|257/293|[from] Stealth Rock\n|move|p2a: Dondozo|Wave Crash|p1a: Grimmsnarl\n|-damage|p1a: Grimmsnarl|122/293\n|-damage|p2a: Dondozo|217/362|[from] Recoil\n|\n|-heal|p1a: Grimmsnarl|140/293|[from] item: Leftovers\n|-heal|p2a: Dondozo|239/362|[from] item: Leftovers\n|upkeep\n|turn|15\n|\n|t:|1782795320\n|move|p1a: Grimmsnarl|Parting Shot|p2a: Dondozo\n|-unboost|p2a: Dondozo|atk|1\n|-unboost|p2a: Dondozo|spa|1\n|\n|t:|1782795326\n|switch|p1a: Crabominable|Crabominable, L90, M|242/321|[from] Parting Shot\n|-damage|p1a: Crabominable|202/321|[from] Stealth Rock\n|move|p2a: Dondozo|Wave Crash|p1a: Crabominable\n|-damage|p1a: Crabominable|124/321\n|-damage|p2a: Dondozo|213/362|[from] Recoil\n|\n|-heal|p2a: Dondozo|235/362|[from] item: Leftovers\n|upkeep\n|turn|16\n|inactive|mahomesthegoat has 120 seconds left.\n|\n|t:|1782795350\n|move|p1a: Crabominable|Drain Punch|p2a: Dondozo\n|-damage|p2a: Dondozo|54/362\n|-heal|p1a: Crabominable|215/321|[from] drain|[of] p2a: Dondozo\n|move|p2a: Dondozo|Rest|p2a: Dondozo\n|-status|p2a: Dondozo|slp|[from] move: Rest\n|-heal|p2a: Dondozo|362/362 slp|[silent]\n|\n|upkeep\n|turn|17\n|\n|t:|1782795368\n|switch|p1a: Blaziken|Blaziken, L76, F|247/247\n|-damage|p1a: Blaziken|217/247|[from] Stealth Rock\n|switch|p2a: Dusknoir|Dusknoir, L89, F|225/225\n|-item|p1a: Blaziken|Life Orb|[from] ability: Frisk|[of] p2a: Dusknoir\n|\n|upkeep\n|turn|18\n|inactive|mahomesthegoat has 120 seconds left.\n|\n|t:|1782795395\n|-terastallize|p1a: Blaziken|Dark\n|move|p1a: Blaziken|Swords Dance|p1a: Blaziken\n|-boost|p1a: Blaziken|atk|2\n|move|p2a: Dusknoir|Poltergeist|p1a: Blaziken\n|-activate|p1a: Blaziken|move: Poltergeist|Life Orb\n|-resisted|p1a: Blaziken\n|-damage|p1a: Blaziken|97/247\n|\n|-ability|p1a: Blaziken|Speed Boost|boost\n|-boost|p1a: Blaziken|spe|1\n|upkeep\n|turn|19\n|inactive|mahomesthegoat has 120 seconds left.\n|inactive|mahomesthegoat has 90 seconds left.\n|\n|t:|1782795447\n|move|p1a: Blaziken|Knock Off|p2a: Dusknoir\n|-supereffective|p2a: Dusknoir\n|-damage|p2a: Dusknoir|0 fnt\n|-enditem|p2a: Dusknoir|Choice Band|[from] move: Knock Off|[of] p1a: Blaziken\n|faint|p2a: Dusknoir\n|-damage|p1a: Blaziken|73/247|[from] item: Life Orb\n|\n|-ability|p1a: Blaziken|Speed Boost|boost\n|-boost|p1a: Blaziken|spe|1\n|upkeep\n|\n|t:|1782795452\n|switch|p2a: Dondozo|Dondozo, L78, M|362/362 slp\n|turn|20\n|inactive|mahomesthegoat has 90 seconds left.\n|\n|t:|1782795460\n|move|p1a: Blaziken|Knock Off|p2a: Dondozo\n|-damage|p2a: Dondozo|255/362 slp\n|-enditem|p2a: Dondozo|Leftovers|[from] move: Knock Off|[of] p1a: Blaziken\n|-damage|p1a: Blaziken|49/247|[from] item: Life Orb\n|cant|p2a: Dondozo|slp\n|move|p2a: Dondozo|Sleep Talk|p2a: Dondozo\n|move|p2a: Dondozo|Wave Crash|p1a: Blaziken|[from] move: Sleep Talk\n|-damage|p1a: Blaziken|0 fnt\n|faint|p1a: Blaziken\n|-damage|p2a: Dondozo|239/362 slp|[from] Recoil\n|\n|upkeep\n|inactive|desmond mile has 120 seconds left.\n|\n|t:|1782795493\n|switch|p1a: Revavroom|Revavroom, L79, F|215/256\n|-damage|p1a: Revavroom|199/256|[from] Stealth Rock\n|turn|21\n|\n|t:|1782795508\n|move|p1a: Revavroom|Gunk Shot|p2a: Dondozo\n|-damage|p2a: Dondozo|79/362 slp\n|-damage|p1a: Revavroom|174/256|[from] item: Life Orb\n|cant|p2a: Dondozo|slp\n|move|p2a: Dondozo|Sleep Talk|p2a: Dondozo\n|move|p2a: Dondozo|Wave Crash|p1a: Revavroom|[from] move: Sleep Talk\n|-damage|p1a: Revavroom|54/256\n|-damage|p2a: Dondozo|39/362 slp|[from] Recoil\n|\n|upkeep\n|turn|22\n|inactive|mahomesthegoat has 90 seconds left.\n|\n|t:|1782795524\n|move|p1a: Revavroom|Shift Gear|p1a: Revavroom\n|-boost|p1a: Revavroom|spe|2\n|-boost|p1a: Revavroom|atk|1\n|-curestatus|p2a: Dondozo|slp|[msg]\n|move|p2a: Dondozo|Sleep Talk||[still]\n|-fail|p2a: Dondozo\n|\n|upkeep\n|turn|23\n|\n|t:|1782795533\n|move|p1a: Revavroom|Iron Head|p2a: Dondozo\n|-resisted|p2a: Dondozo\n|-damage|p2a: Dondozo|0 fnt\n|faint|p2a: Dondozo\n|-damage|p1a: Revavroom|29/256|[from] item: Life Orb\n|\n|upkeep\n|inactive|mahomesthegoat has 90 seconds left.\n|\n|t:|1782795562\n|switch|p2a: Cresselia|Cresselia, L80, F|323/323\n|turn|24\n|inactive|mahomesthegoat has 60 seconds left.\n|\n|t:|1782795590\n|move|p1a: Revavroom|Gunk Shot|p2a: Cresselia\n|-damage|p2a: Cresselia|107/323\n|-status|p2a: Cresselia|psn\n|-damage|p1a: Revavroom|4/256|[from] item: Life Orb\n|move|p2a: Cresselia|Moonlight|p2a: Cresselia\n|-heal|p2a: Cresselia|268/323 psn\n|\n|-heal|p2a: Cresselia|288/323 psn|[from] item: Leftovers\n|-damage|p2a: Cresselia|248/323 psn|[from] psn\n|upkeep\n|turn|25\n|inactive|mahomesthegoat has 60 seconds left.\n|\n|t:|1782795608\n|-terastallize|p2a: Cresselia|Poison\n|move|p1a: Revavroom|Gunk Shot|p2a: Cresselia\n|-resisted|p2a: Cresselia\n|-damage|p2a: Cresselia|144/323 psn\n|-damage|p1a: Revavroom|0 fnt|[from] item: Life Orb\n|faint|p1a: Revavroom\n|move|p2a: Cresselia|Moonlight|p2a: Cresselia\n|-heal|p2a: Cresselia|305/323 psn\n|\n|-heal|p2a: Cresselia|323/323 psn|[from] item: Leftovers\n|-damage|p2a: Cresselia|283/323 psn|[from] psn\n|upkeep\n|\n|t:|1782795616\n|switch|p1a: Crabominable|Crabominable, L90, M|215/321\n|-damage|p1a: Crabominable|175/321|[from] Stealth Rock\n|turn|26\n|inactive|mahomesthegoat has 60 seconds left.\n|\n|t:|1782795627\n|move|p2a: Cresselia|Psyshock|p1a: Crabominable\n|-supereffective|p1a: Crabominable\n|-damage|p1a: Crabominable|53/321\n|move|p1a: Crabominable|Ice Hammer|p2a: Cresselia\n|-damage|p2a: Cresselia|45/323 psn\n|-unboost|p1a: Crabominable|spe|1\n|\n|-heal|p2a: Cresselia|65/323 psn|[from] item: Leftovers\n|-damage|p2a: Cresselia|25/323 psn|[from] psn\n|upkeep\n|turn|27\n|c|\u2606desmond mile|ggs wp\n|inactive|mahomesthegoat has 60 seconds left.\n|\n|t:|1782795638\n|move|p2a: Cresselia|Psyshock|p1a: Crabominable\n|-supereffective|p1a: Crabominable\n|-damage|p1a: Crabominable|0 fnt\n|faint|p1a: Crabominable\n|\n|-heal|p2a: Cresselia|45/323 psn|[from] item: Leftovers\n|-damage|p2a: Cresselia|5/323 psn|[from] psn\n|upkeep\n|\n|t:|1782795642\n|switch|p1a: Grimmsnarl|Grimmsnarl, L83, M|140/293\n|-damage|p1a: Grimmsnarl|104/293|[from] Stealth Rock\n|turn|28\n|\n|t:|1782795646\n|move|p2a: Cresselia|Thunderbolt|p1a: Grimmsnarl\n|-damage|p1a: Grimmsnarl|44/293\n|move|p1a: Grimmsnarl|Spirit Break|p2a: Cresselia\n|-resisted|p2a: Cresselia\n|-damage|p2a: Cresselia|0 fnt\n|faint|p2a: Cresselia\n|\n|-heal|p1a: Grimmsnarl|62/293|[from] item: Leftovers\n|upkeep\n|\n|t:|1782795649\n|switch|p2a: Staraptor|Staraptor, L79, M|263/263\n|turn|29\n|c|\u2606desmond mile|Unless i get insane para clutch\n|\n|t:|1782795659\n|move|p1a: Grimmsnarl|Thunder Wave|p2a: Staraptor\n|-status|p2a: Staraptor|par\n|move|p2a: Staraptor|Brave Bird|p1a: Grimmsnarl\n|-damage|p1a: Grimmsnarl|0 fnt\n|faint|p1a: Grimmsnarl\n|-damage|p2a: Staraptor|243/263 par|[from] Recoil\n|\n|win|mahomesthegoat\n", "inputlog": ">version f8ac14003a5f27e1bdc8d8c59608a773c1cb96e5\n>start {\"formatid\":\"gen9randombattle\",\"seed\":\"sodium,01586ff720f907da8d938d00dd571cd6\",\"rated\":\"Rated battle\"}\n>player p1 {\"name\":\"desmond mile\",\"avatar\":\"1\",\"rating\":2000,\"seed\":\"sodium,9902e969d0150ab65789599e91f51fb8\"}\n>player p2 {\"name\":\"mahomesthegoat\",\"avatar\":\"102\",\"rating\":2137,\"seed\":\"sodium,f1a2596f575257f31d75e89aa9a7d454\"}\n>p1 move bodypress\n>p2 move stealthrock\n>p1 move wish\n>p2 move heavyslam\n>p1 move protect\n>p2 switch 3\n>p1 move playrough\n>p2 move poltergeist\n>p1 move playrough\n>p2 move poltergeist\n>p1 move protect\n>p2 move poltergeist\n>p1 move wish\n>p2 move poltergeist\n>p1 move protect\n>p2 switch 3\n>p1 move bodypress\n>p2 move heavyslam\n>p1 switch 4\n>p1 move ironhead\n>p2 move dragontail\n>p2 switch 3\n>p1 switch 6\n>p2 move poltergeist\n>p1 switch 3\n>p1 move icehammer\n>p2 switch 2\n>p2 switch 4\n>p1 move icehammer\n>p2 move uturn\n>p2 switch 5\n>p1 switch 2\n>p2 move wavecrash\n>p1 move partingshot\n>p2 move wavecrash\n>p1 switch 2\n>p1 move drainpunch\n>p2 move rest\n>p1 switch 5\n>p2 switch 2\n>p1 move swordsdance terastallize\n>p2 move poltergeist\n>p1 move knockoff\n>p2 move poltergeist\n>p2 switch 2\n>p1 move knockoff\n>p2 move sleeptalk\n>p1 switch 6\n>p1 move gunkshot\n>p2 move sleeptalk\n>p1 move shiftgear\n>p2 move sleeptalk\n>p1 move ironhead\n>p2 move wavecrash\n>p2 switch 6\n>p1 move gunkshot\n>p2 move moonlight\n>p1 move gunkshot\n>p2 move moonlight terastallize\n>p1 switch 5\n>p1 move icehammer\n>p2 move psyshock\n>chat \u2606desmond mile|ggs wp\n>p1 move icehammer\n>p2 move psyshock\n>p1 switch 2\n>p1 move spiritbreak\n>p2 move thunderbolt\n>p2 switch 5\n>chat \u2606desmond mile|Unless i get insane para clutch\n>p1 move thunderwave\n>p2 move bravebird", "uploadtime": 1782795014, "views": 3, "formatid": "gen9randombattle", "rating": null, "private": 0, "password": null, "player_dets": [{"name": "desmond mile", "avatar": "1", "rating": 2000, "seed": "sodium,9902e969d0150ab65789599e91f51fb8"}, {"name": "mahomesthegoat", "avatar": "102", "rating": 2137, "seed": "sodium,f1a2596f575257f31d75e89aa9a7d454"}], "teams_full": [{"Dachsbun": {"name": "Dachsbun", "species": "Dachsbun", "speciesId": "dachsbun", "gender": "M", "shiny": false, "level": 92, "moves": ["wish", "playrough", "bodypress", "protect"], "ability": "Well-Baked Body", "evs": {"hp": 85, "atk": 85, "def": 85, "spa": 85, "spd": 85, "spe": 85}, "ivs": {"hp": 31, "atk": 31, "def": 31, "spa": 31, "spd": 31, "spe": 31}, "item": "Leftovers", "teraType": "Steel", "role": "Bulky Support", "bvs": {"hp": 57, "atk": 80, "def": 115, "spa": 50, "spd": 80, "spe": 95}, "stats": {"hp": 254, "atk": 200, "def": 264, "spa": 144, "spd": 200, "spe": 227}, "types": ["Fairy"]}, "Grimmsnarl": {"name": "Grimmsnarl", "species": "Grimmsnarl", "speciesId": "grimmsnarl", "gender": "M", "shiny": false, "level": 83, "moves": ["thunderwave", "spiritbreak", "partingshot", "suckerpunch"], "ability": "Prankster", "evs": {"hp": 85, "atk": 85, "def": 85, "spa": 85, "spd": 85, "spe": 85}, "ivs": {"hp": 31, "atk": 31, "def": 31, "spa": 31, "spd": 31, "spe": 31}, "item": "Leftovers", "teraType": "Steel", "role": "Bulky Attacker", "bvs": {"hp": 95, "atk": 120, "def": 65, "spa": 95, "spd": 75, "spe": 60}, "stats": {"hp": 293, "atk": 247, "def": 156, "spa": 205, "spd": 172, "spe": 147}, "types": ["Dark", "Fairy"]}, "Crabominable": {"name": "Crabominable", "species": "Crabominable", "speciesId": "crabominable", "gender": "M", "shiny": false, "level": 90, "moves": ["drainpunch", "gunkshot", "icehammer", "earthquake"], "ability": "Iron Fist", "evs": {"hp": 85, "atk": 85, "def": 85, "spa": 85, "spd": 85, "spe": 85}, "ivs": {"hp": 31, "atk": 31, "def": 31, "spa": 31, "spd": 31, "spe": 31}, "item": "Choice Band", "teraType": "Ground", "role": "Wallbreaker", "bvs": {"hp": 97, "atk": 132, "def": 77, "spa": 62, "spd": 67, "spe": 43}, "stats": {"hp": 321, "atk": 289, "def": 190, "spa": 163, "spd": 172, "spe": 129}, "types": ["Fighting", "Ice"]}, "Revavroom": {"name": "Revavroom", "species": "Revavroom", "speciesId": "revavroom", "gender": "F", "shiny": false, "level": 79, "moves": ["highhorsepower", "shiftgear", "gunkshot", "ironhead"], "ability": "Filter", "evs": {"hp": 85, "atk": 85, "def": 85, "spa": 85, "spd": 85, "spe": 85}, "ivs": {"hp": 31, "atk": 31, "def": 31, "spa": 31, "spd": 31, "spe": 31}, "item": "Life Orb", "teraType": "Ground", "role": "Fast Attacker", "bvs": {"hp": 80, "atk": 119, "def": 90, "spa": 54, "spd": 67, "spe": 90}, "stats": {"hp": 256, "atk": 234, "def": 188, "spa": 131, "spd": 151, "spe": 188}, "types": ["Steel", "Poison"]}, "Blaziken": {"name": "Blaziken", "species": "Blaziken", "speciesId": "blaziken", "gender": "F", "shiny": false, "level": 76, "moves": ["closecombat", "knockoff", "swordsdance", "flareblitz"], "ability": "Speed Boost", "evs": {"hp": 85, "atk": 85, "def": 85, "spa": 85, "spd": 85, "spe": 85}, "ivs": {"hp": 31, "atk": 31, "def": 31, "spa": 31, "spd": 31, "spe": 31}, "item": "Life Orb", "teraType": "Dark", "role": "Setup Sweeper", "bvs": {"hp": 80, "atk": 120, "def": 70, "spa": 110, "spd": 70, "spe": 80}, "stats": {"hp": 247, "atk": 226, "def": 150, "spa": 211, "spd": 150, "spe": 166}, "types": ["Fire", "Fighting"]}, "Azelf": {"name": "Azelf", "species": "Azelf", "speciesId": "azelf", "gender": "N", "shiny": false, "level": 82, "moves": ["fireblast", "dazzlinggleam", "psychic", "nastyplot"], "ability": "Levitate", "evs": {"hp": 85, "atk": 0, "def": 85, "spa": 85, "spd": 85, "spe": 85}, "ivs": {"hp": 31, "atk": 0, "def": 31, "spa": 31, "spd": 31, "spe": 31}, "item": "Life Orb", "teraType": "Fire", "role": "Fast Attacker", "bvs": {"hp": 75, "atk": 125, "def": 70, "spa": 125, "spd": 70, "spe": 115}, "stats": {"hp": 257, "atk": 210, "def": 162, "spa": 252, "spd": 162, "spe": 236}, "types": ["Psychic"]}}, {"Dialga": {"name": "Dialga", "species": "Dialga-Origin", "speciesId": "dialgaorigin", "gender": "N", "shiny": false, "level": 73, "moves": ["dracometeor", "dragontail", "stealthrock", "heavyslam"], "ability": "Pressure", "evs": {"hp": 85, "atk": 85, "def": 85, "spa": 85, "spd": 85, "spe": 85}, "ivs": {"hp": 31, "atk": 31, "def": 31, "spa": 31, "spd": 31, "spe": 31}, "item": "Adamant Crystal", "teraType": "Dragon", "role": "Bulky Attacker", "bvs": {"hp": 100, "atk": 100, "def": 120, "spa": 150, "spd": 120, "spe": 90}, "stats": {"hp": 266, "atk": 188, "def": 218, "spa": 261, "spd": 218, "spe": 174}, "types": ["Steel", "Dragon"]}, "Slither Wing": {"name": "Slither Wing", "species": "Slither Wing", "speciesId": "slitherwing", "gender": "N", "shiny": false, "level": 81, "moves": ["morningsun", "closecombat", "uturn", "willowisp"], "ability": "Protosynthesis", "evs": {"hp": 85, "atk": 85, "def": 85, "spa": 85, "spd": 85, "spe": 85}, "ivs": {"hp": 31, "atk": 31, "def": 31, "spa": 31, "spd": 31, "spe": 31}, "item": "Heavy-Duty Boots", "teraType": "Fire", "role": "Fast Support", "bvs": {"hp": 85, "atk": 135, "def": 79, "spa": 85, "spd": 105, "spe": 81}, "stats": {"hp": 270, "atk": 265, "def": 175, "spa": 184, "spd": 217, "spe": 178}, "types": ["Bug", "Fighting"]}, "Dusknoir": {"name": "Dusknoir", "species": "Dusknoir", "speciesId": "dusknoir", "gender": "F", "shiny": false, "level": 89, "moves": ["shadowsneak", "leechlife", "poltergeist", "earthquake"], "ability": "Frisk", "evs": {"hp": 85, "atk": 85, "def": 85, "spa": 85, "spd": 85, "spe": 85}, "ivs": {"hp": 31, "atk": 31, "def": 31, "spa": 31, "spd": 31, "spe": 31}, "item": "Choice Band", "teraType": "Ghost", "role": "Wallbreaker", "bvs": {"hp": 45, "atk": 100, "def": 135, "spa": 65, "spd": 135, "spe": 45}, "stats": {"hp": 225, "atk": 229, "def": 291, "spa": 166, "spd": 291, "spe": 131}, "types": ["Ghost"]}, "Staraptor": {"name": "Staraptor", "species": "Staraptor", "speciesId": "staraptor", "gender": "M", "shiny": false, "level": 79, "moves": ["doubleedge", "uturn", "closecombat", "bravebird"], "ability": "Reckless", "evs": {"hp": 81, "atk": 85, "def": 85, "spa": 85, "spd": 85, "spe": 85}, "ivs": {"hp": 31, "atk": 31, "def": 31, "spa": 31, "spd": 31, "spe": 31}, "item": "Choice Band", "teraType": "Flying", "role": "Fast Attacker", "bvs": {"hp": 85, "atk": 120, "def": 70, "spa": 50, "spd": 60, "spe": 100}, "stats": {"hp": 263, "atk": 235, "def": 156, "spa": 125, "spd": 140, "spe": 204}, "types": ["Normal", "Flying"]}, "Dondozo": {"name": "Dondozo", "species": "Dondozo", "speciesId": "dondozo", "gender": "M", "shiny": false, "level": 78, "moves": ["rest", "curse", "sleeptalk", "wavecrash"], "ability": "Unaware", "evs": {"hp": 85, "atk": 85, "def": 85, "spa": 85, "spd": 85, "spe": 85}, "ivs": {"hp": 31, "atk": 31, "def": 31, "spa": 31, "spd": 31, "spe": 31}, "item": "Leftovers", "teraType": "Fairy", "role": "Bulky Setup", "bvs": {"hp": 150, "atk": 100, "def": 115, "spa": 65, "spd": 65, "spe": 35}, "stats": {"hp": 362, "atk": 201, "def": 224, "spa": 146, "spd": 146, "spe": 100}, "types": ["Water"]}, "Cresselia": {"name": "Cresselia", "species": "Cresselia", "speciesId": "cresselia", "gender": "F", "shiny": false, "level": 80, "moves": ["calmmind", "moonlight", "thunderbolt", "psyshock"], "ability": "Levitate", "evs": {"hp": 85, "atk": 0, "def": 85, "spa": 85, "spd": 85, "spe": 85}, "ivs": {"hp": 31, "atk": 0, "def": 31, "spa": 31, "spd": 31, "spe": 31}, "item": "Leftovers", "teraType": "Poison", "role": "Bulky Setup", "bvs": {"hp": 120, "atk": 70, "def": 110, "spa": 75, "spd": 120, "spe": 85}, "stats": {"hp": 323, "atk": 117, "def": 222, "spa": 166, "spd": 238, "spe": 182}, "types": ["Psychic"]}}]}