{"id": "gen9randombattle-2641683814", "format": "[Gen 9] Random Battle", "players": ["sh4u", "sirrna"], "log": "|j|\u2606sh4u\n|j|\u2606sirrna\n|t:|1782829433\n|gametype|singles\n|player|p1|sh4u|pokefan|1965\n|player|p2|sirrna|102|1984\n|gen|9\n|tier|[Gen 9] Random Battle\n|rated|\n|rule|Species Clause: Limit one of each Pok\u00e9mon\n|rule|HP Percentage Mod: HP is shown in percentages\n|rule|Sleep Clause Mod: Limit one foe put to sleep\n|rule|Illusion Level Mod: Illusion disguises the Pok\u00e9mon's true level\n|\n|t:|1782829433\n|teamsize|p1|6\n|teamsize|p2|6\n|start\n|switch|p1a: Walking Wake|Walking Wake, L79|286/286\n|switch|p2a: Honchkrow|Honchkrow, L86, M|312/312\n|turn|1\n|inactive|Battle timer is ON: inactive players will automatically lose when time's up. (requested by sh4u)\n|\n|t:|1782829447\n|move|p1a: Walking Wake|Draco Meteor|p2a: Honchkrow\n|-damage|p2a: Honchkrow|0 fnt\n|-unboost|p1a: Walking Wake|spa|2\n|faint|p2a: Honchkrow\n|\n|upkeep\n|\n|t:|1782829461\n|switch|p2a: Golem|Golem-Alola, L93, M|300/300\n|turn|2\n|\n|t:|1782829467\n|-end|p1a: Walking Wake|Protosynthesis|[silent]\n|switch|p1a: Garchomp|Garchomp, L74, F|282/282\n|move|p2a: Golem|Rock Polish|p2a: Golem\n|-boost|p2a: Golem|spe|2\n|\n|upkeep\n|turn|3\n|\n|t:|1782829482\n|switch|p2a: Illumise|Illumise, L91, F|266/266\n|move|p1a: Garchomp|Stealth Rock|p2a: Illumise\n|-sidestart|p2: sirrna|move: Stealth Rock\n|\n|upkeep\n|turn|4\n|\n|t:|1782829496\n|switch|p1a: Perrserker|Perrserker, L89, F|269/269\n|move|p2a: Illumise|Bug Buzz|p1a: Perrserker\n|-resisted|p1a: Perrserker\n|-damage|p1a: Perrserker|215/269\n|\n|upkeep\n|turn|5\n|\n|t:|1782829506\n|switch|p2a: Torkoal|Torkoal, L88, M|266/266\n|-weather|SunnyDay|[from] ability: Drought|[of] p2a: Torkoal\n|move|p1a: Perrserker|Iron Head|p2a: Torkoal\n|-resisted|p2a: Torkoal\n|-damage|p2a: Torkoal|197/266\n|\n|-weather|SunnyDay|[upkeep]\n|upkeep\n|turn|6\n|\n|t:|1782829517\n|switch|p1a: Walking Wake|Walking Wake, L79|286/286\n|-activate|p1a: Walking Wake|ability: Protosynthesis\n|-start|p1a: Walking Wake|protosynthesisspa\n|move|p2a: Torkoal|Yawn|p1a: Walking Wake\n|-start|p1a: Walking Wake|move: Yawn|[of] p2a: Torkoal\n|\n|-weather|SunnyDay|[upkeep]\n|upkeep\n|turn|7\n|\n|t:|1782829528\n|switch|p2a: Alomomola|Alomomola, L87, F|429/429\n|-damage|p2a: Alomomola|376/429|[from] Stealth Rock\n|move|p1a: Walking Wake|Hydro Pump|p2a: Alomomola|[miss]\n|-miss|p1a: Walking Wake|p2a: Alomomola\n|\n|-weather|SunnyDay|[upkeep]\n|-heal|p2a: Alomomola|402/429|[from] item: Leftovers\n|-end|p1a: Walking Wake|move: Yawn|[silent]\n|-status|p1a: Walking Wake|slp\n|upkeep\n|turn|8\n|\n|t:|1782829539\n|cant|p1a: Walking Wake|slp\n|move|p2a: Alomomola|Flip Turn|p1a: Walking Wake\n|-resisted|p1a: Walking Wake\n|-damage|p1a: Walking Wake|279/286 slp\n|\n|t:|1782829543\n|switch|p2a: Golem|Golem-Alola, L93, M|300/300|[from] Flip Turn\n|-damage|p2a: Golem|263/300|[from] Stealth Rock\n|\n|-weather|SunnyDay|[upkeep]\n|upkeep\n|turn|9\n|\n|t:|1782829553\n|-end|p1a: Walking Wake|Protosynthesis|[silent]\n|switch|p1a: Garchomp|Garchomp, L74, F|282/282\n|move|p2a: Golem|Double-Edge|p1a: Garchomp\n|-immune|p1a: Garchomp\n|\n|-weather|none\n|upkeep\n|turn|10\n|\n|t:|1782829561\n|move|p1a: Garchomp|Spikes|p2a: Golem\n|-sidestart|p2: sirrna|Spikes\n|move|p2a: Golem|Earthquake|p1a: Garchomp\n|-damage|p1a: Garchomp|130/282\n|-damage|p2a: Golem|233/300|[from] item: Life Orb\n|\n|upkeep\n|turn|11\n|\n|t:|1782829572\n|-terastallize|p2a: Golem|Grass\n|move|p1a: Garchomp|Earthquake|p2a: Golem\n|-resisted|p2a: Golem\n|-damage|p2a: Golem|197/300\n|move|p2a: Golem|Rock Polish|p2a: Golem\n|-boost|p2a: Golem|spe|2\n|\n|upkeep\n|turn|12\n|\n|t:|1782829597\n|switch|p1a: Lilligant|Lilligant, L86, F|261/261\n|move|p2a: Golem|Earthquake|p1a: Lilligant\n|-resisted|p1a: Lilligant\n|-damage|p1a: Lilligant|192/261\n|-damage|p2a: Golem|167/300|[from] item: Life Orb\n|\n|upkeep\n|turn|13\n|\n|t:|1782829608\n|move|p2a: Golem|Stone Edge|p1a: Lilligant\n|-damage|p1a: Lilligant|0 fnt\n|faint|p1a: Lilligant\n|-damage|p2a: Golem|137/300|[from] item: Life Orb\n|\n|upkeep\n|\n|t:|1782829617\n|switch|p1a: Falinks|Falinks, L84|246/246\n|turn|14\n|\n|t:|1782829627\n|move|p2a: Golem|Double-Edge|p1a: Falinks\n|-damage|p1a: Falinks|0 fnt\n|faint|p1a: Falinks\n|-damage|p2a: Golem|56/300|[from] Recoil\n|-damage|p2a: Golem|26/300|[from] item: Life Orb\n|\n|upkeep\n|\n|t:|1782829640\n|switch|p1a: Garchomp|Garchomp, L74, F|130/282\n|turn|15\n|\n|t:|1782829645\n|move|p2a: Golem|Earthquake|p1a: Garchomp\n|-damage|p1a: Garchomp|0 fnt\n|faint|p1a: Garchomp\n|-damage|p2a: Golem|0 fnt|[from] item: Life Orb\n|faint|p2a: Golem\n|\n|upkeep\n|\n|t:|1782829656\n|switch|p1a: Walking Wake|Walking Wake, L79|279/286 slp\n|switch|p2a: Illumise|Illumise, L91, F|266/266\n|turn|16\n|\n|t:|1782829662\n|cant|p1a: Walking Wake|slp\n|move|p2a: Illumise|Bug Buzz|p1a: Walking Wake\n|-damage|p1a: Walking Wake|177/286 slp\n|-unboost|p1a: Walking Wake|spd|1\n|\n|upkeep\n|turn|17\n|\n|t:|1782829670\n|-curestatus|p1a: Walking Wake|slp|[msg]\n|move|p1a: Walking Wake|Draco Meteor|p2a: Illumise\n|-damage|p2a: Illumise|58/266\n|-unboost|p1a: Walking Wake|spa|2\n|move|p2a: Illumise|Bug Buzz|p1a: Walking Wake\n|-damage|p1a: Walking Wake|18/286\n|\n|upkeep\n|turn|18\n|\n|t:|1782829685\n|-end|p1a: Walking Wake|Protosynthesis|[silent]\n|switch|p1a: Perrserker|Perrserker, L89, F|215/269\n|move|p2a: Illumise|Roost|p2a: Illumise\n|-heal|p2a: Illumise|191/266\n|-singleturn|p2a: Illumise|move: Roost\n|\n|upkeep\n|turn|19\n|\n|t:|1782829692\n|switch|p2a: Alomomola|Alomomola, L87, F|429/429\n|-damage|p2a: Alomomola|376/429|[from] Stealth Rock\n|-damage|p2a: Alomomola|323/429|[from] Spikes\n|move|p1a: Perrserker|Close Combat|p2a: Alomomola\n|-damage|p2a: Alomomola|110/429\n|-unboost|p1a: Perrserker|def|1\n|-unboost|p1a: Perrserker|spd|1\n|\n|-heal|p2a: Alomomola|136/429|[from] item: Leftovers\n|upkeep\n|turn|20\n|\n|t:|1782829712\n|switch|p1a: Sylveon|Sylveon, L85, M|300/300\n|move|p2a: Alomomola|Flip Turn|p1a: Sylveon\n|-damage|p1a: Sylveon|234/300\n|\n|t:|1782829720\n|switch|p2a: Illumise|Illumise, L91, F|191/266|[from] Flip Turn\n|\n|-heal|p1a: Sylveon|252/300|[from] item: Leftovers\n|upkeep\n|turn|21\n|\n|t:|1782829728\n|move|p2a: Illumise|Thunder Wave|p1a: Sylveon\n|-status|p1a: Sylveon|par\n|cant|p1a: Sylveon|par\n|\n|-heal|p1a: Sylveon|270/300 par|[from] item: Leftovers\n|upkeep\n|turn|22\n|\n|t:|1782829736\n|move|p2a: Illumise|Bug Buzz|p1a: Sylveon\n|-resisted|p1a: Sylveon\n|-damage|p1a: Sylveon|240/300 par\n|-unboost|p1a: Sylveon|spd|1\n|move|p1a: Sylveon|Hyper Voice|p2a: Illumise\n|-damage|p2a: Illumise|70/266\n|\n|-heal|p1a: Sylveon|258/300 par|[from] item: Leftovers\n|upkeep\n|turn|23\n|\n|t:|1782829756\n|move|p2a: Illumise|Roost|p2a: Illumise\n|-heal|p2a: Illumise|203/266\n|-singleturn|p2a: Illumise|move: Roost\n|cant|p1a: Sylveon|par\n|\n|-heal|p1a: Sylveon|276/300 par|[from] item: Leftovers\n|upkeep\n|turn|24\n|\n|t:|1782829764\n|switch|p2a: Torkoal|Torkoal, L88, M|197/266\n|-weather|SunnyDay|[from] ability: Drought|[of] p2a: Torkoal\n|cant|p1a: Sylveon|par\n|\n|-weather|SunnyDay|[upkeep]\n|-heal|p1a: Sylveon|294/300 par|[from] item: Leftovers\n|upkeep\n|turn|25\n|\n|t:|1782829774\n|move|p2a: Torkoal|Earthquake|p1a: Sylveon\n|-damage|p1a: Sylveon|200/300 par\n|move|p1a: Sylveon|Hyper Voice|p2a: Torkoal\n|-resisted|p2a: Torkoal\n|-damage|p2a: Torkoal|125/266\n|\n|-weather|SunnyDay|[upkeep]\n|-heal|p1a: Sylveon|218/300 par|[from] item: Leftovers\n|upkeep\n|turn|26\n|\n|t:|1782829790\n|move|p2a: Torkoal|Lava Plume|p1a: Sylveon\n|-damage|p1a: Sylveon|76/300 par\n|move|p1a: Sylveon|Hyper Voice|p2a: Torkoal\n|-resisted|p2a: Torkoal\n|-damage|p2a: Torkoal|47/266\n|\n|-weather|SunnyDay|[upkeep]\n|-heal|p1a: Sylveon|94/300 par|[from] item: Leftovers\n|upkeep\n|turn|27\n|\n|t:|1782829800\n|move|p2a: Torkoal|Lava Plume|p1a: Sylveon\n|-damage|p1a: Sylveon|0 fnt\n|faint|p1a: Sylveon\n|\n|-weather|SunnyDay|[upkeep]\n|upkeep\n|\n|t:|1782829807\n|switch|p1a: Perrserker|Perrserker, L89, F|215/269\n|turn|28\n|\n|t:|1782829813\n|move|p1a: Perrserker|Iron Head|p2a: Torkoal\n|-resisted|p2a: Torkoal\n|-damage|p2a: Torkoal|0 fnt\n|faint|p2a: Torkoal\n|\n|-weather|none\n|upkeep\n|\n|t:|1782829816\n|switch|p2a: Alomomola|Alomomola, L87, F|279/429\n|-damage|p2a: Alomomola|226/429|[from] Stealth Rock\n|-damage|p2a: Alomomola|173/429|[from] Spikes\n|turn|29\n|\n|t:|1782829826\n|move|p2a: Alomomola|Protect|p2a: Alomomola\n|-singleturn|p2a: Alomomola|Protect\n|move|p1a: Perrserker|Iron Head|p2a: Alomomola\n|-activate|p2a: Alomomola|move: Protect\n|\n|-heal|p2a: Alomomola|199/429|[from] item: Leftovers\n|upkeep\n|turn|30\n|\n|t:|1782829834\n|move|p2a: Alomomola|Wish|p2a: Alomomola\n|move|p1a: Perrserker|Iron Head|p2a: Alomomola\n|-resisted|p2a: Alomomola\n|-crit|p2a: Alomomola\n|-damage|p2a: Alomomola|52/429\n|\n|-heal|p2a: Alomomola|78/429|[from] item: Leftovers\n|upkeep\n|turn|31\n|-message|sh4u forfeited.\n|\n|win|sirrna\n", "inputlog": ">version f8ac14003a5f27e1bdc8d8c59608a773c1cb96e5\n>start {\"formatid\":\"gen9randombattle\",\"seed\":\"sodium,ad2179f78395e49fe0b677d9d2b7e6dc\",\"rated\":\"Rated battle\"}\n>player p1 {\"name\":\"sh4u\",\"avatar\":\"pokefan\",\"rating\":1965,\"seed\":\"sodium,849a9dc6dfe14242796a936cb60eb229\"}\n>player p2 {\"name\":\"sirrna\",\"avatar\":\"102\",\"rating\":1984,\"seed\":\"sodium,8c463b73dbd490ed1f41801019db7afa\"}\n>p1 move dracometeor\n>p2 move bravebird\n>p2 switch 3\n>p1 switch 4\n>p2 move rockpolish\n>p1 move stealthrock\n>p2 switch 4\n>p1 switch 5\n>p2 move bugbuzz\n>p1 move ironhead\n>p2 switch 2\n>p1 switch 4\n>p2 move yawn\n>p1 move hydropump\n>p2 switch 6\n>p1 move hydropump\n>p2 move flipturn\n>p2 switch 4\n>p1 switch 5\n>p2 move doubleedge\n>p1 move spikes\n>p2 move earthquake\n>p1 move earthquake\n>p2 move rockpolish terastallize\n>p1 switch 2\n>p2 move earthquake\n>p1 move quiverdance\n>p2 move stoneedge\n>p1 switch 3\n>p1 move closecombat\n>p2 move doubleedge\n>p1 switch 2\n>p1 move spikes\n>p2 move earthquake\n>p1 switch 5\n>p2 switch 2\n>p1 move dracometeor\n>p2 move bugbuzz\n>p1 move dracometeor\n>p2 move bugbuzz\n>p1 switch 4\n>p2 move roost\n>p1 move closecombat\n>p2 switch 4\n>p1 switch 6\n>p2 move flipturn\n>p2 switch 4\n>p1 move hypervoice\n>p2 move thunderwave\n>p1 move hypervoice\n>p2 move bugbuzz\n>p1 move hypervoice\n>p2 move roost\n>p1 move hypervoice\n>p2 switch 6\n>p1 move hypervoice\n>p2 move earthquake\n>p1 move hypervoice\n>p2 move lavaplume\n>p1 move hypervoice\n>p2 move lavaplume\n>p1 switch 6\n>p1 move ironhead\n>p2 move lavaplume\n>p2 switch 4\n>p1 move ironhead\n>p2 move protect\n>p1 move ironhead\n>p2 move wish\n>forcelose p1", "uploadtime": 1782829437, "views": 3, "formatid": "gen9randombattle", "rating": null, "private": 0, "password": null, "player_dets": [{"name": "sh4u", "avatar": "pokefan", "rating": 1965, "seed": "sodium,849a9dc6dfe14242796a936cb60eb229"}, {"name": "sirrna", "avatar": "102", "rating": 1984, "seed": "sodium,8c463b73dbd490ed1f41801019db7afa"}], "teams_full": [{"Walking Wake": {"name": "Walking Wake", "species": "Walking Wake", "speciesId": "walkingwake", "gender": "N", "shiny": false, "level": 79, "moves": ["flipturn", "dracometeor", "flamethrower", "hydropump"], "ability": "Protosynthesis", "evs": {"hp": 85, "atk": 85, "def": 85, "spa": 85, "spd": 85, "spe": 85}, "ivs": {"hp": 31, "atk": 31, "def": 31, "spa": 31, "spd": 31, "spe": 31}, "item": "Choice Specs", "teraType": "Water", "role": "Wallbreaker", "bvs": {"hp": 99, "atk": 83, "def": 91, "spa": 125, "spd": 83, "spe": 109}, "stats": {"hp": 286, "atk": 177, "def": 189, "spa": 243, "spd": 177, "spe": 218}, "types": ["Water", "Dragon"]}, "Lilligant": {"name": "Lilligant", "species": "Lilligant", "speciesId": "lilligant", "gender": "F", "shiny": false, "level": 86, "moves": ["sleeppowder", "alluringvoice", "petaldance", "quiverdance"], "ability": "Own Tempo", "evs": {"hp": 85, "atk": 0, "def": 85, "spa": 85, "spd": 85, "spe": 85}, "ivs": {"hp": 31, "atk": 0, "def": 31, "spa": 31, "spd": 31, "spe": 31}, "item": "Life Orb", "teraType": "Grass", "role": "Setup Sweeper", "bvs": {"hp": 70, "atk": 60, "def": 75, "spa": 110, "spd": 75, "spe": 90}, "stats": {"hp": 261, "atk": 108, "def": 178, "spa": 238, "spd": 178, "spe": 204}, "types": ["Grass"]}, "Falinks": {"name": "Falinks", "species": "Falinks", "speciesId": "falinks", "gender": "N", "shiny": false, "level": 84, "moves": ["closecombat", "noretreat", "ironhead", "knockoff"], "ability": "Defiant", "evs": {"hp": 85, "atk": 85, "def": 85, "spa": 85, "spd": 85, "spe": 85}, "ivs": {"hp": 31, "atk": 31, "def": 31, "spa": 31, "spd": 31, "spe": 31}, "item": "Life Orb", "teraType": "Dark", "role": "Setup Sweeper", "bvs": {"hp": 65, "atk": 100, "def": 100, "spa": 70, "spd": 60, "spe": 75}, "stats": {"hp": 246, "atk": 216, "def": 216, "spa": 166, "spd": 149, "spe": 174}, "types": ["Fighting"]}, "Garchomp": {"name": "Garchomp", "species": "Garchomp", "speciesId": "garchomp", "gender": "F", "shiny": false, "level": 74, "moves": ["outrage", "earthquake", "spikes", "stealthrock"], "ability": "Rough Skin", "evs": {"hp": 85, "atk": 85, "def": 85, "spa": 85, "spd": 85, "spe": 85}, "ivs": {"hp": 31, "atk": 31, "def": 31, "spa": 31, "spd": 31, "spe": 31}, "item": "Rocky Helmet", "teraType": "Ground", "role": "Fast Support", "bvs": {"hp": 108, "atk": 130, "def": 95, "spa": 80, "spd": 85, "spe": 102}, "stats": {"hp": 282, "atk": 235, "def": 184, "spa": 161, "spd": 169, "spe": 194}, "types": ["Dragon", "Ground"]}, "Perrserker": {"name": "Perrserker", "species": "Perrserker", "speciesId": "perrserker", "gender": "F", "shiny": false, "level": 89, "moves": ["uturn", "closecombat", "knockoff", "ironhead"], "ability": "Tough Claws", "evs": {"hp": 85, "atk": 85, "def": 85, "spa": 85, "spd": 85, "spe": 85}, "ivs": {"hp": 31, "atk": 31, "def": 31, "spa": 31, "spd": 31, "spe": 31}, "item": "Choice Band", "teraType": "Fighting", "role": "Fast Attacker", "bvs": {"hp": 70, "atk": 110, "def": 100, "spa": 50, "spd": 60, "spe": 50}, "stats": {"hp": 269, "atk": 247, "def": 229, "spa": 140, "spd": 158, "spe": 140}, "types": ["Steel"]}, "Sylveon": {"name": "Sylveon", "species": "Sylveon", "speciesId": "sylveon", "gender": "M", "shiny": false, "level": 85, "moves": ["calmmind", "hypervoice", "wish", "protect"], "ability": "Pixilate", "evs": {"hp": 85, "atk": 0, "def": 85, "spa": 85, "spd": 85, "spe": 85}, "ivs": {"hp": 31, "atk": 0, "def": 31, "spa": 31, "spd": 31, "spe": 31}, "item": "Leftovers", "teraType": "Steel", "role": "Bulky Setup", "bvs": {"hp": 95, "atk": 65, "def": 65, "spa": 110, "spd": 130, "spe": 60}, "stats": {"hp": 300, "atk": 115, "def": 159, "spa": 236, "spd": 270, "spe": 151}, "types": ["Fairy"]}}, {"Honchkrow": {"name": "Honchkrow", "species": "Honchkrow", "speciesId": "honchkrow", "gender": "M", "shiny": false, "level": 86, "moves": ["lashout", "heatwave", "suckerpunch", "bravebird"], "ability": "Moxie", "evs": {"hp": 85, "atk": 85, "def": 85, "spa": 85, "spd": 85, "spe": 85}, "ivs": {"hp": 31, "atk": 31, "def": 31, "spa": 31, "spd": 31, "spe": 31}, "item": "Heavy-Duty Boots", "teraType": "Flying", "role": "Wallbreaker", "bvs": {"hp": 100, "atk": 125, "def": 52, "spa": 105, "spd": 52, "spe": 71}, "stats": {"hp": 312, "atk": 264, "def": 139, "spa": 230, "spd": 139, "spe": 171}, "types": ["Dark", "Flying"]}, "Torkoal": {"name": "Torkoal", "species": "Torkoal", "speciesId": "torkoal", "gender": "M", "shiny": false, "level": 88, "moves": ["lavaplume", "yawn", "solarbeam", "earthquake"], "ability": "Drought", "evs": {"hp": 85, "atk": 85, "def": 85, "spa": 85, "spd": 85, "spe": 85}, "ivs": {"hp": 31, "atk": 31, "def": 31, "spa": 31, "spd": 31, "spe": 31}, "item": "Heavy-Duty Boots", "teraType": "Grass", "role": "Wallbreaker", "bvs": {"hp": 70, "atk": 85, "def": 140, "spa": 85, "spd": 70, "spe": 20}, "stats": {"hp": 266, "atk": 200, "def": 297, "spa": 200, "spd": 173, "spe": 85}, "types": ["Fire"]}, "Golem": {"name": "Golem", "species": "Golem-Alola", "speciesId": "golemalola", "gender": "M", "shiny": false, "level": 93, "moves": ["stoneedge", "earthquake", "rockpolish", "doubleedge"], "ability": "Galvanize", "evs": {"hp": 85, "atk": 85, "def": 85, "spa": 85, "spd": 85, "spe": 85}, "ivs": {"hp": 31, "atk": 31, "def": 31, "spa": 31, "spd": 31, "spe": 31}, "item": "Life Orb", "teraType": "Grass", "role": "Setup Sweeper", "bvs": {"hp": 80, "atk": 120, "def": 130, "spa": 55, "spd": 65, "spe": 45}, "stats": {"hp": 300, "atk": 276, "def": 295, "spa": 155, "spd": 174, "spe": 137}, "types": ["Rock", "Electric"]}, "Illumise": {"name": "Illumise", "species": "Illumise", "speciesId": "illumise", "gender": "F", "shiny": false, "level": 91, "moves": ["bugbuzz", "encore", "roost", "thunderwave"], "ability": "Prankster", "evs": {"hp": 85, "atk": 0, "def": 85, "spa": 85, "spd": 85, "spe": 85}, "ivs": {"hp": 31, "atk": 0, "def": 31, "spa": 31, "spd": 31, "spe": 31}, "item": "Heavy-Duty Boots", "teraType": "Steel", "role": "Bulky Support", "bvs": {"hp": 65, "atk": 47, "def": 75, "spa": 73, "spd": 85, "spe": 85}, "stats": {"hp": 266, "atk": 90, "def": 188, "spa": 185, "spd": 207, "spe": 207}, "types": ["Bug"]}, "Terapagos": {"name": "Terapagos", "species": "Terapagos", "speciesId": "terapagos", "gender": "M", "shiny": false, "level": 77, "moves": ["terastarstorm", "rest", "earthpower", "calmmind"], "ability": "Tera Shift", "evs": {"hp": 85, "atk": 0, "def": 85, "spa": 85, "spd": 85, "spe": 85}, "ivs": {"hp": 31, "atk": 0, "def": 31, "spa": 31, "spd": 31, "spe": 31}, "item": "Chesto Berry", "teraType": "Stellar", "role": "Fast Bulky Setup", "bvs": {"hp": 90, "atk": 65, "def": 85, "spa": 65, "spd": 85, "spe": 60}, "stats": {"hp": 265, "atk": 105, "def": 175, "spa": 145, "spd": 175, "spe": 137}, "types": ["Normal"]}, "Alomomola": {"name": "Alomomola", "species": "Alomomola", "speciesId": "alomomola", "gender": "F", "shiny": false, "level": 87, "moves": ["wish", "scald", "protect", "flipturn"], "ability": "Regenerator", "evs": {"hp": 85, "atk": 85, "def": 85, "spa": 85, "spd": 85, "spe": 85}, "ivs": {"hp": 31, "atk": 31, "def": 31, "spa": 31, "spd": 31, "spe": 31}, "item": "Leftovers", "teraType": "Steel", "role": "Bulky Support", "bvs": {"hp": 165, "atk": 75, "def": 80, "spa": 40, "spd": 45, "spe": 65}, "stats": {"hp": 429, "atk": 180, "def": 189, "spa": 119, "spd": 128, "spe": 163}, "types": ["Water"]}}]}