{"id": "gen9randombattle-2641413773", "format": "[Gen 9] Random Battle", "players": ["chinese mastermind", "Champion_Bison"], "log": "|j|\u2606chinese mastermind\n|j|\u2606Champion_Bison\n|t:|1782781110\n|gametype|singles\n|player|p1|chinese mastermind|169|1936\n|player|p2|Champion_Bison|lance-masters2|1953\n|gen|9\n|tier|[Gen 9] Random Battle\n|rated|\n|rule|Species Clause: Limit one of each Pok\u00e9mon\n|rule|HP Percentage Mod: HP is shown in percentages\n|rule|Sleep Clause Mod: Limit one foe put to sleep\n|rule|Illusion Level Mod: Illusion disguises the Pok\u00e9mon's true level\n|\n|t:|1782781110\n|teamsize|p1|6\n|teamsize|p2|6\n|start\n|switch|p1a: Perrserker|Perrserker, L89, F|269/269\n|switch|p2a: Indeedee|Indeedee-F, L90, F|272/272\n|-fieldstart|move: Psychic Terrain|[from] ability: Psychic Surge|[of] p2a: Indeedee\n|turn|1\n|\n|t:|1782781119\n|switch|p2a: Infernape|Infernape, L82, F|259/259\n|move|p1a: Perrserker|Stealth Rock|p2a: Infernape\n|-sidestart|p2: Champion_Bison|move: Stealth Rock\n|\n|upkeep\n|turn|2\n|\n|t:|1782781124\n|switch|p1a: Cramorant|Cramorant, L86, M|261/261\n|move|p2a: Infernape|Overheat|p1a: Cramorant\n|-resisted|p1a: Cramorant\n|-damage|p1a: Cramorant|178/261\n|-unboost|p2a: Infernape|spa|2\n|-damage|p2a: Infernape|234/259|[from] item: Life Orb\n|\n|upkeep\n|turn|3\n|\n|t:|1782781145\n|switch|p1a: Regidrago|Regidrago, L77|435/435\n|move|p2a: Infernape|Knock Off|p1a: Regidrago\n|-crit|p1a: Regidrago\n|-damage|p1a: Regidrago|206/435\n|-enditem|p1a: Regidrago|Choice Scarf|[from] move: Knock Off|[of] p2a: Infernape\n|-damage|p2a: Infernape|209/259|[from] item: Life Orb\n|\n|upkeep\n|turn|4\n|\n|t:|1782781154\n|move|p2a: Infernape|Close Combat|p1a: Regidrago\n|-damage|p1a: Regidrago|0 fnt\n|-unboost|p2a: Infernape|def|1\n|-unboost|p2a: Infernape|spd|1\n|faint|p1a: Regidrago\n|-damage|p2a: Infernape|184/259|[from] item: Life Orb\n|\n|upkeep\n|\n|t:|1782781159\n|switch|p1a: Cramorant|Cramorant, L86, M|178/261\n|turn|5\n|\n|t:|1782781163\n|move|p2a: Infernape|Knock Off|p1a: Cramorant\n|-damage|p1a: Cramorant|64/261\n|-enditem|p1a: Cramorant|Heavy-Duty Boots|[from] move: Knock Off|[of] p2a: Infernape\n|-damage|p2a: Infernape|159/259|[from] item: Life Orb\n|move|p1a: Cramorant|Roost|p1a: Cramorant\n|-heal|p1a: Cramorant|195/261\n|-singleturn|p1a: Cramorant|move: Roost\n|\n|-fieldend|move: Psychic Terrain\n|upkeep\n|turn|6\n|\n|t:|1782781170\n|move|p2a: Infernape|Close Combat|p1a: Cramorant\n|-resisted|p1a: Cramorant\n|-damage|p1a: Cramorant|81/261\n|-unboost|p2a: Infernape|def|1\n|-unboost|p2a: Infernape|spd|1\n|-damage|p2a: Infernape|134/259|[from] item: Life Orb\n|move|p1a: Cramorant|Surf|p2a: Infernape\n|-formechange|p1a: Cramorant|Cramorant-Gorging|\n|-supereffective|p2a: Infernape\n|-damage|p2a: Infernape|0 fnt\n|faint|p2a: Infernape\n|\n|upkeep\n|\n|t:|1782781181\n|switch|p2a: Gholdengo|Gholdengo, L77|261/261\n|-damage|p2a: Gholdengo|245/261|[from] Stealth Rock\n|turn|7\n|\n|t:|1782781186\n|move|p1a: Cramorant|Roost|p1a: Cramorant\n|-heal|p1a: Cramorant|212/261\n|-singleturn|p1a: Cramorant|move: Roost\n|move|p2a: Gholdengo|Shadow Ball|p1a: Cramorant\n|-damage|p1a: Cramorant|124/261\n|-damage|p2a: Gholdengo|180/261|[from] ability: Gulp Missile|[of] p1a: Cramorant\n|-status|p2a: Gholdengo|par\n|-formechange|p1a: Cramorant|Cramorant|\n|\n|-heal|p2a: Gholdengo|196/261 par|[from] item: Leftovers\n|upkeep\n|turn|8\n|\n|t:|1782781195\n|move|p1a: Cramorant|Surf|p2a: Gholdengo\n|-formechange|p1a: Cramorant|Cramorant-Gorging|\n|-damage|p2a: Gholdengo|105/261 par\n|move|p2a: Gholdengo|Thunder Wave|p1a: Cramorant\n|-status|p1a: Cramorant|par\n|\n|-heal|p2a: Gholdengo|121/261 par|[from] item: Leftovers\n|upkeep\n|turn|9\n|\n|t:|1782781201\n|move|p1a: Cramorant|Roost|p1a: Cramorant\n|-heal|p1a: Cramorant|255/261 par\n|-singleturn|p1a: Cramorant|move: Roost\n|move|p2a: Gholdengo|Recover|p2a: Gholdengo\n|-heal|p2a: Gholdengo|252/261 par\n|\n|-heal|p2a: Gholdengo|261/261 par|[from] item: Leftovers\n|upkeep\n|turn|10\n|\n|t:|1782781209\n|move|p1a: Cramorant|Surf|p2a: Gholdengo\n|-damage|p2a: Gholdengo|161/261 par\n|cant|p2a: Gholdengo|par\n|\n|-heal|p2a: Gholdengo|177/261 par|[from] item: Leftovers\n|upkeep\n|turn|11\n|\n|t:|1782781216\n|move|p1a: Cramorant|Surf|p2a: Gholdengo\n|-damage|p2a: Gholdengo|77/261 par\n|move|p2a: Gholdengo|Shadow Ball|p1a: Cramorant\n|-damage|p1a: Cramorant|165/261 par\n|-damage|p2a: Gholdengo|12/261 par|[from] ability: Gulp Missile|[of] p1a: Cramorant\n|-formechange|p1a: Cramorant|Cramorant|\n|\n|-heal|p2a: Gholdengo|28/261 par|[from] item: Leftovers\n|upkeep\n|turn|12\n|\n|t:|1782781223\n|move|p1a: Cramorant|Surf|p2a: Gholdengo\n|-formechange|p1a: Cramorant|Cramorant-Gulping|\n|-damage|p2a: Gholdengo|0 fnt\n|faint|p2a: Gholdengo\n|\n|upkeep\n|\n|t:|1782781234\n|switch|p2a: Lokix|Lokix, L82, M|251/251\n|-damage|p2a: Lokix|189/251|[from] Stealth Rock\n|turn|13\n|\n|t:|1782781241\n|-terastallize|p2a: Lokix|Bug\n|move|p2a: Lokix|First Impression|p1a: Cramorant\n|-resisted|p1a: Cramorant\n|-damage|p1a: Cramorant|0 fnt\n|-damage|p2a: Lokix|127/251|[from] ability: Gulp Missile|[of] p1a: Cramorant\n|-unboost|p2a: Lokix|def|1\n|-formechange|p1a: Cramorant|Cramorant|\n|faint|p1a: Cramorant\n|-damage|p2a: Lokix|102/251|[from] item: Life Orb\n|\n|upkeep\n|\n|t:|1782781260\n|switch|p1a: Maushold|Maushold-Four, L76|238/238\n|turn|14\n|\n|t:|1782781266\n|move|p1a: Maushold|Population Bomb|p2a: Lokix\n|-damage|p2a: Lokix|63/251\n|-damage|p2a: Lokix|23/251\n|-crit|p2a: Lokix\n|-damage|p2a: Lokix|0 fnt\n|faint|p2a: Lokix\n|-hitcount|p2: Lokix|3\n|\n|upkeep\n|\n|t:|1782781278\n|switch|p2a: Swalot|Swalot, L90, F|326/326\n|-damage|p2a: Swalot|286/326|[from] Stealth Rock\n|turn|15\n|\n|t:|1782781284\n|switch|p1a: Perrserker|Perrserker, L89, F|269/269\n|move|p2a: Swalot|Knock Off|p1a: Perrserker\n|-damage|p1a: Perrserker|218/269\n|-enditem|p1a: Perrserker|Life Orb|[from] move: Knock Off|[of] p2a: Swalot\n|\n|-heal|p2a: Swalot|306/326|[from] item: Leftovers\n|upkeep\n|turn|16\n|\n|t:|1782781304\n|switch|p2a: Indeedee|Indeedee-F, L90, F|272/272\n|-damage|p2a: Indeedee|238/272|[from] Stealth Rock\n|-fieldstart|move: Psychic Terrain|[from] ability: Psychic Surge|[of] p2a: Indeedee\n|move|p1a: Perrserker|Knock Off|p2a: Indeedee\n|-supereffective|p2a: Indeedee\n|-crit|p2a: Indeedee\n|-damage|p2a: Indeedee|0 fnt\n|-enditem|p2a: Indeedee|Life Orb|[from] move: Knock Off|[of] p1a: Perrserker\n|faint|p2a: Indeedee\n|\n|upkeep\n|\n|t:|1782781307\n|switch|p2a: Iron Leaves|Iron Leaves, L80|275/275\n|-damage|p2a: Iron Leaves|241/275|[from] Stealth Rock\n|turn|17\n|\n|t:|1782781352\n|move|p2a: Iron Leaves|Close Combat|p1a: Perrserker\n|-supereffective|p1a: Perrserker\n|-damage|p1a: Perrserker|0 fnt\n|-unboost|p2a: Iron Leaves|def|1\n|-unboost|p2a: Iron Leaves|spd|1\n|faint|p1a: Perrserker\n|\n|upkeep\n|\n|t:|1782781357\n|switch|p1a: Florges|Florges-Yellow, L85, F|271/271\n|turn|18\n|\n|t:|1782781360\n|move|p2a: Iron Leaves|Close Combat|p1a: Florges\n|-resisted|p1a: Florges\n|-damage|p1a: Florges|184/271\n|-unboost|p2a: Iron Leaves|def|1\n|-unboost|p2a: Iron Leaves|spd|1\n|move|p1a: Florges|Calm Mind|p1a: Florges\n|-boost|p1a: Florges|spa|1\n|-boost|p1a: Florges|spd|1\n|\n|-heal|p1a: Florges|200/271|[from] item: Leftovers\n|upkeep\n|turn|19\n|\n|t:|1782781363\n|move|p2a: Iron Leaves|Close Combat|p1a: Florges\n|-resisted|p1a: Florges\n|-crit|p1a: Florges\n|-damage|p1a: Florges|63/271\n|-unboost|p2a: Iron Leaves|def|1\n|-unboost|p2a: Iron Leaves|spd|1\n|move|p1a: Florges|Moonblast|p2a: Iron Leaves\n|-damage|p2a: Iron Leaves|0 fnt\n|faint|p2a: Iron Leaves\n|-end|p2a: Iron Leaves|Quark Drive|[silent]\n|\n|-heal|p1a: Florges|79/271|[from] item: Leftovers\n|upkeep\n|\n|t:|1782781367\n|switch|p2a: Swalot|Swalot, L90, F|306/326\n|-damage|p2a: Swalot|266/326|[from] Stealth Rock\n|turn|20\n|\n|t:|1782781374\n|-terastallize|p1a: Florges|Ground\n|move|p1a: Florges|Tera Blast|p2a: Swalot|[anim] Tera Blast Ground\n|-supereffective|p2a: Swalot\n|-damage|p2a: Swalot|0 fnt\n|faint|p2a: Swalot\n|\n|win|chinese mastermind\n", "inputlog": ">version f8ac14003a5f27e1bdc8d8c59608a773c1cb96e5\n>start {\"formatid\":\"gen9randombattle\",\"seed\":\"sodium,39b2cbca4065ce226513aad614be6744\",\"rated\":\"Rated battle\"}\n>player p1 {\"name\":\"chinese mastermind\",\"avatar\":\"169\",\"rating\":1936,\"seed\":\"sodium,983445e214a795418fe194ca1ea3da6c\"}\n>player p2 {\"name\":\"Champion_Bison\",\"avatar\":\"lance-masters2\",\"rating\":1953,\"seed\":\"sodium,3b0471523e9593a390c70fe9ca1fb2b7\"}\n>p1 move stealthrock\n>p2 switch 2\n>p1 switch 5\n>p2 move overheat\n>p1 switch 4\n>p2 move knockoff\n>p1 move earthquake\n>p2 move closecombat\n>p1 switch 4\n>p1 move roost\n>p2 move knockoff\n>p1 move surf\n>p2 move closecombat\n>p2 switch 4\n>p1 move roost\n>p2 move shadowball\n>p1 move surf\n>p2 move thunderwave\n>p1 move roost\n>p2 move recover\n>p1 move surf\n>p2 move shadowball\n>p1 move surf\n>p2 move shadowball\n>p1 move surf\n>p2 move recover\n>p2 switch 5\n>p1 move bravebird\n>p2 move firstimpression terastallize\n>p1 switch 3\n>p1 move populationbomb\n>p2 move knockoff\n>p2 switch 6\n>p1 switch 5\n>p2 move knockoff\n>p1 move knockoff\n>p2 switch 2\n>p2 switch 3\n>p1 move knockoff\n>p2 move closecombat\n>p1 switch 2\n>p1 move calmmind\n>p2 move closecombat\n>p1 move moonblast\n>p2 move closecombat\n>p2 switch 2\n>p1 move terablast terastallize\n>p2 move gunkshot", "uploadtime": 1782781112, "views": 3, "formatid": "gen9randombattle", "rating": null, "private": 0, "password": null, "player_dets": [{"name": "chinese mastermind", "avatar": "169", "rating": 1936, "seed": "sodium,983445e214a795418fe194ca1ea3da6c"}, {"name": "Champion_Bison", "avatar": "lance-masters2", "rating": 1953, "seed": "sodium,3b0471523e9593a390c70fe9ca1fb2b7"}], "teams_full": [{"Perrserker": {"name": "Perrserker", "species": "Perrserker", "speciesId": "perrserker", "gender": "F", "shiny": false, "level": 89, "moves": ["knockoff", "stealthrock", "ironhead", "closecombat"], "ability": "Tough Claws", "evs": {"hp": 85, "atk": 85, "def": 85, "spa": 85, "spd": 85, "spe": 85}, "ivs": {"hp": 31, "atk": 31, "def": 31, "spa": 31, "spd": 31, "spe": 31}, "item": "Life Orb", "teraType": "Fighting", "role": "Fast Attacker", "bvs": {"hp": 70, "atk": 110, "def": 100, "spa": 50, "spd": 60, "spe": 50}, "stats": {"hp": 269, "atk": 247, "def": 229, "spa": 140, "spd": 158, "spe": 140}, "types": ["Steel"]}, "Florges": {"name": "Florges", "species": "Florges-Yellow", "speciesId": "florges", "gender": "F", "shiny": false, "level": 85, "moves": ["moonblast", "synthesis", "terablast", "calmmind"], "ability": "Flower Veil", "evs": {"hp": 85, "atk": 0, "def": 85, "spa": 85, "spd": 85, "spe": 85}, "ivs": {"hp": 31, "atk": 0, "def": 31, "spa": 31, "spd": 31, "spe": 31}, "item": "Leftovers", "teraType": "Ground", "role": "Tera Blast user", "bvs": {"hp": 78, "atk": 65, "def": 68, "spa": 112, "spd": 154, "spe": 75}, "stats": {"hp": 271, "atk": 115, "def": 164, "spa": 239, "spd": 311, "spe": 176}, "types": ["Fairy"]}, "Maushold": {"name": "Maushold", "species": "Maushold-Four", "speciesId": "maushold", "gender": "N", "shiny": false, "level": 76, "moves": ["encore", "tidyup", "populationbomb", "bite"], "ability": "Technician", "evs": {"hp": 85, "atk": 85, "def": 85, "spa": 85, "spd": 85, "spe": 85}, "ivs": {"hp": 31, "atk": 31, "def": 31, "spa": 31, "spd": 31, "spe": 31}, "item": "Wide Lens", "teraType": "Ghost", "role": "Setup Sweeper", "bvs": {"hp": 74, "atk": 75, "def": 70, "spa": 65, "spd": 75, "spe": 111}, "stats": {"hp": 238, "atk": 158, "def": 150, "spa": 143, "spd": 158, "spe": 213}, "types": ["Normal"]}, "Regidrago": {"name": "Regidrago", "species": "Regidrago", "speciesId": "regidrago", "gender": "N", "shiny": false, "level": 77, "moves": ["dracometeor", "outrage", "earthquake", "dragonenergy"], "ability": "Dragon's Maw", "evs": {"hp": 85, "atk": 85, "def": 85, "spa": 85, "spd": 85, "spe": 85}, "ivs": {"hp": 31, "atk": 31, "def": 31, "spa": 31, "spd": 31, "spe": 31}, "item": "Choice Scarf", "teraType": "Dragon", "role": "Fast Attacker", "bvs": {"hp": 200, "atk": 100, "def": 50, "spa": 100, "spd": 50, "spe": 80}, "stats": {"hp": 435, "atk": 199, "def": 122, "spa": 199, "spd": 122, "spe": 168}, "types": ["Dragon"]}, "Cramorant": {"name": "Cramorant", "species": "Cramorant", "speciesId": "cramorant", "gender": "M", "shiny": false, "level": 86, "moves": ["bravebird", "roost", "surf", "defog"], "ability": "Gulp Missile", "evs": {"hp": 85, "atk": 85, "def": 85, "spa": 85, "spd": 85, "spe": 85}, "ivs": {"hp": 31, "atk": 31, "def": 31, "spa": 31, "spd": 31, "spe": 31}, "item": "Heavy-Duty Boots", "teraType": "Ground", "role": "Bulky Support", "bvs": {"hp": 70, "atk": 85, "def": 55, "spa": 85, "spd": 95, "spe": 85}, "stats": {"hp": 261, "atk": 195, "def": 144, "spa": 195, "spd": 213, "spe": 195}, "types": ["Flying", "Water"]}, "Tatsugiri": {"name": "Tatsugiri", "species": "Tatsugiri", "speciesId": "tatsugiri", "gender": "F", "shiny": false, "level": 87, "moves": ["dracometeor", "hydropump", "nastyplot", "rapidspin"], "ability": "Storm Drain", "evs": {"hp": 85, "atk": 85, "def": 85, "spa": 85, "spd": 85, "spe": 85}, "ivs": {"hp": 31, "atk": 31, "def": 31, "spa": 31, "spd": 31, "spe": 31}, "item": "Heavy-Duty Boots", "teraType": "Water", "role": "Fast Support", "bvs": {"hp": 68, "atk": 50, "def": 60, "spa": 120, "spd": 95, "spe": 82}, "stats": {"hp": 260, "atk": 137, "def": 154, "spa": 259, "spd": 215, "spe": 192}, "types": ["Dragon", "Water"]}}, {"Indeedee": {"name": "Indeedee", "species": "Indeedee-F", "speciesId": "indeedeef", "gender": "F", "shiny": false, "level": 90, "moves": ["psychic", "hypervoice", "calmmind", "dazzlinggleam"], "ability": "Psychic Surge", "evs": {"hp": 85, "atk": 0, "def": 85, "spa": 85, "spd": 85, "spe": 85}, "ivs": {"hp": 31, "atk": 0, "def": 31, "spa": 31, "spd": 31, "spe": 31}, "item": "Life Orb", "teraType": "Psychic", "role": "Fast Attacker", "bvs": {"hp": 70, "atk": 55, "def": 65, "spa": 95, "spd": 105, "spe": 85}, "stats": {"hp": 272, "atk": 104, "def": 168, "spa": 222, "spd": 240, "spe": 204}, "types": ["Psychic", "Normal"]}, "Infernape": {"name": "Infernape", "species": "Infernape", "speciesId": "infernape", "gender": "F", "shiny": false, "level": 82, "moves": ["closecombat", "overheat", "machpunch", "knockoff"], "ability": "Iron Fist", "evs": {"hp": 85, "atk": 85, "def": 85, "spa": 85, "spd": 85, "spe": 85}, "ivs": {"hp": 31, "atk": 31, "def": 31, "spa": 31, "spd": 31, "spe": 31}, "item": "Life Orb", "teraType": "Fire", "role": "Fast Attacker", "bvs": {"hp": 76, "atk": 104, "def": 71, "spa": 104, "spd": 71, "spe": 108}, "stats": {"hp": 259, "atk": 218, "def": 164, "spa": 218, "spd": 164, "spe": 224}, "types": ["Fire", "Fighting"]}, "Iron Leaves": {"name": "Iron Leaves", "species": "Iron Leaves", "speciesId": "ironleaves", "gender": "N", "shiny": false, "level": 80, "moves": ["psyblade", "leafblade", "closecombat", "megahorn"], "ability": "Quark Drive", "evs": {"hp": 85, "atk": 85, "def": 85, "spa": 85, "spd": 85, "spe": 85}, "ivs": {"hp": 31, "atk": 31, "def": 31, "spa": 31, "spd": 31, "spe": 31}, "item": "Choice Band", "teraType": "Fighting", "role": "Wallbreaker", "bvs": {"hp": 90, "atk": 130, "def": 88, "spa": 70, "spd": 108, "spe": 104}, "stats": {"hp": 275, "atk": 254, "def": 187, "spa": 158, "spd": 219, "spe": 213}, "types": ["Grass", "Psychic"]}, "Gholdengo": {"name": "Gholdengo", "species": "Gholdengo", "speciesId": "gholdengo", "gender": "N", "shiny": false, "level": 77, "moves": ["makeitrain", "thunderwave", "shadowball", "recover"], "ability": "Good as Gold", "evs": {"hp": 85, "atk": 0, "def": 85, "spa": 85, "spd": 85, "spe": 85}, "ivs": {"hp": 31, "atk": 0, "def": 31, "spa": 31, "spd": 31, "spe": 31}, "item": "Leftovers", "teraType": "Steel", "role": "Bulky Support", "bvs": {"hp": 87, "atk": 60, "def": 95, "spa": 133, "spd": 91, "spe": 84}, "stats": {"hp": 261, "atk": 97, "def": 191, "spa": 249, "spd": 185, "spe": 174}, "types": ["Steel", "Ghost"]}, "Lokix": {"name": "Lokix", "species": "Lokix", "speciesId": "lokix", "gender": "M", "shiny": false, "level": 82, "moves": ["knockoff", "leechlife", "suckerpunch", "firstimpression"], "ability": "Tinted Lens", "evs": {"hp": 85, "atk": 85, "def": 85, "spa": 85, "spd": 85, "spe": 85}, "ivs": {"hp": 31, "atk": 31, "def": 31, "spa": 31, "spd": 31, "spe": 31}, "item": "Life Orb", "teraType": "Bug", "role": "Wallbreaker", "bvs": {"hp": 71, "atk": 102, "def": 78, "spa": 52, "spd": 55, "spe": 92}, "stats": {"hp": 251, "atk": 214, "def": 175, "spa": 132, "spd": 137, "spe": 198}, "types": ["Bug", "Dark"]}, "Swalot": {"name": "Swalot", "species": "Swalot", "speciesId": "swalot", "gender": "F", "shiny": false, "level": 90, "moves": ["swordsdance", "knockoff", "gunkshot", "earthquake"], "ability": "Liquid Ooze", "evs": {"hp": 85, "atk": 85, "def": 85, "spa": 85, "spd": 85, "spe": 85}, "ivs": {"hp": 31, "atk": 31, "def": 31, "spa": 31, "spd": 31, "spe": 31}, "item": "Leftovers", "teraType": "Dark", "role": "Bulky Setup", "bvs": {"hp": 100, "atk": 73, "def": 83, "spa": 73, "spd": 83, "spe": 55}, "stats": {"hp": 326, "atk": 183, "def": 201, "spa": 183, "spd": 201, "spe": 150}, "types": ["Poison"]}}]}