{"id": "gen9randombattle-2641472903", "format": "[Gen 9] Random Battle", "players": ["Kmaron_pistola", "Victory Victreebel"], "log": "|j|\u2606Kmaron_pistola\n|j|\u2606Victory Victreebel\n|t:|1782790226\n|gametype|singles\n|player|p1|Kmaron_pistola|benga|1570\n|player|p2|Victory Victreebel|bugcatcher-gen4dp|1603\n|gen|9\n|tier|[Gen 9] Random Battle\n|rated|\n|rule|Species Clause: Limit one of each Pok\u00e9mon\n|rule|HP Percentage Mod: HP is shown in percentages\n|rule|Sleep Clause Mod: Limit one foe put to sleep\n|rule|Illusion Level Mod: Illusion disguises the Pok\u00e9mon's true level\n|\n|t:|1782790226\n|teamsize|p1|6\n|teamsize|p2|6\n|start\n|switch|p1a: Dunsparce|Dunsparce, L86, M|312/312\n|switch|p2a: Arceus|Arceus-Psychic, L69|280/280\n|turn|1\n|inactive|Battle timer is ON: inactive players will automatically lose when time's up. (requested by Kmaron_pistola)\n|\n|t:|1782790233\n|switch|p2a: Gastrodon|Gastrodon, L86, F|331/331\n|move|p1a: Dunsparce|Body Slam|p2a: Gastrodon\n|-damage|p2a: Gastrodon|238/331\n|-status|p2a: Gastrodon|par\n|\n|-heal|p2a: Gastrodon|258/331 par|[from] item: Leftovers\n|upkeep\n|turn|2\n|\n|t:|1782790247\n|switch|p1a: Skuntank|Skuntank, L84, F|310/310\n|move|p2a: Gastrodon|Stealth Rock|p1a: Skuntank\n|-sidestart|p1: Kmaron_pistola|move: Stealth Rock\n|\n|-heal|p2a: Gastrodon|278/331 par|[from] item: Leftovers\n|upkeep\n|turn|3\n|\n|t:|1782790251\n|move|p1a: Skuntank|Knock Off|p2a: Gastrodon\n|-damage|p2a: Gastrodon|169/331 par\n|-enditem|p2a: Gastrodon|Leftovers|[from] move: Knock Off|[of] p1a: Skuntank\n|move|p2a: Gastrodon|Earthquake|p1a: Skuntank\n|-supereffective|p1a: Skuntank\n|-damage|p1a: Skuntank|74/310\n|\n|upkeep\n|turn|4\n|\n|t:|1782790258\n|switch|p1a: Tatsugiri|Tatsugiri, L87, M|260/260\n|move|p2a: Gastrodon|Surf|p1a: Tatsugiri\n|-ability|p1a: Tatsugiri|Storm Drain|boost\n|-boost|p1a: Tatsugiri|spa|1\n|\n|upkeep\n|turn|5\n|\n|t:|1782790264\n|move|p1a: Tatsugiri|Rapid Spin|p2a: Gastrodon\n|-damage|p2a: Gastrodon|139/331 par\n|-boost|p1a: Tatsugiri|spe|1\n|-sideend|p1: Kmaron_pistola|Stealth Rock|[from] move: Rapid Spin|[of] p1a: Tatsugiri\n|move|p2a: Gastrodon|Earthquake|p1a: Tatsugiri\n|-damage|p1a: Tatsugiri|143/260\n|\n|upkeep\n|turn|6\n|\n|t:|1782790270\n|move|p1a: Tatsugiri|Nasty Plot|p1a: Tatsugiri\n|-boost|p1a: Tatsugiri|spa|2\n|move|p2a: Gastrodon|Earthquake|p1a: Tatsugiri\n|-damage|p1a: Tatsugiri|26/260\n|\n|upkeep\n|turn|7\n|\n|t:|1782790273\n|move|p1a: Tatsugiri|Draco Meteor|p2a: Gastrodon\n|-damage|p2a: Gastrodon|0 fnt\n|-unboost|p1a: Tatsugiri|spa|2\n|faint|p2a: Gastrodon\n|\n|upkeep\n|\n|t:|1782790275\n|switch|p2a: Breloom|Breloom, L83, M|235/235\n|turn|8\n|\n|t:|1782790280\n|switch|p1a: Chandelure|Chandelure, L83, F|235/235\n|move|p2a: Breloom|Mach Punch|p1a: Chandelure\n|-immune|p1a: Chandelure\n|\n|upkeep\n|turn|9\n|\n|t:|1782790284\n|switch|p2a: Golem|Golem-Alola, L93, M|300/300\n|move|p1a: Chandelure|Flame Charge|p2a: Golem\n|-resisted|p2a: Golem\n|-damage|p2a: Golem|288/300\n|-boost|p1a: Chandelure|spe|1\n|\n|upkeep\n|turn|10\n|\n|t:|1782790300\n|move|p1a: Chandelure|Shadow Ball|p2a: Golem\n|-damage|p2a: Golem|164/300\n|move|p2a: Golem|Earthquake|p1a: Chandelure\n|-supereffective|p1a: Chandelure\n|-damage|p1a: Chandelure|0 fnt\n|faint|p1a: Chandelure\n|-damage|p2a: Golem|134/300|[from] item: Life Orb\n|\n|upkeep\n|\n|t:|1782790307\n|switch|p1a: Tatsugiri|Tatsugiri, L87, M|26/260\n|turn|11\n|\n|t:|1782790327\n|switch|p2a: Breloom|Breloom, L83, M|235/235\n|move|p1a: Tatsugiri|Draco Meteor|p2a: Breloom\n|-damage|p2a: Breloom|12/235\n|-unboost|p1a: Tatsugiri|spa|2\n|\n|upkeep\n|turn|12\n|\n|t:|1782790332\n|move|p2a: Breloom|Mach Punch|p1a: Tatsugiri\n|-damage|p1a: Tatsugiri|0 fnt\n|faint|p1a: Tatsugiri\n|-damage|p2a: Breloom|0 fnt|[from] item: Life Orb\n|faint|p2a: Breloom\n|\n|upkeep\n|\n|t:|1782790336\n|switch|p1a: Skuntank|Skuntank, L84, F|74/310\n|switch|p2a: Golem|Golem-Alola, L93, M|134/300\n|turn|13\n|\n|t:|1782790340\n|move|p1a: Skuntank|Knock Off|p2a: Golem\n|-damage|p2a: Golem|68/300\n|-enditem|p2a: Golem|Life Orb|[from] move: Knock Off|[of] p1a: Skuntank\n|move|p2a: Golem|Earthquake|p1a: Skuntank\n|-supereffective|p1a: Skuntank\n|-damage|p1a: Skuntank|0 fnt\n|faint|p1a: Skuntank\n|\n|upkeep\n|\n|t:|1782790351\n|switch|p1a: Mandibuzz|Mandibuzz, L85, F|326/326\n|turn|14\n|\n|t:|1782790354\n|move|p1a: Mandibuzz|Foul Play|p2a: Golem\n|-damage|p2a: Golem|0 fnt\n|faint|p2a: Golem\n|\n|upkeep\n|\n|t:|1782790360\n|switch|p2a: Kingambit|Kingambit, L74, F|270/270\n|-activate|p2a: Kingambit|ability: Supreme Overlord\n|-start|p2a: Kingambit|fallen3|[silent]\n|turn|15\n|\n|t:|1782790365\n|switch|p1a: Entei|Entei, L78|307/307\n|move|p2a: Kingambit|Swords Dance|p2a: Kingambit\n|-boost|p2a: Kingambit|atk|2\n|\n|upkeep\n|turn|16\n|\n|t:|1782790370\n|-end|p2a: Kingambit|fallen3|[silent]\n|switch|p2a: Medicham|Medicham, L86, F|243/243\n|move|p1a: Entei|Sacred Fire|p2a: Medicham\n|-damage|p2a: Medicham|57/243\n|-status|p2a: Medicham|brn\n|\n|-damage|p2a: Medicham|42/243 brn|[from] brn\n|upkeep\n|turn|17\n|\n|t:|1782790374\n|switch|p1a: Mandibuzz|Mandibuzz, L85, F|326/326\n|move|p2a: Medicham|Trick|p1a: Mandibuzz\n|-activate|p2a: Medicham|move: Trick|[of] p1a: Mandibuzz\n|-item|p1a: Mandibuzz|Choice Band|[from] move: Trick\n|-item|p2a: Medicham|Heavy-Duty Boots|[from] move: Trick\n|\n|-damage|p2a: Medicham|27/243 brn|[from] brn\n|upkeep\n|turn|18\n|\n|t:|1782790379\n|move|p2a: Medicham|Close Combat|p1a: Mandibuzz\n|-damage|p1a: Mandibuzz|243/326\n|-unboost|p2a: Medicham|def|1\n|-unboost|p2a: Medicham|spd|1\n|move|p1a: Mandibuzz|Foul Play|p2a: Medicham\n|-damage|p2a: Medicham|0 fnt\n|faint|p2a: Medicham\n|\n|upkeep\n|\n|t:|1782790393\n|switch|p2a: Kingambit|Kingambit, L74, F|270/270\n|-activate|p2a: Kingambit|ability: Supreme Overlord\n|-start|p2a: Kingambit|fallen4|[silent]\n|turn|19\n|\n|t:|1782790398\n|move|p1a: Mandibuzz|Foul Play|p2a: Kingambit\n|-resisted|p2a: Kingambit\n|-damage|p2a: Kingambit|196/270\n|move|p2a: Kingambit|Kowtow Cleave|p1a: Mandibuzz\n|-resisted|p1a: Mandibuzz\n|-damage|p1a: Mandibuzz|186/326\n|\n|-heal|p2a: Kingambit|212/270|[from] item: Leftovers\n|upkeep\n|turn|20\n|\n|t:|1782790402\n|move|p1a: Mandibuzz|Foul Play|p2a: Kingambit\n|-resisted|p2a: Kingambit\n|-damage|p2a: Kingambit|132/270\n|move|p2a: Kingambit|Iron Head|p1a: Mandibuzz\n|-damage|p1a: Mandibuzz|84/326\n|\n|-heal|p2a: Kingambit|148/270|[from] item: Leftovers\n|upkeep\n|turn|21\n|\n|t:|1782790406\n|move|p2a: Kingambit|Sucker Punch|p1a: Mandibuzz\n|-resisted|p1a: Mandibuzz\n|-damage|p1a: Mandibuzz|39/326\n|move|p1a: Mandibuzz|Foul Play|p2a: Kingambit\n|-resisted|p2a: Kingambit\n|-damage|p2a: Kingambit|68/270\n|\n|-heal|p2a: Kingambit|84/270|[from] item: Leftovers\n|upkeep\n|turn|22\n|\n|t:|1782790409\n|move|p2a: Kingambit|Sucker Punch|p1a: Mandibuzz\n|-resisted|p1a: Mandibuzz\n|-damage|p1a: Mandibuzz|0 fnt\n|faint|p1a: Mandibuzz\n|\n|-heal|p2a: Kingambit|100/270|[from] item: Leftovers\n|upkeep\n|\n|t:|1782790412\n|switch|p1a: Entei|Entei, L78|307/307\n|turn|23\n|\n|t:|1782790414\n|move|p2a: Kingambit|Sucker Punch|p1a: Entei\n|-damage|p1a: Entei|181/307\n|move|p1a: Entei|Sacred Fire|p2a: Kingambit\n|-supereffective|p2a: Kingambit\n|-damage|p2a: Kingambit|0 fnt\n|faint|p2a: Kingambit\n|-end|p2a: Kingambit|fallen4|[silent]\n|\n|upkeep\n|\n|t:|1782790417\n|switch|p2a: Arceus|Arceus-Psychic, L69|280/280\n|turn|24\n|\n|t:|1782790420\n|move|p2a: Arceus|Cosmic Power|p2a: Arceus\n|-boost|p2a: Arceus|def|1\n|-boost|p2a: Arceus|spd|1\n|move|p1a: Entei|Sacred Fire|p2a: Arceus\n|-damage|p2a: Arceus|180/280\n|\n|upkeep\n|turn|25\n|\n|t:|1782790425\n|move|p2a: Arceus|Cosmic Power|p2a: Arceus\n|-boost|p2a: Arceus|def|1\n|-boost|p2a: Arceus|spd|1\n|move|p1a: Entei|Sacred Fire|p2a: Arceus\n|-damage|p2a: Arceus|107/280\n|-status|p2a: Arceus|brn\n|\n|-damage|p2a: Arceus|90/280 brn|[from] brn\n|upkeep\n|turn|26\n|\n|t:|1782790434\n|move|p2a: Arceus|Recover|p2a: Arceus\n|-heal|p2a: Arceus|230/280 brn\n|move|p1a: Entei|Sacred Fire|p2a: Arceus\n|-crit|p2a: Arceus\n|-damage|p2a: Arceus|7/280 brn\n|\n|-damage|p2a: Arceus|0 fnt|[from] brn\n|faint|p2a: Arceus\n|\n|win|Kmaron_pistola\n|raw|Kmaron_pistola's rating: 1570 &rarr; <strong>1592</strong><br />(+22 for winning)\n|raw|Victory Victreebel's rating: 1603 &rarr; <strong>1581</strong><br />(-22 for losing)\n", "inputlog": ">version f8ac14003a5f27e1bdc8d8c59608a773c1cb96e5\n>start {\"formatid\":\"gen9randombattle\",\"seed\":\"sodium,37f3e8db663ab0c44f8d666a739035b2\",\"rated\":\"Rated battle\"}\n>player p1 {\"name\":\"Kmaron_pistola\",\"avatar\":\"benga\",\"rating\":1570,\"seed\":\"sodium,3f847b778b4c35da27969f3691681946\"}\n>player p2 {\"name\":\"Victory Victreebel\",\"avatar\":\"bugcatcher-gen4dp\",\"rating\":1603,\"seed\":\"sodium,7be9183600f2653d7413750537c12b95\"}\n>p1 move bodyslam\n>p2 switch 3\n>p1 switch 6\n>p2 move stealthrock\n>p1 move knockoff\n>p2 move earthquake\n>p1 switch 5\n>p2 move surf\n>p1 move rapidspin\n>p2 move earthquake\n>p1 move nastyplot\n>p2 move earthquake\n>p1 move dracometeor\n>p2 move earthquake\n>p2 switch 6\n>p1 switch 2\n>p2 move machpunch\n>p1 move flamecharge\n>p2 switch 2\n>p1 move shadowball\n>p2 move earthquake\n>p1 switch 2\n>p1 move dracometeor\n>p2 switch 2\n>p1 move rapidspin\n>p2 move machpunch\n>p1 switch 5\n>p2 switch 2\n>p1 move knockoff\n>p2 move earthquake\n>p1 switch 4\n>p1 move foulplay\n>p2 move doubleedge\n>p2 switch 4\n>p1 switch 3\n>p2 move swordsdance\n>p1 move sacredfire\n>p2 switch 5\n>p1 switch 3\n>p2 move trick\n>p1 move foulplay\n>p2 move closecombat\n>p2 switch 5\n>p1 move foulplay\n>p2 move kowtowcleave\n>p1 move foulplay\n>p2 move ironhead\n>p1 move foulplay\n>p2 move suckerpunch\n>p1 move foulplay\n>p2 move suckerpunch\n>p1 switch 3\n>p1 move sacredfire\n>p2 move suckerpunch\n>p2 switch 3\n>p1 move sacredfire\n>p2 move cosmicpower\n>p1 move sacredfire\n>p2 move cosmicpower\n>p1 move sacredfire\n>p2 move recover", "uploadtime": 1782790439, "views": 2, "formatid": "gen9randombattle", "rating": 1581, "private": 0, "password": null, "player_dets": [{"name": "Kmaron_pistola", "avatar": "benga", "rating": 1570, "seed": "sodium,3f847b778b4c35da27969f3691681946"}, {"name": "Victory Victreebel", "avatar": "bugcatcher-gen4dp", "rating": 1603, "seed": "sodium,7be9183600f2653d7413750537c12b95"}], "teams_full": [{"Dunsparce": {"name": "Dunsparce", "species": "Dunsparce", "speciesId": "dunsparce", "gender": "M", "shiny": false, "level": 86, "moves": ["roost", "earthquake", "coil", "bodyslam"], "ability": "Serene Grace", "evs": {"hp": 85, "atk": 85, "def": 85, "spa": 85, "spd": 85, "spe": 85}, "ivs": {"hp": 31, "atk": 31, "def": 31, "spa": 31, "spd": 31, "spe": 31}, "item": "Eviolite", "teraType": "Ghost", "role": "Bulky Setup", "bvs": {"hp": 100, "atk": 70, "def": 70, "spa": 65, "spd": 65, "spe": 45}, "stats": {"hp": 312, "atk": 170, "def": 170, "spa": 161, "spd": 161, "spe": 127}, "types": ["Normal"]}, "Chandelure": {"name": "Chandelure", "species": "Chandelure", "speciesId": "chandelure", "gender": "F", "shiny": false, "level": 83, "moves": ["flamecharge", "shadowball", "calmmind", "fireblast"], "ability": "Flame Body", "evs": {"hp": 85, "atk": 85, "def": 85, "spa": 85, "spd": 85, "spe": 85}, "ivs": {"hp": 31, "atk": 31, "def": 31, "spa": 31, "spd": 31, "spe": 31}, "item": "Heavy-Duty Boots", "teraType": "Fire", "role": "Fast Bulky Setup", "bvs": {"hp": 60, "atk": 55, "def": 90, "spa": 145, "spd": 90, "spe": 80}, "stats": {"hp": 235, "atk": 139, "def": 197, "spa": 288, "spd": 197, "spe": 180}, "types": ["Ghost", "Fire"]}, "Entei": {"name": "Entei", "species": "Entei", "speciesId": "entei", "gender": "N", "shiny": false, "level": 78, "moves": ["flareblitz", "sacredfire", "extremespeed", "stoneedge"], "ability": "Inner Focus", "evs": {"hp": 85, "atk": 85, "def": 85, "spa": 85, "spd": 85, "spe": 85}, "ivs": {"hp": 31, "atk": 31, "def": 31, "spa": 31, "spd": 31, "spe": 31}, "item": "Choice Band", "teraType": "Normal", "role": "Fast Attacker", "bvs": {"hp": 115, "atk": 115, "def": 85, "spa": 90, "spd": 75, "spe": 100}, "stats": {"hp": 307, "atk": 224, "def": 178, "spa": 185, "spd": 162, "spe": 201}, "types": ["Fire"]}, "Mandibuzz": {"name": "Mandibuzz", "species": "Mandibuzz", "speciesId": "mandibuzz", "gender": "F", "shiny": false, "level": 85, "moves": ["foulplay", "bravebird", "roost", "defog"], "ability": "Overcoat", "evs": {"hp": 85, "atk": 85, "def": 85, "spa": 85, "spd": 85, "spe": 85}, "ivs": {"hp": 31, "atk": 31, "def": 31, "spa": 31, "spd": 31, "spe": 31}, "item": "Heavy-Duty Boots", "teraType": "Steel", "role": "Bulky Attacker", "bvs": {"hp": 110, "atk": 65, "def": 105, "spa": 55, "spd": 95, "spe": 80}, "stats": {"hp": 326, "atk": 159, "def": 227, "spa": 142, "spd": 210, "spe": 185}, "types": ["Dark", "Flying"]}, "Tatsugiri": {"name": "Tatsugiri", "species": "Tatsugiri", "speciesId": "tatsugiri", "gender": "M", "shiny": false, "level": 87, "moves": ["dracometeor", "rapidspin", "hydropump", "nastyplot"], "ability": "Storm Drain", "evs": {"hp": 85, "atk": 85, "def": 85, "spa": 85, "spd": 85, "spe": 85}, "ivs": {"hp": 31, "atk": 31, "def": 31, "spa": 31, "spd": 31, "spe": 31}, "item": "Heavy-Duty Boots", "teraType": "Steel", "role": "Fast Support", "bvs": {"hp": 68, "atk": 50, "def": 60, "spa": 120, "spd": 95, "spe": 82}, "stats": {"hp": 260, "atk": 137, "def": 154, "spa": 259, "spd": 215, "spe": 192}, "types": ["Dragon", "Water"]}, "Skuntank": {"name": "Skuntank", "species": "Skuntank", "speciesId": "skuntank", "gender": "F", "shiny": false, "level": 84, "moves": ["knockoff", "gunkshot", "suckerpunch", "fireblast"], "ability": "Aftermath", "evs": {"hp": 85, "atk": 85, "def": 85, "spa": 85, "spd": 85, "spe": 85}, "ivs": {"hp": 31, "atk": 31, "def": 31, "spa": 31, "spd": 31, "spe": 31}, "item": "Assault Vest", "teraType": "Poison", "role": "Fast Support", "bvs": {"hp": 103, "atk": 93, "def": 67, "spa": 71, "spd": 61, "spe": 84}, "stats": {"hp": 310, "atk": 204, "def": 161, "spa": 167, "spd": 151, "spe": 189}, "types": ["Poison", "Dark"]}}, {"Arceus": {"name": "Arceus", "species": "Arceus-Psychic", "speciesId": "arceuspsychic", "gender": "N", "shiny": false, "level": 69, "moves": ["recover", "bodypress", "storedpower", "cosmicpower"], "ability": "Multitype", "evs": {"hp": 85, "atk": 0, "def": 85, "spa": 85, "spd": 85, "spe": 85}, "ivs": {"hp": 31, "atk": 0, "def": 31, "spa": 31, "spd": 31, "spe": 31}, "item": "Mind Plate", "teraType": "Steel", "role": "Bulky Setup", "bvs": {"hp": 120, "atk": 120, "def": 120, "spa": 120, "spd": 120, "spe": 120}, "stats": {"hp": 280, "atk": 170, "def": 206, "spa": 206, "spd": 206, "spe": 206}, "types": ["Psychic"]}, "Golem": {"name": "Golem", "species": "Golem-Alola", "speciesId": "golemalola", "gender": "M", "shiny": false, "level": 93, "moves": ["earthquake", "rockpolish", "doubleedge", "stoneedge"], "ability": "Galvanize", "evs": {"hp": 85, "atk": 85, "def": 85, "spa": 85, "spd": 85, "spe": 85}, "ivs": {"hp": 31, "atk": 31, "def": 31, "spa": 31, "spd": 31, "spe": 31}, "item": "Life Orb", "teraType": "Flying", "role": "Setup Sweeper", "bvs": {"hp": 80, "atk": 120, "def": 130, "spa": 55, "spd": 65, "spe": 45}, "stats": {"hp": 300, "atk": 276, "def": 295, "spa": 155, "spd": 174, "spe": 137}, "types": ["Rock", "Electric"]}, "Gastrodon": {"name": "Gastrodon", "species": "Gastrodon", "speciesId": "gastrodon", "gender": "F", "shiny": false, "level": 86, "moves": ["earthquake", "recover", "surf", "stealthrock"], "ability": "Storm Drain", "evs": {"hp": 85, "atk": 85, "def": 85, "spa": 85, "spd": 85, "spe": 85}, "ivs": {"hp": 31, "atk": 31, "def": 31, "spa": 31, "spd": 31, "spe": 31}, "item": "Leftovers", "teraType": "Poison", "role": "Bulky Support", "bvs": {"hp": 111, "atk": 83, "def": 68, "spa": 92, "spd": 82, "spe": 39}, "stats": {"hp": 331, "atk": 192, "def": 166, "spa": 207, "spd": 190, "spe": 116}, "types": ["Water", "Ground"]}, "Kingambit": {"name": "Kingambit", "species": "Kingambit", "speciesId": "kingambit", "gender": "F", "shiny": false, "level": 74, "moves": ["kowtowcleave", "ironhead", "suckerpunch", "swordsdance"], "ability": "Supreme Overlord", "evs": {"hp": 85, "atk": 85, "def": 85, "spa": 85, "spd": 85, "spe": 85}, "ivs": {"hp": 31, "atk": 31, "def": 31, "spa": 31, "spd": 31, "spe": 31}, "item": "Leftovers", "teraType": "Flying", "role": "Bulky Attacker", "bvs": {"hp": 100, "atk": 135, "def": 120, "spa": 60, "spd": 85, "spe": 50}, "stats": {"hp": 270, "atk": 243, "def": 221, "spa": 132, "spd": 169, "spe": 117}, "types": ["Dark", "Steel"]}, "Medicham": {"name": "Medicham", "species": "Medicham", "speciesId": "medicham", "gender": "F", "shiny": false, "level": 86, "moves": ["trick", "closecombat", "zenheadbutt", "bulletpunch"], "ability": "Pure Power", "evs": {"hp": 85, "atk": 85, "def": 85, "spa": 85, "spd": 85, "spe": 85}, "ivs": {"hp": 31, "atk": 31, "def": 31, "spa": 31, "spd": 31, "spe": 31}, "item": "Choice Band", "teraType": "Fighting", "role": "Fast Attacker", "bvs": {"hp": 60, "atk": 60, "def": 75, "spa": 60, "spd": 75, "spe": 80}, "stats": {"hp": 243, "atk": 152, "def": 178, "spa": 152, "spd": 178, "spe": 187}, "types": ["Fighting", "Psychic"]}, "Breloom": {"name": "Breloom", "species": "Breloom", "speciesId": "breloom", "gender": "M", "shiny": false, "level": 83, "moves": ["bulletseed", "rocktomb", "machpunch", "spore"], "ability": "Technician", "evs": {"hp": 85, "atk": 85, "def": 85, "spa": 85, "spd": 85, "spe": 85}, "ivs": {"hp": 31, "atk": 31, "def": 31, "spa": 31, "spd": 31, "spe": 31}, "item": "Life Orb", "teraType": "Fighting", "role": "Fast Attacker", "bvs": {"hp": 60, "atk": 130, "def": 80, "spa": 60, "spd": 60, "spe": 70}, "stats": {"hp": 235, "atk": 263, "def": 180, "spa": 147, "spd": 147, "spe": 164}, "types": ["Grass", "Fighting"]}}]}