{"id": "gen9randombattle-2641498926", "format": "[Gen 9] Random Battle", "players": ["gholdengoballs", "LizarDune"], "log": "|badge|p2|bronze|gen9randombattle|100-9\n|html|<div class=\"broadcast-red\"><strong>This battle is required to be public due to one or more player having a season medal.</strong><br />During the public phase, you can discuss the state of the ladder <a href=\"/seasondiscussion\">in a special chatroom.</a></div>\n|uhtml|medal-msg|<div class=\"broadcast-blue\">Curious what those medals under the avatar are? PS now has Ladder Seasons! For more information, check out the <a href=\"https://www.smogon.com/forums/threads/3740067/\">thread on Smogon.</a></div>\n|j|\u203dgholdengoballs\n|j|\u2606LizarDune\n|t:|1782795075\n|gametype|singles\n|player|p1|gholdengoballs|169|2264\n|player|p2|LizarDune|musician|2250\n|gen|9\n|tier|[Gen 9] Random Battle\n|rated|\n|rule|Species Clause: Limit one of each Pok\u00e9mon\n|rule|HP Percentage Mod: HP is shown in percentages\n|rule|Sleep Clause Mod: Limit one foe put to sleep\n|rule|Illusion Level Mod: Illusion disguises the Pok\u00e9mon's true level\n|\n|t:|1782795075\n|teamsize|p1|6\n|teamsize|p2|6\n|start\n|switch|p1a: Phione|Phione, L91|293/293\n|switch|p2a: Girafarig|Girafarig, L89, M|269/269\n|turn|1\n|inactive|Battle timer is ON: inactive players will automatically lose when time's up. (requested by LizarDune)\n|inactive|gholdengoballs also wants the timer to be on.\n|\n|t:|1782795105\n|switch|p2a: Cacturne|Cacturne, L92, F|278/278\n|switch|p1a: Furret|Furret, L94, F|312/312\n|-item|p2a: Cacturne|Life Orb|[from] ability: Frisk|[of] p1a: Furret\n|\n|upkeep\n|turn|2\n|\n|t:|1782795110\n|switch|p2a: Bellibolt|Bellibolt, L84, F|320/320\n|move|p1a: Furret|Tidy Up|p1a: Furret\n|-boost|p1a: Furret|atk|1\n|-boost|p1a: Furret|spe|1\n|\n|upkeep\n|turn|3\n|\n|t:|1782795131\n|move|p1a: Furret|Tidy Up|p1a: Furret\n|-boost|p1a: Furret|atk|1\n|-boost|p1a: Furret|spe|1\n|move|p2a: Bellibolt|Thunderbolt|p1a: Furret\n|-damage|p1a: Furret|182/312\n|\n|upkeep\n|turn|4\n|\n|t:|1782795137\n|move|p1a: Furret|Double-Edge|p2a: Bellibolt\n|-damage|p2a: Bellibolt|0 fnt\n|faint|p2a: Bellibolt\n|-damage|p1a: Furret|76/312|[from] Recoil\n|-damage|p1a: Furret|45/312|[from] item: Life Orb\n|\n|upkeep\n|j| MarvsterBitch\n|\n|t:|1782795143\n|switch|p2a: Cacturne|Cacturne, L92, F|278/278\n|turn|5\n|\n|t:|1782795146\n|move|p2a: Cacturne|Sucker Punch||[still]\n|-fail|p2a: Cacturne\n|move|p1a: Furret|Tidy Up|p1a: Furret\n|-boost|p1a: Furret|atk|1\n|-boost|p1a: Furret|spe|1\n|\n|upkeep\n|turn|6\n|\n|t:|1782795149\n|move|p2a: Cacturne|Sucker Punch||[still]\n|-fail|p2a: Cacturne\n|move|p1a: Furret|Tidy Up|p1a: Furret\n|-boost|p1a: Furret|atk|1\n|-boost|p1a: Furret|spe|1\n|\n|upkeep\n|turn|7\n|\n|t:|1782795151\n|move|p1a: Furret|Tidy Up|p1a: Furret\n|-boost|p1a: Furret|atk|1\n|-boost|p1a: Furret|spe|1\n|move|p2a: Cacturne|Seed Bomb|p1a: Furret\n|-damage|p1a: Furret|0 fnt\n|faint|p1a: Furret\n|-damage|p2a: Cacturne|251/278|[from] item: Life Orb\n|\n|upkeep\n|inactive|gholdengoballs has 120 seconds left.\n|\n|t:|1782795189\n|switch|p1a: Revavroom|Revavroom, L79, F|256/256\n|turn|8\n|\n|t:|1782795206\n|move|p1a: Revavroom|Gunk Shot|p2a: Cacturne\n|-supereffective|p2a: Cacturne\n|-damage|p2a: Cacturne|0 fnt\n|faint|p2a: Cacturne\n|-damage|p1a: Revavroom|231/256|[from] item: Life Orb\n|\n|upkeep\n|\n|t:|1782795213\n|switch|p2a: Girafarig|Girafarig, L89, M|269/269\n|turn|9\n|\n|t:|1782795223\n|move|p2a: Girafarig|Nasty Plot|p2a: Girafarig\n|-boost|p2a: Girafarig|spa|2\n|move|p1a: Revavroom|Shift Gear|p1a: Revavroom\n|-boost|p1a: Revavroom|spe|2\n|-boost|p1a: Revavroom|atk|1\n|\n|upkeep\n|turn|10\n|\n|t:|1782795226\n|move|p1a: Revavroom|Iron Head|p2a: Girafarig\n|-damage|p2a: Girafarig|129/269\n|-damage|p1a: Revavroom|206/256|[from] item: Life Orb\n|move|p2a: Girafarig|Psychic|p1a: Revavroom\n|-damage|p1a: Revavroom|0 fnt\n|faint|p1a: Revavroom\n|\n|upkeep\n|\n|t:|1782795254\n|switch|p1a: Copperajah|Copperajah, L86, M|350/350\n|turn|11\n|\n|t:|1782795261\n|move|p2a: Girafarig|Thunderbolt|p1a: Copperajah\n|-damage|p1a: Copperajah|190/350\n|move|p1a: Copperajah|Iron Head|p2a: Girafarig\n|-damage|p2a: Girafarig|0 fnt\n|faint|p2a: Girafarig\n|\n|upkeep\n|\n|t:|1782795272\n|switch|p2a: Hoopa|Hoopa, L85|275/275\n|turn|12\n|\n|t:|1782795276\n|move|p2a: Hoopa|Focus Blast|p1a: Copperajah\n|-supereffective|p1a: Copperajah\n|-damage|p1a: Copperajah|0 fnt\n|faint|p1a: Copperajah\n|-damage|p2a: Hoopa|248/275|[from] item: Life Orb\n|\n|upkeep\n|\n|t:|1782795293\n|switch|p1a: Phione|Phione, L91|293/293\n|turn|13\n|\n|t:|1782795300\n|move|p1a: Phione|Take Heart|p1a: Phione\n|-boost|p1a: Phione|spa|1\n|-boost|p1a: Phione|spd|1\n|move|p2a: Hoopa|Nasty Plot|p2a: Hoopa\n|-boost|p2a: Hoopa|spa|2\n|\n|upkeep\n|turn|14\n|\n|t:|1782795307\n|move|p1a: Phione|Scald|p2a: Hoopa\n|-damage|p2a: Hoopa|154/275\n|move|p2a: Hoopa|Psyshock|p1a: Phione\n|-damage|p1a: Phione|0 fnt\n|faint|p1a: Phione\n|-damage|p2a: Hoopa|127/275|[from] item: Life Orb\n|\n|upkeep\n|\n|t:|1782795315\n|switch|p1a: Kyurem|Kyurem-Black, L71|295/295\n|-ability|p1a: Kyurem|Teravolt\n|turn|15\n|\n|t:|1782795320\n|move|p1a: Kyurem|Icicle Spear|p2a: Hoopa\n|-damage|p2a: Hoopa|84/275\n|-damage|p2a: Hoopa|45/275\n|-damage|p2a: Hoopa|8/275\n|-damage|p2a: Hoopa|0 fnt\n|faint|p2a: Hoopa\n|-hitcount|p2: Hoopa|4\n|\n|upkeep\n|\n|t:|1782795334\n|switch|p2a: Tatsugiri|Tatsugiri, L87, M|260/260\n|turn|16\n|\n|t:|1782795348\n|switch|p1a: Slowbro|Slowbro-Galar, L87, M|307/307\n|move|p2a: Tatsugiri|Nasty Plot|p2a: Tatsugiri\n|-boost|p2a: Tatsugiri|spa|2\n|\n|upkeep\n|turn|17\n|\n|t:|1782795357\n|move|p2a: Tatsugiri|Hydro Pump|p1a: Slowbro\n|-damage|p1a: Slowbro|103/307\n|move|p1a: Slowbro|Shell Side Arm|p2a: Tatsugiri|[anim] Shell Side Arm Physical\n|-damage|p2a: Tatsugiri|137/260\n|-hint|Physical Shell Side Arm\n|\n|upkeep\n|turn|18\n|\n|t:|1782795364\n|move|p2a: Tatsugiri|Hydro Pump|p1a: Slowbro\n|-damage|p1a: Slowbro|0 fnt\n|faint|p1a: Slowbro\n|\n|upkeep\n|\n|t:|1782795366\n|switch|p1a: Kyurem|Kyurem-Black, L71|295/295\n|-ability|p1a: Kyurem|Teravolt\n|turn|19\n|\n|t:|1782795369\n|-terastallize|p1a: Kyurem|Electric\n|move|p2a: Tatsugiri|Draco Meteor|p1a: Kyurem\n|-damage|p1a: Kyurem|0 fnt\n|-unboost|p2a: Tatsugiri|spa|2\n|faint|p1a: Kyurem\n|\n|win|LizarDune\n", "inputlog": ">version f8ac14003a5f27e1bdc8d8c59608a773c1cb96e5\n>start {\"formatid\":\"gen9randombattle\",\"seed\":\"sodium,a2d40aba20e29ff3ea6aa2bfc30ad698\",\"rated\":\"Rated battle\"}\n>player p1 {\"name\":\"gholdengoballs\",\"avatar\":\"169\",\"rating\":2264,\"seed\":\"sodium,46a4e3741feaf821bcf4723a2b5490c6\"}\n>player p2 {\"name\":\"LizarDune\",\"avatar\":\"musician\",\"rating\":2250,\"seed\":\"sodium,a77480c8baa9c2f1cf3e4eff15f1a9ef\"}\n>p1 switch 6\n>p2 switch 3\n>p1 move tidyup\n>p2 switch 5\n>p1 move tidyup\n>p2 move thunderbolt\n>p1 move doubleedge\n>p2 move thunderbolt\n>p2 switch 5\n>p1 move tidyup\n>p2 move suckerpunch\n>p1 move tidyup\n>p2 move suckerpunch\n>p1 move tidyup\n>p2 move seedbomb\n>p1 switch 4\n>p1 move gunkshot\n>p2 move knockoff\n>p2 switch 3\n>p1 move shiftgear\n>p2 move nastyplot\n>p1 move ironhead\n>p2 move psychic\n>p1 switch 3\n>p1 move ironhead\n>p2 move thunderbolt\n>p2 switch 2\n>p1 move ironhead\n>p2 move focusblast\n>p1 switch 6\n>p1 move takeheart\n>p2 move nastyplot\n>p1 move scald\n>p2 move psyshock\n>p1 switch 5\n>p1 move iciclespear\n>p2 move psyshock\n>p2 switch 4\n>p1 switch 2\n>p2 move nastyplot\n>p1 move shellsidearm\n>p2 move hydropump\n>p1 move shellsidearm\n>p2 move hydropump\n>p1 switch 2\n>p1 move dragondance terastallize\n>p2 move dracometeor", "uploadtime": 1782795077, "views": 3, "formatid": "gen9randombattle", "rating": null, "private": 0, "password": null, "player_dets": [{"name": "gholdengoballs", "avatar": "169", "rating": 2264, "seed": "sodium,46a4e3741feaf821bcf4723a2b5490c6"}, {"name": "LizarDune", "avatar": "musician", "rating": 2250, "seed": "sodium,a77480c8baa9c2f1cf3e4eff15f1a9ef"}], "teams_full": [{"Phione": {"name": "Phione", "species": "Phione", "speciesId": "phione", "gender": "N", "shiny": false, "level": 91, "moves": ["takeheart", "scald", "rest", "sleeptalk"], "ability": "Hydration", "evs": {"hp": 85, "atk": 0, "def": 85, "spa": 85, "spd": 85, "spe": 85}, "ivs": {"hp": 31, "atk": 0, "def": 31, "spa": 31, "spd": 31, "spe": 31}, "item": "Leftovers", "teraType": "Steel", "role": "Bulky Setup", "bvs": {"hp": 80, "atk": 80, "def": 80, "spa": 80, "spd": 80, "spe": 80}, "stats": {"hp": 293, "atk": 150, "def": 197, "spa": 197, "spd": 197, "spe": 197}, "types": ["Water"]}, "Slowbro": {"name": "Slowbro", "species": "Slowbro-Galar", "speciesId": "slowbrogalar", "gender": "M", "shiny": false, "level": 87, "moves": ["shellsidearm", "psychic", "foulplay", "earthquake"], "ability": "Regenerator", "evs": {"hp": 85, "atk": 85, "def": 85, "spa": 85, "spd": 85, "spe": 85}, "ivs": {"hp": 31, "atk": 31, "def": 31, "spa": 31, "spd": 31, "spe": 31}, "item": "Assault Vest", "teraType": "Poison", "role": "AV Pivot", "bvs": {"hp": 95, "atk": 100, "def": 95, "spa": 100, "spd": 70, "spe": 30}, "stats": {"hp": 307, "atk": 224, "def": 215, "spa": 224, "spd": 172, "spe": 102}, "types": ["Poison", "Psychic"]}, "Copperajah": {"name": "Copperajah", "species": "Copperajah", "speciesId": "copperajah", "gender": "M", "shiny": false, "level": 86, "moves": ["earthquake", "stealthrock", "ironhead", "playrough"], "ability": "Sheer Force", "evs": {"hp": 85, "atk": 85, "def": 85, "spa": 85, "spd": 85, "spe": 85}, "ivs": {"hp": 31, "atk": 31, "def": 31, "spa": 31, "spd": 31, "spe": 31}, "item": "Life Orb", "teraType": "Fairy", "role": "Wallbreaker", "bvs": {"hp": 122, "atk": 130, "def": 69, "spa": 80, "spd": 69, "spe": 30}, "stats": {"hp": 350, "atk": 273, "def": 168, "spa": 187, "spd": 168, "spe": 101}, "types": ["Steel"]}, "Revavroom": {"name": "Revavroom", "species": "Revavroom", "speciesId": "revavroom", "gender": "F", "shiny": false, "level": 79, "moves": ["shiftgear", "gunkshot", "highhorsepower", "ironhead"], "ability": "Filter", "evs": {"hp": 85, "atk": 85, "def": 85, "spa": 85, "spd": 85, "spe": 85}, "ivs": {"hp": 31, "atk": 31, "def": 31, "spa": 31, "spd": 31, "spe": 31}, "item": "Life Orb", "teraType": "Ground", "role": "Fast Attacker", "bvs": {"hp": 80, "atk": 119, "def": 90, "spa": 54, "spd": 67, "spe": 90}, "stats": {"hp": 256, "atk": 234, "def": 188, "spa": 131, "spd": 151, "spe": 188}, "types": ["Steel", "Poison"]}, "Kyurem": {"name": "Kyurem", "species": "Kyurem-Black", "speciesId": "kyuremblack", "gender": "N", "shiny": false, "level": 71, "moves": ["fusionbolt", "dragondance", "scaleshot", "iciclespear"], "ability": "Teravolt", "evs": {"hp": 85, "atk": 85, "def": 85, "spa": 85, "spd": 85, "spe": 85}, "ivs": {"hp": 31, "atk": 31, "def": 31, "spa": 31, "spd": 31, "spe": 31}, "item": "Loaded Dice", "teraType": "Electric", "role": "Setup Sweeper", "bvs": {"hp": 125, "atk": 170, "def": 100, "spa": 120, "spd": 90, "spe": 95}, "stats": {"hp": 295, "atk": 283, "def": 183, "spa": 212, "spd": 169, "spe": 176}, "types": ["Dragon", "Ice"]}, "Furret": {"name": "Furret", "species": "Furret", "speciesId": "furret", "gender": "F", "shiny": false, "level": 94, "moves": ["tidyup", "knockoff", "doubleedge", "brickbreak"], "ability": "Frisk", "evs": {"hp": 85, "atk": 85, "def": 85, "spa": 85, "spd": 85, "spe": 85}, "ivs": {"hp": 31, "atk": 31, "def": 31, "spa": 31, "spd": 31, "spe": 31}, "item": "Life Orb", "teraType": "Normal", "role": "Setup Sweeper", "bvs": {"hp": 85, "atk": 76, "def": 64, "spa": 45, "spd": 55, "spe": 90}, "stats": {"hp": 312, "atk": 196, "def": 174, "spa": 138, "spd": 157, "spe": 223}, "types": ["Normal"]}}, {"Girafarig": {"name": "Girafarig", "species": "Girafarig", "speciesId": "girafarig", "gender": "M", "shiny": false, "level": 89, "moves": ["nastyplot", "thunderbolt", "dazzlinggleam", "psychic"], "ability": "Sap Sipper", "evs": {"hp": 85, "atk": 0, "def": 85, "spa": 85, "spd": 85, "spe": 85}, "ivs": {"hp": 31, "atk": 0, "def": 31, "spa": 31, "spd": 31, "spe": 31}, "item": "Eviolite", "teraType": "Psychic", "role": "Bulky Setup", "bvs": {"hp": 70, "atk": 80, "def": 65, "spa": 90, "spd": 65, "spe": 85}, "stats": {"hp": 269, "atk": 147, "def": 166, "spa": 211, "spd": 166, "spe": 202}, "types": ["Normal", "Psychic"]}, "Hoopa": {"name": "Hoopa", "species": "Hoopa", "speciesId": "hoopa", "gender": "N", "shiny": false, "level": 85, "moves": ["nastyplot", "shadowball", "psyshock", "focusblast"], "ability": "Magician", "evs": {"hp": 85, "atk": 0, "def": 85, "spa": 85, "spd": 85, "spe": 85}, "ivs": {"hp": 31, "atk": 0, "def": 31, "spa": 31, "spd": 31, "spe": 31}, "item": "Life Orb", "teraType": "Ghost", "role": "Fast Attacker", "bvs": {"hp": 80, "atk": 110, "def": 60, "spa": 150, "spd": 130, "spe": 70}, "stats": {"hp": 275, "atk": 192, "def": 151, "spa": 304, "spd": 270, "spe": 168}, "types": ["Psychic", "Ghost"]}, "Cacturne": {"name": "Cacturne", "species": "Cacturne", "speciesId": "cacturne", "gender": "F", "shiny": false, "level": 92, "moves": ["knockoff", "seedbomb", "swordsdance", "suckerpunch"], "ability": "Water Absorb", "evs": {"hp": 85, "atk": 85, "def": 85, "spa": 85, "spd": 85, "spe": 85}, "ivs": {"hp": 31, "atk": 31, "def": 31, "spa": 31, "spd": 31, "spe": 31}, "item": "Life Orb", "teraType": "Dark", "role": "Setup Sweeper", "bvs": {"hp": 70, "atk": 115, "def": 60, "spa": 115, "spd": 60, "spe": 55}, "stats": {"hp": 278, "atk": 264, "def": 163, "spa": 264, "spd": 163, "spe": 154}, "types": ["Grass", "Dark"]}, "Tatsugiri": {"name": "Tatsugiri", "species": "Tatsugiri", "speciesId": "tatsugiri", "gender": "M", "shiny": false, "level": 87, "moves": ["rapidspin", "nastyplot", "hydropump", "dracometeor"], "ability": "Storm Drain", "evs": {"hp": 85, "atk": 85, "def": 85, "spa": 85, "spd": 85, "spe": 85}, "ivs": {"hp": 31, "atk": 31, "def": 31, "spa": 31, "spd": 31, "spe": 31}, "item": "Heavy-Duty Boots", "teraType": "Steel", "role": "Fast Support", "bvs": {"hp": 68, "atk": 50, "def": 60, "spa": 120, "spd": 95, "spe": 82}, "stats": {"hp": 260, "atk": 137, "def": 154, "spa": 259, "spd": 215, "spe": 192}, "types": ["Dragon", "Water"]}, "Bellibolt": {"name": "Bellibolt", "species": "Bellibolt", "speciesId": "bellibolt", "gender": "F", "shiny": false, "level": 84, "moves": ["slackoff", "thunderbolt", "voltswitch", "muddywater"], "ability": "Electromorphosis", "evs": {"hp": 85, "atk": 0, "def": 85, "spa": 85, "spd": 85, "spe": 85}, "ivs": {"hp": 31, "atk": 0, "def": 31, "spa": 31, "spd": 31, "spe": 31}, "item": "Leftovers", "teraType": "Electric", "role": "Bulky Attacker", "bvs": {"hp": 109, "atk": 64, "def": 91, "spa": 103, "spd": 83, "spe": 45}, "stats": {"hp": 320, "atk": 112, "def": 201, "spa": 221, "spd": 188, "spe": 124}, "types": ["Electric"]}, "Electrode": {"name": "Electrode", "species": "Electrode", "speciesId": "electrode", "gender": "N", "shiny": false, "level": 92, "moves": ["voltswitch", "taunt", "thunderwave", "thunderbolt"], "ability": "Aftermath", "evs": {"hp": 85, "atk": 0, "def": 85, "spa": 85, "spd": 85, "spe": 85}, "ivs": {"hp": 31, "atk": 0, "def": 31, "spa": 31, "spd": 31, "spe": 31}, "item": "Heavy-Duty Boots", "teraType": "Electric", "role": "Fast Support", "bvs": {"hp": 60, "atk": 50, "def": 70, "spa": 80, "spd": 80, "spe": 150}, "stats": {"hp": 260, "atk": 97, "def": 181, "spa": 200, "spd": 200, "spe": 328}, "types": ["Electric"]}}]}