{"id": "gen9randombattle-2641233114", "format": "[Gen 9] Random Battle", "players": ["theGARGANTUANpp", "My Life is Dance \u2764"], "log": "|j|\u2606theGARGANTUANpp\n|j|\u2606My Life is Dance \u2764\n|t:|1782756919\n|gametype|singles\n|player|p1|theGARGANTUANpp|101|2106\n|player|p2|My Life is Dance \u2764|tierno|2157\n|gen|9\n|tier|[Gen 9] Random Battle\n|rated|\n|rule|Species Clause: Limit one of each Pok\u00e9mon\n|rule|HP Percentage Mod: HP is shown in percentages\n|rule|Sleep Clause Mod: Limit one foe put to sleep\n|rule|Illusion Level Mod: Illusion disguises the Pok\u00e9mon's true level\n|\n|t:|1782756919\n|teamsize|p1|6\n|teamsize|p2|6\n|start\n|switch|p1a: Ribombee|Ribombee, L83, M|235/235\n|switch|p2a: Minun|Minun, L95, F|268/268\n|turn|1\n|inactive|Battle timer is ON: inactive players will automatically lose when time's up. (requested by My Life is Dance \u2764)\n|\n|t:|1782756942\n|move|p1a: Ribombee|Sticky Web|p2a: Minun\n|-sidestart|p2: My Life is Dance \u2764|move: Sticky Web\n|move|p2a: Minun|Nasty Plot|p2a: Minun\n|-boost|p2a: Minun|spa|2\n|\n|upkeep\n|turn|2\n|\n|t:|1782756960\n|move|p1a: Ribombee|Moonblast|p2a: Minun\n|-damage|p2a: Minun|180/268\n|-unboost|p2a: Minun|spa|1\n|move|p2a: Minun|Thunderbolt|p1a: Ribombee\n|-enditem|p1a: Ribombee|Focus Sash\n|-damage|p1a: Ribombee|1/235\n|-damage|p2a: Minun|154/268|[from] item: Life Orb\n|\n|upkeep\n|turn|3\n|\n|t:|1782756970\n|move|p1a: Ribombee|Moonblast|p2a: Minun\n|-damage|p2a: Minun|64/268\n|move|p2a: Minun|Thunderbolt|p1a: Ribombee\n|-damage|p1a: Ribombee|0 fnt\n|faint|p1a: Ribombee\n|-damage|p2a: Minun|38/268|[from] item: Life Orb\n|\n|upkeep\n|\n|t:|1782756981\n|switch|p1a: Whimsicott|Whimsicott, L84, M|238/238\n|turn|4\n|\n|t:|1782756990\n|switch|p2a: Charizard|Charizard, L85, F|271/271\n|move|p1a: Whimsicott|Moonblast|p2a: Charizard\n|-resisted|p2a: Charizard\n|-damage|p2a: Charizard|229/271\n|-unboost|p2a: Charizard|spa|1\n|\n|upkeep\n|turn|5\n|\n|t:|1782756998\n|switch|p1a: Minior|Minior-Green, L79|224/224\n|-formechange|p1a: Minior|Minior-Meteor||[from] ability: Shields Down\n|move|p2a: Charizard|Will-O-Wisp|p1a: Minior\n|-immune|p1a: Minior|[from] ability: Shields Down\n|\n|upkeep\n|turn|6\n|\n|t:|1782757011\n|switch|p2a: Gastrodon|Gastrodon-East, L86, M|331/331\n|-activate|p2a: Gastrodon|move: Sticky Web\n|-unboost|p2a: Gastrodon|spe|1\n|move|p1a: Minior|Shell Smash|p1a: Minior\n|-unboost|p1a: Minior|def|1\n|-unboost|p1a: Minior|spd|1\n|-boost|p1a: Minior|atk|2\n|-boost|p1a: Minior|spa|2\n|-boost|p1a: Minior|spe|2\n|-enditem|p1a: Minior|White Herb\n|-clearnegativeboost|p1a: Minior|[silent]\n|\n|upkeep\n|turn|7\n|\n|t:|1782757036\n|move|p1a: Minior|Acrobatics|p2a: Gastrodon\n|-damage|p2a: Gastrodon|166/331\n|move|p2a: Gastrodon|Surf|p1a: Minior\n|-supereffective|p1a: Minior\n|-damage|p1a: Minior|48/224\n|\n|-heal|p2a: Gastrodon|186/331|[from] item: Leftovers\n|-formechange|p1a: Minior|Minior-Green||[from] ability: Shields Down\n|upkeep\n|turn|8\n|\n|t:|1782757045\n|move|p1a: Minior|Acrobatics|p2a: Gastrodon\n|-damage|p2a: Gastrodon|0 fnt\n|faint|p2a: Gastrodon\n|\n|upkeep\n|\n|t:|1782757056\n|switch|p2a: Regidrago|Regidrago, L77|435/435\n|-activate|p2a: Regidrago|move: Sticky Web\n|-unboost|p2a: Regidrago|spe|1\n|turn|9\n|\n|t:|1782757070\n|move|p1a: Minior|Acrobatics|p2a: Regidrago\n|-damage|p2a: Regidrago|74/435\n|move|p2a: Regidrago|Dragon Claw|p1a: Minior\n|-damage|p1a: Minior|0 fnt\n|faint|p1a: Minior\n|-damage|p2a: Regidrago|31/435|[from] item: Life Orb\n|\n|upkeep\n|inactive|theGARGANTUANpp has 120 seconds left.\n|\n|t:|1782757097\n|switch|p1a: Ursaring|Ursaring, L84, M|288/288\n|turn|10\n|\n|t:|1782757105\n|move|p1a: Ursaring|Swords Dance|p1a: Ursaring\n|-boost|p1a: Ursaring|atk|2\n|move|p2a: Regidrago|Dragon Claw|p1a: Ursaring\n|-damage|p1a: Ursaring|132/288\n|-damage|p2a: Regidrago|0 fnt|[from] item: Life Orb\n|faint|p2a: Regidrago\n|\n|-status|p1a: Ursaring|tox|[from] item: Toxic Orb\n|upkeep\n|\n|t:|1782757111\n|switch|p2a: Charizard|Charizard, L85, F|229/271\n|turn|11\n|\n|t:|1782757119\n|switch|p2a: Minun|Minun, L95, F|38/268\n|-activate|p2a: Minun|move: Sticky Web\n|-unboost|p2a: Minun|spe|1\n|move|p1a: Ursaring|Facade|p2a: Minun\n|-damage|p2a: Minun|0 fnt\n|faint|p2a: Minun\n|\n|-damage|p1a: Ursaring|114/288 tox|[from] psn\n|upkeep\n|\n|t:|1782757123\n|switch|p2a: Charizard|Charizard, L85, F|229/271\n|turn|12\n|\n|t:|1782757129\n|move|p2a: Charizard|Flamethrower|p1a: Ursaring\n|-damage|p1a: Ursaring|0 fnt\n|faint|p1a: Ursaring\n|\n|upkeep\n|\n|t:|1782757133\n|switch|p1a: Heracross|Heracross, L80, F|259/259\n|turn|13\n|\n|t:|1782757146\n|switch|p2a: Lilligant|Lilligant-Hisui, L79, F|240/240\n|-activate|p2a: Lilligant|move: Sticky Web\n|-unboost|p2a: Lilligant|spe|1\n|move|p1a: Heracross|Stone Edge|p2a: Lilligant|[miss]\n|-miss|p1a: Heracross|p2a: Lilligant\n|\n|upkeep\n|turn|14\n|\n|t:|1782757155\n|switch|p1a: Whimsicott|Whimsicott, L84, M|238/238\n|switch|p2a: Landorus|Landorus, L75, M|257/257\n|\n|upkeep\n|turn|15\n|\n|t:|1782757165\n|switch|p1a: Chimecho|Chimecho, L93, M|290/290\n|move|p2a: Landorus|Sludge Wave|p1a: Chimecho\n|-damage|p1a: Chimecho|191/290\n|\n|-heal|p1a: Chimecho|209/290|[from] item: Leftovers\n|upkeep\n|turn|16\n|\n|t:|1782757175\n|switch|p2a: Lilligant|Lilligant-Hisui, L79, F|240/240\n|-activate|p2a: Lilligant|move: Sticky Web\n|-unboost|p2a: Lilligant|spe|1\n|move|p1a: Chimecho|Cosmic Power|p1a: Chimecho\n|-boost|p1a: Chimecho|def|1\n|-boost|p1a: Chimecho|spd|1\n|\n|-heal|p1a: Chimecho|227/290|[from] item: Leftovers\n|upkeep\n|turn|17\n|\n|t:|1782757187\n|-terastallize|p2a: Lilligant|Steel\n|move|p1a: Chimecho|Cosmic Power|p1a: Chimecho\n|-boost|p1a: Chimecho|def|1\n|-boost|p1a: Chimecho|spd|1\n|move|p2a: Lilligant|Victory Dance|p2a: Lilligant\n|-boost|p2a: Lilligant|atk|1\n|-boost|p2a: Lilligant|def|1\n|-boost|p2a: Lilligant|spe|1\n|\n|-heal|p1a: Chimecho|245/290|[from] item: Leftovers\n|upkeep\n|turn|18\n|inactive|My Life is Dance \u2764 has 120 seconds left.\n|\n|t:|1782757219\n|move|p2a: Lilligant|Victory Dance|p2a: Lilligant\n|-boost|p2a: Lilligant|atk|1\n|-boost|p2a: Lilligant|def|1\n|-boost|p2a: Lilligant|spe|1\n|move|p1a: Chimecho|Cosmic Power|p1a: Chimecho\n|-boost|p1a: Chimecho|def|1\n|-boost|p1a: Chimecho|spd|1\n|\n|-heal|p1a: Chimecho|263/290|[from] item: Leftovers\n|upkeep\n|turn|19\n|inactive|My Life is Dance \u2764 has 120 seconds left.\n|\n|t:|1782757232\n|move|p2a: Lilligant|Leaf Blade|p1a: Chimecho\n|-crit|p1a: Chimecho\n|-damage|p1a: Chimecho|0 fnt\n|faint|p1a: Chimecho\n|\n|upkeep\n|\n|t:|1782757238\n|switch|p1a: Whimsicott|Whimsicott, L84, M|238/238\n|turn|20\n|\n|t:|1782757244\n|move|p1a: Whimsicott|Encore|p2a: Lilligant\n|-start|p2a: Lilligant|Encore\n|move|p2a: Lilligant|Leaf Blade|p1a: Whimsicott\n|-resisted|p1a: Whimsicott\n|-damage|p1a: Whimsicott|96/238\n|\n|-heal|p1a: Whimsicott|110/238|[from] item: Leftovers\n|upkeep\n|turn|21\n|\n|t:|1782757249\n|move|p1a: Whimsicott|Leech Seed|p2a: Lilligant\n|-start|p2a: Lilligant|move: Leech Seed\n|move|p2a: Lilligant|Leaf Blade|p1a: Whimsicott\n|-resisted|p1a: Whimsicott\n|-damage|p1a: Whimsicott|0 fnt\n|faint|p1a: Whimsicott\n|\n|upkeep\n|\n|t:|1782757253\n|switch|p1a: Heracross|Heracross, L80, F|259/259\n|turn|22\n|\n|t:|1782757261\n|move|p2a: Lilligant|Leaf Blade|p1a: Heracross\n|-resisted|p1a: Heracross\n|-damage|p1a: Heracross|103/259\n|move|p1a: Heracross|Close Combat|p2a: Lilligant\n|-supereffective|p2a: Lilligant\n|-damage|p2a: Lilligant|64/240\n|-unboost|p1a: Heracross|def|1\n|-unboost|p1a: Heracross|spd|1\n|\n|-damage|p2a: Lilligant|34/240|[from] Leech Seed|[of] p1a: Heracross\n|-heal|p1a: Heracross|133/259|[silent]\n|-end|p2a: Lilligant|Encore\n|upkeep\n|turn|23\n|\n|t:|1782757272\n|move|p2a: Lilligant|Leaf Blade|p1a: Heracross\n|-resisted|p1a: Heracross\n|-damage|p1a: Heracross|0 fnt\n|faint|p1a: Heracross\n|\n|win|My Life is Dance \u2764\n|raw|theGARGANTUANpp's rating: 2106 &rarr; <strong>2089</strong><br />(-17 for losing)\n|raw|My Life is Dance \u2764's rating: 2157 &rarr; <strong>2174</strong><br />(+17 for winning)\n", "inputlog": ">version f8ac14003a5f27e1bdc8d8c59608a773c1cb96e5\n>start {\"formatid\":\"gen9randombattle\",\"seed\":\"sodium,72152509f41292d9d915d5169cb09028\",\"rated\":\"Rated battle\"}\n>player p1 {\"name\":\"theGARGANTUANpp\",\"avatar\":\"101\",\"rating\":2106,\"seed\":\"sodium,df4de0573e4a2c118687e86ce092ace8\"}\n>player p2 {\"name\":\"My Life is Dance \u2764\",\"avatar\":\"tierno\",\"rating\":2157,\"seed\":\"sodium,55ac0c2bc75d877231809ff448f71375\"}\n>p1 move stickyweb\n>p2 move nastyplot\n>p1 move moonblast\n>p2 move thunderbolt\n>p1 move moonblast\n>p2 move thunderbolt\n>p1 switch 2\n>p1 move moonblast\n>p2 switch 3\n>p1 switch 6\n>p2 move willowisp\n>p1 move shellsmash\n>p2 switch 4\n>p1 move acrobatics\n>p2 move surf\n>p1 move acrobatics\n>p2 move surf\n>p2 switch 2\n>p1 move acrobatics\n>p2 move dragonclaw\n>p1 switch 5\n>p1 move swordsdance\n>p2 move dragonclaw\n>p2 switch 4\n>p1 move facade\n>p2 switch 3\n>p2 switch 3\n>p1 move facade\n>p2 move flamethrower\n>p1 switch 3\n>p1 move stoneedge\n>p2 switch 6\n>p1 switch 6\n>p2 switch 5\n>p1 switch 4\n>p2 move sludgewave\n>p1 move cosmicpower\n>p2 switch 5\n>p1 move cosmicpower\n>p2 move victorydance terastallize\n>p1 move cosmicpower\n>p2 move victorydance\n>p1 move cosmicpower\n>p2 move leafblade\n>p1 switch 4\n>p1 move encore\n>p2 move icespinner\n>p1 move leechseed\n>p2 move leafblade\n>p1 switch 6\n>p1 move closecombat\n>p2 move leafblade\n>p1 move closecombat\n>p2 move leafblade", "uploadtime": 1782757272, "views": 6, "formatid": "gen9randombattle", "rating": 2089, "private": 0, "password": null, "player_dets": [{"name": "theGARGANTUANpp", "avatar": "101", "rating": 2106, "seed": "sodium,df4de0573e4a2c118687e86ce092ace8"}, {"name": "My Life is Dance \u2764", "avatar": "tierno", "rating": 2157, "seed": "sodium,55ac0c2bc75d877231809ff448f71375"}], "teams_full": [{"Ribombee": {"name": "Ribombee", "species": "Ribombee", "speciesId": "ribombee", "gender": "M", "shiny": false, "level": 83, "moves": ["stickyweb", "moonblast", "bugbuzz", "stunspore"], "ability": "Shield Dust", "evs": {"hp": 85, "atk": 0, "def": 85, "spa": 85, "spd": 85, "spe": 85}, "ivs": {"hp": 31, "atk": 0, "def": 31, "spa": 31, "spd": 31, "spe": 31}, "item": "Focus Sash", "teraType": "Ghost", "role": "Fast Support", "bvs": {"hp": 60, "atk": 55, "def": 60, "spa": 95, "spd": 70, "spe": 124}, "stats": {"hp": 235, "atk": 96, "def": 147, "spa": 205, "spd": 164, "spe": 254}, "types": ["Bug", "Fairy"]}, "Whimsicott": {"name": "Whimsicott", "species": "Whimsicott", "speciesId": "whimsicott", "gender": "M", "shiny": false, "level": 84, "moves": ["substitute", "encore", "leechseed", "moonblast"], "ability": "Prankster", "evs": {"hp": 85, "atk": 0, "def": 85, "spa": 85, "spd": 85, "spe": 85}, "ivs": {"hp": 31, "atk": 0, "def": 31, "spa": 31, "spd": 31, "spe": 31}, "item": "Leftovers", "teraType": "Steel", "role": "Bulky Support", "bvs": {"hp": 60, "atk": 67, "def": 85, "spa": 77, "spd": 75, "spe": 116}, "stats": {"hp": 238, "atk": 117, "def": 191, "spa": 178, "spd": 174, "spe": 243}, "types": ["Grass", "Fairy"]}, "Heracross": {"name": "Heracross", "species": "Heracross", "speciesId": "heracross", "gender": "F", "shiny": false, "level": 80, "moves": ["megahorn", "closecombat", "earthquake", "stoneedge"], "ability": "Moxie", "evs": {"hp": 85, "atk": 85, "def": 85, "spa": 85, "spd": 85, "spe": 85}, "ivs": {"hp": 31, "atk": 31, "def": 31, "spa": 31, "spd": 31, "spe": 31}, "item": "Choice Scarf", "teraType": "Rock", "role": "Fast Attacker", "bvs": {"hp": 80, "atk": 125, "def": 75, "spa": 40, "spd": 95, "spe": 85}, "stats": {"hp": 259, "atk": 246, "def": 166, "spa": 110, "spd": 198, "spe": 182}, "types": ["Bug", "Fighting"]}, "Chimecho": {"name": "Chimecho", "species": "Chimecho", "speciesId": "chimecho", "gender": "M", "shiny": false, "level": 93, "moves": ["storedpower", "cosmicpower", "recover", "dazzlinggleam"], "ability": "Levitate", "evs": {"hp": 85, "atk": 0, "def": 85, "spa": 85, "spd": 85, "spe": 85}, "ivs": {"hp": 31, "atk": 0, "def": 31, "spa": 31, "spd": 31, "spe": 31}, "item": "Leftovers", "teraType": "Steel", "role": "Bulky Attacker", "bvs": {"hp": 75, "atk": 50, "def": 80, "spa": 95, "spd": 90, "spe": 65}, "stats": {"hp": 290, "atk": 98, "def": 202, "spa": 230, "spd": 220, "spe": 174}, "types": ["Psychic"]}, "Ursaring": {"name": "Ursaring", "species": "Ursaring", "speciesId": "ursaring", "gender": "M", "shiny": false, "level": 84, "moves": ["swordsdance", "closecombat", "facade", "crunch"], "ability": "Quick Feet", "evs": {"hp": 85, "atk": 85, "def": 85, "spa": 85, "spd": 85, "spe": 85}, "ivs": {"hp": 31, "atk": 31, "def": 31, "spa": 31, "spd": 31, "spe": 31}, "item": "Toxic Orb", "teraType": "Normal", "role": "Setup Sweeper", "bvs": {"hp": 90, "atk": 130, "def": 75, "spa": 75, "spd": 75, "spe": 55}, "stats": {"hp": 288, "atk": 267, "def": 174, "spa": 174, "spd": 174, "spe": 141}, "types": ["Normal"]}, "Minior": {"name": "Minior", "species": "Minior-Green", "speciesId": "minior", "gender": "N", "shiny": false, "level": 79, "moves": ["shellsmash", "earthquake", "powergem", "acrobatics"], "ability": "Shields Down", "evs": {"hp": 85, "atk": 85, "def": 85, "spa": 85, "spd": 85, "spe": 85}, "ivs": {"hp": 31, "atk": 31, "def": 31, "spa": 31, "spd": 31, "spe": 31}, "item": "White Herb", "teraType": "Water", "role": "Setup Sweeper", "bvs": {"hp": 60, "atk": 100, "def": 60, "spa": 100, "spd": 60, "spe": 120}, "stats": {"hp": 224, "atk": 204, "def": 140, "spa": 204, "spd": 140, "spe": 235}, "types": ["Rock", "Flying"]}}, {"Minun": {"name": "Minun", "species": "Minun", "speciesId": "minun", "gender": "F", "shiny": false, "level": 95, "moves": ["grassknot", "thunderbolt", "alluringvoice", "nastyplot"], "ability": "Volt Absorb", "evs": {"hp": 85, "atk": 0, "def": 85, "spa": 85, "spd": 85, "spe": 85}, "ivs": {"hp": 31, "atk": 0, "def": 31, "spa": 31, "spd": 31, "spe": 31}, "item": "Life Orb", "teraType": "Fairy", "role": "Setup Sweeper", "bvs": {"hp": 60, "atk": 40, "def": 50, "spa": 75, "spd": 85, "spe": 95}, "stats": {"hp": 268, "atk": 81, "def": 149, "spa": 196, "spd": 215, "spe": 234}, "types": ["Electric"]}, "Regidrago": {"name": "Regidrago", "species": "Regidrago", "speciesId": "regidrago", "gender": "N", "shiny": false, "level": 77, "moves": ["dragonclaw", "earthquake", "dragondance", "terablast"], "ability": "Dragon's Maw", "evs": {"hp": 85, "atk": 85, "def": 85, "spa": 85, "spd": 85, "spe": 85}, "ivs": {"hp": 31, "atk": 31, "def": 31, "spa": 31, "spd": 31, "spe": 31}, "item": "Life Orb", "teraType": "Steel", "role": "Tera Blast user", "bvs": {"hp": 200, "atk": 100, "def": 50, "spa": 100, "spd": 50, "spe": 80}, "stats": {"hp": 435, "atk": 199, "def": 122, "spa": 199, "spd": 122, "spe": 168}, "types": ["Dragon"]}, "Charizard": {"name": "Charizard", "species": "Charizard", "speciesId": "charizard", "gender": "F", "shiny": false, "level": 85, "moves": ["flamethrower", "willowisp", "hurricane", "earthquake"], "ability": "Blaze", "evs": {"hp": 85, "atk": 85, "def": 85, "spa": 85, "spd": 85, "spe": 85}, "ivs": {"hp": 31, "atk": 31, "def": 31, "spa": 31, "spd": 31, "spe": 31}, "item": "Heavy-Duty Boots", "teraType": "Fire", "role": "Fast Attacker", "bvs": {"hp": 78, "atk": 84, "def": 78, "spa": 109, "spd": 85, "spe": 100}, "stats": {"hp": 271, "atk": 192, "def": 181, "spa": 234, "spd": 193, "spe": 219}, "types": ["Fire", "Flying"]}, "Gastrodon": {"name": "Gastrodon", "species": "Gastrodon-East", "speciesId": "gastrodon", "gender": "M", "shiny": false, "level": 86, "moves": ["earthquake", "recover", "spikes", "surf"], "ability": "Storm Drain", "evs": {"hp": 85, "atk": 85, "def": 85, "spa": 85, "spd": 85, "spe": 85}, "ivs": {"hp": 31, "atk": 31, "def": 31, "spa": 31, "spd": 31, "spe": 31}, "item": "Leftovers", "teraType": "Poison", "role": "Bulky Attacker", "bvs": {"hp": 111, "atk": 83, "def": 68, "spa": 92, "spd": 82, "spe": 39}, "stats": {"hp": 331, "atk": 192, "def": 166, "spa": 207, "spd": 190, "spe": 116}, "types": ["Water", "Ground"]}, "Landorus": {"name": "Landorus", "species": "Landorus", "speciesId": "landorus", "gender": "M", "shiny": false, "level": 75, "moves": ["sludgewave", "focusblast", "nastyplot", "earthpower"], "ability": "Sheer Force", "evs": {"hp": 85, "atk": 0, "def": 85, "spa": 85, "spd": 85, "spe": 85}, "ivs": {"hp": 31, "atk": 0, "def": 31, "spa": 31, "spd": 31, "spe": 31}, "item": "Life Orb", "teraType": "Poison", "role": "Fast Attacker", "bvs": {"hp": 89, "atk": 125, "def": 90, "spa": 115, "spd": 80, "spe": 101}, "stats": {"hp": 257, "atk": 192, "def": 179, "spa": 216, "spd": 164, "spe": 195}, "types": ["Ground", "Flying"]}, "Lilligant": {"name": "Lilligant", "species": "Lilligant-Hisui", "speciesId": "lilliganthisui", "gender": "F", "shiny": false, "level": 79, "moves": ["closecombat", "victorydance", "leafblade", "icespinner"], "ability": "Hustle", "evs": {"hp": 85, "atk": 85, "def": 85, "spa": 85, "spd": 85, "spe": 85}, "ivs": {"hp": 31, "atk": 31, "def": 31, "spa": 31, "spd": 31, "spe": 31}, "item": "Wide Lens", "teraType": "Steel", "role": "Setup Sweeper", "bvs": {"hp": 70, "atk": 105, "def": 75, "spa": 50, "spd": 75, "spe": 105}, "stats": {"hp": 240, "atk": 211, "def": 164, "spa": 125, "spd": 164, "spe": 211}, "types": ["Grass", "Fighting"]}}]}