{"id": "gen9randombattle-2641183377", "format": "[Gen 9] Random Battle", "players": ["testbotcif", "kirantej"], "log": "|j|\u2606testbotcif\n|j|\u2606kirantej\n|t:|1782750749\n|gametype|singles\n|player|p1|testbotcif|266|1135\n|player|p2|kirantej|1|1151\n|gen|9\n|tier|[Gen 9] Random Battle\n|rated|\n|rule|Species Clause: Limit one of each Pok\u00e9mon\n|rule|HP Percentage Mod: HP is shown in percentages\n|rule|Sleep Clause Mod: Limit one foe put to sleep\n|rule|Illusion Level Mod: Illusion disguises the Pok\u00e9mon's true level\n|\n|t:|1782750749\n|teamsize|p1|6\n|teamsize|p2|6\n|start\n|switch|p1a: Ludicolo|Ludicolo, L90, M|290/290\n|switch|p2a: Morpeko|Morpeko, L88, F|245/245\n|turn|1\n|inactive|Battle timer is ON: inactive players will automatically lose when time's up. (requested by testbotcif)\n|c|\u2606testbotcif|rlhf\n|\n|t:|1782750758\n|move|p2a: Morpeko|Aura Wheel|p1a: Ludicolo\n|-damage|p1a: Ludicolo|146/290\n|-boost|p2a: Morpeko|spe|1\n|move|p1a: Ludicolo|Giga Drain|p2a: Morpeko\n|-damage|p2a: Morpeko|92/245\n|-heal|p1a: Ludicolo|223/290|[from] drain|[of] p2a: Morpeko\n|\n|-heal|p2a: Morpeko|107/245|[from] item: Leftovers\n|-formechange|p2a: Morpeko|Morpeko-Hangry||[from] ability: Hunger Switch\n|upkeep\n|turn|2\n|\n|t:|1782750770\n|move|p2a: Morpeko|Knock Off|p1a: Ludicolo\n|-damage|p1a: Ludicolo|94/290\n|-enditem|p1a: Ludicolo|Choice Specs|[from] move: Knock Off|[of] p2a: Morpeko\n|move|p1a: Ludicolo|Giga Drain|p2a: Morpeko\n|-crit|p2a: Morpeko\n|-damage|p2a: Morpeko|0 fnt\n|-heal|p1a: Ludicolo|148/290|[from] drain|[of] p2a: Morpeko\n|faint|p2a: Morpeko\n|\n|upkeep\n|\n|t:|1782750786\n|switch|p2a: Venomoth|Venomoth, L84, F|255/255\n|turn|3\n|\n|t:|1782750792\n|switch|p1a: Golem|Golem, L87, F|281/281\n|move|p2a: Venomoth|Bug Buzz|p1a: Golem\n|-damage|p1a: Golem|181/281\n|-unboost|p1a: Golem|spd|1\n|\n|upkeep\n|turn|4\n|\n|t:|1782750807\n|move|p2a: Venomoth|Bug Buzz|p1a: Golem\n|-damage|p1a: Golem|7/281\n|move|p1a: Golem|Stone Edge|p2a: Venomoth\n|-supereffective|p2a: Venomoth\n|-crit|p2a: Venomoth\n|-damage|p2a: Venomoth|0 fnt\n|faint|p2a: Venomoth\n|\n|upkeep\n|\n|t:|1782750819\n|switch|p2a: Greninja|Greninja, L80, M|246/246\n|turn|5\n|\n|t:|1782750830\n|switch|p1a: Ludicolo|Ludicolo, L90, M|148/290\n|move|p2a: Greninja|Dark Pulse|p1a: Ludicolo\n|-crit|p1a: Ludicolo\n|-damage|p1a: Ludicolo|19/290\n|-damage|p2a: Greninja|222/246|[from] item: Life Orb\n|\n|upkeep\n|turn|6\n|\n|t:|1782750843\n|move|p2a: Greninja|Dark Pulse|p1a: Ludicolo\n|-damage|p1a: Ludicolo|0 fnt\n|faint|p1a: Ludicolo\n|-ability|p2a: Greninja|Battle Bond|boost\n|-boost|p2a: Greninja|atk|1\n|-boost|p2a: Greninja|spa|1\n|-boost|p2a: Greninja|spe|1\n|-activate|p2a: Greninja|ability: Battle Bond\n|-damage|p2a: Greninja|198/246|[from] item: Life Orb\n|\n|upkeep\n|\n|t:|1782750844\n|switch|p1a: Qwilfish|Qwilfish, L86, M|252/252\n|-ability|p1a: Qwilfish|Intimidate|boost\n|-unboost|p2a: Greninja|atk|1\n|turn|7\n|\n|t:|1782750858\n|move|p2a: Greninja|Dark Pulse|p1a: Qwilfish\n|-damage|p1a: Qwilfish|41/252\n|-damage|p2a: Greninja|174/246|[from] item: Life Orb\n|move|p1a: Qwilfish|Gunk Shot|p2a: Greninja\n|-damage|p2a: Greninja|11/246\n|\n|upkeep\n|turn|8\n|\n|t:|1782750866\n|move|p2a: Greninja|Dark Pulse|p1a: Qwilfish\n|-damage|p1a: Qwilfish|0 fnt\n|faint|p1a: Qwilfish\n|-damage|p2a: Greninja|0 fnt|[from] item: Life Orb\n|faint|p2a: Greninja\n|\n|upkeep\n|\n|t:|1782750880\n|switch|p2a: Veluza|Veluza, L85, F|292/292\n|switch|p1a: Oinkologne|Oinkologne-F, L92, F|361/361\n|turn|9\n|\n|t:|1782750899\n|move|p2a: Veluza|Psycho Cut|p1a: Oinkologne\n|-damage|p1a: Oinkologne|231/361\n|move|p1a: Oinkologne|Body Slam|p2a: Veluza\n|-damage|p2a: Veluza|178/292\n|\n|-heal|p1a: Oinkologne|253/361|[from] item: Leftovers\n|upkeep\n|turn|10\n|\n|t:|1782750906\n|move|p2a: Veluza|Psycho Cut|p1a: Oinkologne\n|-damage|p1a: Oinkologne|127/361\n|move|p1a: Oinkologne|Body Slam|p2a: Veluza\n|-damage|p2a: Veluza|67/292\n|\n|-heal|p1a: Oinkologne|149/361|[from] item: Leftovers\n|upkeep\n|turn|11\n|\n|t:|1782750912\n|move|p2a: Veluza|Psycho Cut|p1a: Oinkologne\n|-damage|p1a: Oinkologne|23/361\n|move|p1a: Oinkologne|Body Slam|p2a: Veluza\n|-damage|p2a: Veluza|0 fnt\n|faint|p2a: Veluza\n|\n|-heal|p1a: Oinkologne|45/361|[from] item: Leftovers\n|upkeep\n|\n|t:|1782750920\n|switch|p2a: Eternatus|Eternatus, L69|308/308\n|-ability|p2a: Eternatus|Pressure\n|turn|12\n|\n|t:|1782750936\n|move|p2a: Eternatus|Sludge Bomb|p1a: Oinkologne\n|-damage|p1a: Oinkologne|0 fnt\n|faint|p1a: Oinkologne\n|\n|upkeep\n|\n|t:|1782750936\n|switch|p1a: Kingambit|Kingambit, L74, F|270/270\n|-activate|p1a: Kingambit|ability: Supreme Overlord\n|-start|p1a: Kingambit|fallen3|[silent]\n|turn|13\n|\n|t:|1782750946\n|-terastallize|p2a: Eternatus|Fire\n|-terastallize|p1a: Kingambit|Dark\n|move|p2a: Eternatus|Fire Blast|p1a: Kingambit\n|-damage|p1a: Kingambit|146/270\n|move|p1a: Kingambit|Swords Dance|p1a: Kingambit\n|-boost|p1a: Kingambit|atk|2\n|\n|-heal|p1a: Kingambit|162/270|[from] item: Leftovers\n|upkeep\n|turn|14\n|\n|t:|1782750961\n|move|p1a: Kingambit|Sucker Punch|p2a: Eternatus\n|-damage|p2a: Eternatus|8/308\n|move|p2a: Eternatus|Meteor Beam||[still]\n|-prepare|p2a: Eternatus|Meteor Beam\n|-boost|p2a: Eternatus|spa|1\n|-enditem|p2a: Eternatus|Power Herb\n|-anim|p2a: Eternatus|Meteor Beam|p1a: Kingambit\n|-damage|p1a: Kingambit|21/270\n|\n|-heal|p1a: Kingambit|37/270|[from] item: Leftovers\n|upkeep\n|turn|15\n|\n|t:|1782750976\n|move|p1a: Kingambit|Sucker Punch|p2a: Eternatus\n|-damage|p2a: Eternatus|0 fnt\n|faint|p2a: Eternatus\n|\n|-heal|p1a: Kingambit|53/270|[from] item: Leftovers\n|upkeep\n|\n|t:|1782750979\n|switch|p2a: Rotom|Rotom-Heat, L83|219/219\n|turn|16\n|\n|t:|1782750989\n|move|p1a: Kingambit|Sucker Punch||[still]\n|-fail|p1a: Kingambit\n|move|p2a: Rotom|Nasty Plot|p2a: Rotom\n|-boost|p2a: Rotom|spa|2\n|\n|-heal|p1a: Kingambit|69/270|[from] item: Leftovers\n|upkeep\n|turn|17\n|\n|t:|1782751000\n|move|p1a: Kingambit|Sucker Punch||[still]\n|-fail|p1a: Kingambit\n|move|p2a: Rotom|Nasty Plot|p2a: Rotom\n|-boost|p2a: Rotom|spa|2\n|\n|-heal|p1a: Kingambit|85/270|[from] item: Leftovers\n|upkeep\n|turn|18\n|\n|t:|1782751018\n|move|p1a: Kingambit|Sucker Punch||[still]\n|-fail|p1a: Kingambit\n|move|p2a: Rotom|Nasty Plot|p2a: Rotom\n|-boost|p2a: Rotom|spa|2\n|\n|-heal|p1a: Kingambit|101/270|[from] item: Leftovers\n|upkeep\n|turn|19\n|\n|t:|1782751025\n|move|p1a: Kingambit|Sucker Punch||[still]\n|-fail|p1a: Kingambit\n|move|p2a: Rotom|Nasty Plot|p2a: Rotom\n|-boost|p2a: Rotom|spa|0\n|\n|-heal|p1a: Kingambit|117/270|[from] item: Leftovers\n|upkeep\n|turn|20\n|\n|t:|1782751050\n|move|p2a: Rotom|Nasty Plot|p2a: Rotom\n|-boost|p2a: Rotom|spa|0\n|move|p1a: Kingambit|Kowtow Cleave|p2a: Rotom\n|-damage|p2a: Rotom|0 fnt\n|faint|p2a: Rotom\n|\n|win|testbotcif\n|raw|testbotcif's rating: 1135 &rarr; <strong>1161</strong><br />(+26 for winning)\n|raw|kirantej's rating: 1151 &rarr; <strong>1125</strong><br />(-26 for losing)\n", "inputlog": ">version f8ac14003a5f27e1bdc8d8c59608a773c1cb96e5\n>start {\"formatid\":\"gen9randombattle\",\"seed\":\"sodium,c3c800c6e906d16fdbc51c4b1536329d\",\"rated\":\"Rated battle\"}\n>player p1 {\"name\":\"testbotcif\",\"avatar\":\"266\",\"rating\":1135,\"seed\":\"sodium,faf7ae7d71572bff371f16e562cf9572\"}\n>player p2 {\"name\":\"kirantej\",\"avatar\":\"1\",\"rating\":1151,\"seed\":\"sodium,6085c6e3a5332431b3fd1de80fc9c44e\"}\n>chat \u2606testbotcif|rlhf\n>p1 move gigadrain\n>p2 move aurawheel\n>p1 move gigadrain\n>p2 move knockoff\n>p2 switch 6\n>p1 switch 4\n>p2 move bugbuzz\n>p1 move stoneedge\n>p2 move bugbuzz\n>p2 switch 4\n>p1 switch 4\n>p2 move darkpulse\n>p1 move gigadrain\n>p2 move darkpulse\n>p1 switch 5\n>p1 move gunkshot\n>p2 move darkpulse\n>p1 move gunkshot\n>p2 move darkpulse\n>p1 switch 6\n>p2 switch 3\n>p1 move bodyslam\n>p2 move psychocut\n>p1 move bodyslam\n>p2 move psychocut\n>p1 move bodyslam\n>p2 move psychocut\n>p2 switch 2\n>p1 move bodyslam\n>p2 move sludgebomb\n>p1 switch 3\n>p1 move swordsdance terastallize\n>p2 move fireblast terastallize\n>p1 move suckerpunch\n>p2 move meteorbeam\n>p1 move suckerpunch\n>p2 move dynamaxcannon\n>p2 switch 5\n>p1 move suckerpunch\n>p2 move nastyplot\n>p1 move suckerpunch\n>p2 move nastyplot\n>p1 move suckerpunch\n>p2 move nastyplot\n>p1 move suckerpunch\n>p2 move nastyplot\n>p1 move kowtowcleave\n>p2 move nastyplot", "uploadtime": 1782751050, "views": 5, "formatid": "gen9randombattle", "rating": 1125, "private": 0, "password": null, "player_dets": [{"name": "testbotcif", "avatar": "266", "rating": 1135, "seed": "sodium,faf7ae7d71572bff371f16e562cf9572"}, {"name": "kirantej", "avatar": "1", "rating": 1151, "seed": "sodium,6085c6e3a5332431b3fd1de80fc9c44e"}], "teams_full": [{"Ludicolo": {"name": "Ludicolo", "species": "Ludicolo", "speciesId": "ludicolo", "gender": "M", "shiny": false, "level": 90, "moves": ["icebeam", "hydropump", "leafstorm", "gigadrain"], "ability": "Swift Swim", "evs": {"hp": 85, "atk": 0, "def": 85, "spa": 85, "spd": 85, "spe": 85}, "ivs": {"hp": 31, "atk": 0, "def": 31, "spa": 31, "spd": 31, "spe": 31}, "item": "Choice Specs", "teraType": "Water", "role": "Fast Attacker", "bvs": {"hp": 80, "atk": 70, "def": 70, "spa": 90, "spd": 100, "spe": 70}, "stats": {"hp": 290, "atk": 131, "def": 177, "spa": 213, "spd": 231, "spe": 177}, "types": ["Water", "Grass"]}, "Iron Leaves": {"name": "Iron Leaves", "species": "Iron Leaves", "speciesId": "ironleaves", "gender": "N", "shiny": false, "level": 80, "moves": ["closecombat", "leafblade", "psyblade", "megahorn"], "ability": "Quark Drive", "evs": {"hp": 85, "atk": 85, "def": 85, "spa": 85, "spd": 85, "spe": 85}, "ivs": {"hp": 31, "atk": 31, "def": 31, "spa": 31, "spd": 31, "spe": 31}, "item": "Choice Band", "teraType": "Fighting", "role": "Wallbreaker", "bvs": {"hp": 90, "atk": 130, "def": 88, "spa": 70, "spd": 108, "spe": 104}, "stats": {"hp": 275, "atk": 254, "def": 187, "spa": 158, "spd": 219, "spe": 213}, "types": ["Grass", "Psychic"]}, "Kingambit": {"name": "Kingambit", "species": "Kingambit", "speciesId": "kingambit", "gender": "F", "shiny": false, "level": 74, "moves": ["suckerpunch", "swordsdance", "kowtowcleave", "ironhead"], "ability": "Supreme Overlord", "evs": {"hp": 85, "atk": 85, "def": 85, "spa": 85, "spd": 85, "spe": 85}, "ivs": {"hp": 31, "atk": 31, "def": 31, "spa": 31, "spd": 31, "spe": 31}, "item": "Leftovers", "teraType": "Dark", "role": "Bulky Attacker", "bvs": {"hp": 100, "atk": 135, "def": 120, "spa": 60, "spd": 85, "spe": 50}, "stats": {"hp": 270, "atk": 243, "def": 221, "spa": 132, "spd": 169, "spe": 117}, "types": ["Dark", "Steel"]}, "Golem": {"name": "Golem", "species": "Golem", "speciesId": "golem", "gender": "F", "shiny": false, "level": 87, "moves": ["stoneedge", "earthquake", "explosion", "stealthrock"], "ability": "Sturdy", "evs": {"hp": 85, "atk": 85, "def": 85, "spa": 85, "spd": 85, "spe": 85}, "ivs": {"hp": 31, "atk": 31, "def": 31, "spa": 31, "spd": 31, "spe": 31}, "item": "Custap Berry", "teraType": "Ground", "role": "Bulky Attacker", "bvs": {"hp": 80, "atk": 120, "def": 130, "spa": 55, "spd": 65, "spe": 45}, "stats": {"hp": 281, "atk": 259, "def": 276, "spa": 145, "spd": 163, "spe": 128}, "types": ["Rock", "Ground"]}, "Qwilfish": {"name": "Qwilfish", "species": "Qwilfish", "speciesId": "qwilfish", "gender": "M", "shiny": false, "level": 86, "moves": ["gunkshot", "flipturn", "painsplit", "toxic"], "ability": "Intimidate", "evs": {"hp": 85, "atk": 85, "def": 85, "spa": 85, "spd": 85, "spe": 85}, "ivs": {"hp": 31, "atk": 31, "def": 31, "spa": 31, "spd": 31, "spe": 31}, "item": "Heavy-Duty Boots", "teraType": "Dark", "role": "Fast Support", "bvs": {"hp": 65, "atk": 95, "def": 85, "spa": 55, "spd": 55, "spe": 85}, "stats": {"hp": 252, "atk": 213, "def": 195, "spa": 144, "spd": 144, "spe": 195}, "types": ["Water", "Poison"]}, "Oinkologne": {"name": "Oinkologne", "species": "Oinkologne-F", "speciesId": "oinkolognef", "gender": "F", "shiny": false, "level": 92, "moves": ["bodyslam", "rest", "sleeptalk", "curse"], "ability": "Aroma Veil", "evs": {"hp": 85, "atk": 85, "def": 85, "spa": 85, "spd": 85, "spe": 85}, "ivs": {"hp": 31, "atk": 31, "def": 31, "spa": 31, "spd": 31, "spe": 31}, "item": "Leftovers", "teraType": "Fairy", "role": "Bulky Support", "bvs": {"hp": 115, "atk": 90, "def": 70, "spa": 59, "spd": 90, "spe": 65}, "stats": {"hp": 361, "atk": 218, "def": 181, "spa": 161, "spd": 218, "spe": 172}, "types": ["Normal"]}}, {"Morpeko": {"name": "Morpeko", "species": "Morpeko", "speciesId": "morpeko", "gender": "F", "shiny": false, "level": 88, "moves": ["knockoff", "rapidspin", "protect", "aurawheel"], "ability": "Hunger Switch", "evs": {"hp": 85, "atk": 85, "def": 85, "spa": 85, "spd": 85, "spe": 85}, "ivs": {"hp": 31, "atk": 31, "def": 31, "spa": 31, "spd": 31, "spe": 31}, "item": "Leftovers", "teraType": "Electric", "role": "Bulky Attacker", "bvs": {"hp": 58, "atk": 95, "def": 58, "spa": 70, "spd": 58, "spe": 97}, "stats": {"hp": 245, "atk": 217, "def": 152, "spa": 173, "spd": 152, "spe": 221}, "types": ["Electric", "Dark"]}, "Eternatus": {"name": "Eternatus", "species": "Eternatus", "speciesId": "eternatus", "gender": "N", "shiny": false, "level": 69, "moves": ["sludgebomb", "dynamaxcannon", "fireblast", "meteorbeam"], "ability": "Pressure", "evs": {"hp": 85, "atk": 0, "def": 85, "spa": 85, "spd": 85, "spe": 85}, "ivs": {"hp": 31, "atk": 0, "def": 31, "spa": 31, "spd": 31, "spe": 31}, "item": "Power Herb", "teraType": "Fire", "role": "Setup Sweeper", "bvs": {"hp": 140, "atk": 85, "def": 95, "spa": 145, "spd": 95, "spe": 130}, "stats": {"hp": 308, "atk": 122, "def": 171, "spa": 240, "spd": 171, "spe": 220}, "types": ["Poison", "Dragon"]}, "Veluza": {"name": "Veluza", "species": "Veluza", "speciesId": "veluza", "gender": "F", "shiny": false, "level": 85, "moves": ["flipturn", "nightslash", "psychocut", "aquacutter"], "ability": "Sharpness", "evs": {"hp": 85, "atk": 85, "def": 85, "spa": 85, "spd": 85, "spe": 85}, "ivs": {"hp": 31, "atk": 31, "def": 31, "spa": 31, "spd": 31, "spe": 31}, "item": "Choice Scarf", "teraType": "Water", "role": "Fast Attacker", "bvs": {"hp": 90, "atk": 102, "def": 73, "spa": 78, "spd": 65, "spe": 70}, "stats": {"hp": 292, "atk": 222, "def": 173, "spa": 181, "spd": 159, "spe": 168}, "types": ["Water", "Psychic"]}, "Greninja": {"name": "Greninja", "species": "Greninja-Bond", "speciesId": "greninjabond", "gender": "M", "shiny": false, "level": 80, "moves": ["darkpulse", "gunkshot", "hydropump", "icebeam"], "ability": "Battle Bond", "evs": {"hp": 85, "atk": 85, "def": 85, "spa": 85, "spd": 85, "spe": 85}, "ivs": {"hp": 31, "atk": 31, "def": 31, "spa": 31, "spd": 31, "spe": 31}, "item": "Life Orb", "teraType": "Poison", "role": "Fast Attacker", "bvs": {"hp": 72, "atk": 95, "def": 67, "spa": 103, "spd": 71, "spe": 122}, "stats": {"hp": 246, "atk": 198, "def": 153, "spa": 211, "spd": 160, "spe": 241}, "types": ["Water", "Dark"]}, "Rotom": {"name": "Rotom", "species": "Rotom-Heat", "speciesId": "rotomheat", "gender": "N", "shiny": false, "level": 83, "moves": ["nastyplot", "thunderbolt", "overheat", "painsplit"], "ability": "Levitate", "evs": {"hp": 85, "atk": 0, "def": 85, "spa": 85, "spd": 85, "spe": 85}, "ivs": {"hp": 31, "atk": 0, "def": 31, "spa": 31, "spd": 31, "spe": 31}, "item": "Heavy-Duty Boots", "teraType": "Steel", "role": "Bulky Attacker", "bvs": {"hp": 50, "atk": 65, "def": 107, "spa": 105, "spd": 107, "spe": 86}, "stats": {"hp": 219, "atk": 112, "def": 225, "spa": 222, "spd": 225, "spe": 190}, "types": ["Electric", "Fire"]}, "Venomoth": {"name": "Venomoth", "species": "Venomoth", "speciesId": "venomoth", "gender": "F", "shiny": false, "level": 84, "moves": ["sludgewave", "quiverdance", "bugbuzz", "sleeppowder"], "ability": "Tinted Lens", "evs": {"hp": 85, "atk": 0, "def": 85, "spa": 85, "spd": 85, "spe": 85}, "ivs": {"hp": 31, "atk": 0, "def": 31, "spa": 31, "spd": 31, "spe": 31}, "item": "Heavy-Duty Boots", "teraType": "Bug", "role": "Setup Sweeper", "bvs": {"hp": 70, "atk": 65, "def": 60, "spa": 90, "spd": 75, "spe": 90}, "stats": {"hp": 255, "atk": 114, "def": 149, "spa": 199, "spd": 174, "spe": 199}, "types": ["Bug", "Poison"]}}]}