{"id": "gen9randombattle-2641239736", "format": "[Gen 9] Random Battle", "players": ["wienerhaus", "denlah"], "log": "|j|\u2606wienerhaus\n|j|\u2606denlah\n|t:|1782757758\n|gametype|singles\n|player|p1|wienerhaus|blue|1961\n|player|p2|denlah|ruinmaniac|1919\n|gen|9\n|tier|[Gen 9] Random Battle\n|rated|\n|rule|Species Clause: Limit one of each Pok\u00e9mon\n|rule|HP Percentage Mod: HP is shown in percentages\n|rule|Sleep Clause Mod: Limit one foe put to sleep\n|rule|Illusion Level Mod: Illusion disguises the Pok\u00e9mon's true level\n|\n|t:|1782757758\n|teamsize|p1|6\n|teamsize|p2|6\n|start\n|switch|p1a: Toucannon|Toucannon, L88, F|284/284\n|switch|p2a: Noivern|Noivern, L82, F|274/274\n|turn|1\n|c|\u2606wienerhaus|glhf\n|inactive|Battle timer is ON: inactive players will automatically lose when time's up. (requested by wienerhaus)\n|inactive|denlah has 120 seconds left.\n|\n|t:|1782757800\n|-singleturn|p1a: Toucannon|move: Beak Blast\n|move|p2a: Noivern|Boomburst|p1a: Toucannon\n|-damage|p1a: Toucannon|136/284\n|move|p1a: Toucannon|Beak Blast|p2a: Noivern\n|-damage|p2a: Noivern|118/274\n|\n|upkeep\n|turn|2\n|c|\u2606denlah|you too :)\n|\n|t:|1782757812\n|switch|p1a: Ting-Lu|Ting-Lu, L78|370/370\n|-ability|p1a: Ting-Lu|Vessel of Ruin\n|move|p2a: Noivern|Boomburst|p1a: Ting-Lu\n|-damage|p1a: Ting-Lu|242/370\n|\n|-heal|p1a: Ting-Lu|265/370|[from] item: Leftovers\n|upkeep\n|turn|3\n|\n|t:|1782757817\n|switch|p2a: Granbull|Granbull, L88, F|302/302\n|-ability|p2a: Granbull|Intimidate|boost\n|-unboost|p1a: Ting-Lu|atk|1\n|move|p1a: Ting-Lu|Stealth Rock|p2a: Granbull\n|-sidestart|p2: denlah|move: Stealth Rock\n|\n|-heal|p1a: Ting-Lu|288/370|[from] item: Leftovers\n|upkeep\n|turn|4\n|\n|t:|1782757835\n|switch|p1a: Toucannon|Toucannon, L88, F|136/284\n|move|p2a: Granbull|Play Rough|p1a: Toucannon\n|-damage|p1a: Toucannon|0 fnt\n|faint|p1a: Toucannon\n|\n|upkeep\n|\n|t:|1782757840\n|switch|p1a: Copperajah|Copperajah, L86, F|349/349\n|turn|5\n|\n|t:|1782757854\n|switch|p2a: Dunsparce|Dunsparce, L86, F|312/312\n|-damage|p2a: Dunsparce|273/312|[from] Stealth Rock\n|move|p1a: Copperajah|Heavy Slam|p2a: Dunsparce\n|-damage|p2a: Dunsparce|93/312\n|\n|upkeep\n|turn|6\n|\n|t:|1782757865\n|move|p2a: Dunsparce|Earthquake|p1a: Copperajah\n|-supereffective|p1a: Copperajah\n|-crit|p1a: Copperajah\n|-damage|p1a: Copperajah|137/349\n|move|p1a: Copperajah|Heavy Slam|p2a: Dunsparce\n|-damage|p2a: Dunsparce|0 fnt\n|faint|p2a: Dunsparce\n|\n|upkeep\n|\n|t:|1782757870\n|switch|p2a: Ludicolo|Ludicolo, L90, F|290/290\n|-damage|p2a: Ludicolo|254/290|[from] Stealth Rock\n|turn|7\n|\n|t:|1782757876\n|move|p2a: Ludicolo|Hydro Pump|p1a: Copperajah\n|-damage|p1a: Copperajah|0 fnt\n|faint|p1a: Copperajah\n|\n|upkeep\n|\n|t:|1782757880\n|switch|p1a: Braviary|Braviary-Hisui, L85, M|326/326\n|turn|8\n|\n|t:|1782757884\n|move|p2a: Ludicolo|Hydro Pump|p1a: Braviary|[miss]\n|-miss|p2a: Ludicolo|p1a: Braviary\n|move|p1a: Braviary|Esper Wing|p2a: Ludicolo\n|-damage|p2a: Ludicolo|175/290\n|-boost|p1a: Braviary|spe|1\n|\n|upkeep\n|turn|9\n|\n|t:|1782757888\n|move|p1a: Braviary|Hurricane|p2a: Ludicolo|[miss]\n|-miss|p1a: Braviary|p2a: Ludicolo\n|move|p2a: Ludicolo|Hydro Pump|p1a: Braviary\n|-damage|p1a: Braviary|92/326\n|\n|upkeep\n|turn|10\n|\n|t:|1782757894\n|move|p1a: Braviary|Hurricane|p2a: Ludicolo\n|-supereffective|p2a: Ludicolo\n|-damage|p2a: Ludicolo|0 fnt\n|faint|p2a: Ludicolo\n|\n|upkeep\n|\n|t:|1782757909\n|switch|p2a: Granbull|Granbull, L88, F|302/302\n|-damage|p2a: Granbull|265/302|[from] Stealth Rock\n|-ability|p2a: Granbull|Intimidate|boost\n|-unboost|p1a: Braviary|atk|1\n|turn|11\n|\n|t:|1782757917\n|move|p1a: Braviary|Roost|p1a: Braviary\n|-heal|p1a: Braviary|255/326\n|-singleturn|p1a: Braviary|move: Roost\n|move|p2a: Granbull|Play Rough|p1a: Braviary\n|-damage|p1a: Braviary|120/326\n|\n|-heal|p2a: Granbull|283/302|[from] item: Leftovers\n|upkeep\n|turn|12\n|\n|t:|1782757926\n|move|p1a: Braviary|Roost|p1a: Braviary\n|-heal|p1a: Braviary|283/326\n|-singleturn|p1a: Braviary|move: Roost\n|move|p2a: Granbull|Thunder Wave|p1a: Braviary\n|-status|p1a: Braviary|par\n|\n|-heal|p2a: Granbull|301/302|[from] item: Leftovers\n|upkeep\n|turn|13\n|\n|t:|1782757935\n|move|p2a: Granbull|Play Rough|p1a: Braviary\n|-damage|p1a: Braviary|130/326 par\n|move|p1a: Braviary|Esper Wing|p2a: Granbull\n|-damage|p2a: Granbull|187/302\n|-boost|p1a: Braviary|spe|1\n|\n|-heal|p2a: Granbull|205/302|[from] item: Leftovers\n|upkeep\n|turn|14\n|\n|t:|1782757944\n|move|p1a: Braviary|Esper Wing|p2a: Granbull\n|-damage|p2a: Granbull|79/302\n|-boost|p1a: Braviary|spe|1\n|move|p2a: Granbull|Play Rough|p1a: Braviary|[miss]\n|-miss|p2a: Granbull|p1a: Braviary\n|\n|-heal|p2a: Granbull|97/302|[from] item: Leftovers\n|upkeep\n|turn|15\n|\n|t:|1782757949\n|move|p1a: Braviary|Esper Wing|p2a: Granbull\n|-damage|p2a: Granbull|0 fnt\n|-boost|p1a: Braviary|spe|1\n|faint|p2a: Granbull\n|\n|upkeep\n|\n|t:|1782757959\n|switch|p2a: Cyclizar|Cyclizar, L83, M|252/252\n|turn|16\n|\n|t:|1782757975\n|move|p2a: Cyclizar|Knock Off|p1a: Braviary\n|-supereffective|p1a: Braviary\n|-damage|p1a: Braviary|0 fnt\n|-enditem|p1a: Braviary|Heavy-Duty Boots|[from] move: Knock Off|[of] p2a: Cyclizar\n|faint|p1a: Braviary\n|\n|upkeep\n|\n|t:|1782757979\n|switch|p1a: Ting-Lu|Ting-Lu, L78|288/370\n|-ability|p1a: Ting-Lu|Vessel of Ruin\n|turn|17\n|\n|t:|1782757985\n|move|p2a: Cyclizar|Rapid Spin|p1a: Ting-Lu\n|-damage|p1a: Ting-Lu|242/370\n|-boost|p2a: Cyclizar|spe|1\n|-sideend|p2: denlah|Stealth Rock|[from] move: Rapid Spin|[of] p2a: Cyclizar\n|move|p1a: Ting-Lu|Whirlwind|p2a: Cyclizar\n|drag|p2a: Vivillon|Vivillon-Marine, L83, F|268/268\n|\n|-heal|p1a: Ting-Lu|265/370|[from] item: Leftovers\n|upkeep\n|turn|18\n|\n|t:|1782758001\n|switch|p1a: Hatterene|Hatterene, L85, F|236/236\n|move|p2a: Vivillon|Sleep Powder|p1a: Hatterene\n|move|p1a: Hatterene|Sleep Powder|p2a: Vivillon|[from] ability: Magic Bounce\n|-status|p2a: Vivillon|slp|[from] move: Sleep Powder\n|\n|upkeep\n|turn|19\n|\n|t:|1782758011\n|cant|p2a: Vivillon|slp\n|move|p1a: Hatterene|Calm Mind|p1a: Hatterene\n|-boost|p1a: Hatterene|spa|1\n|-boost|p1a: Hatterene|spd|1\n|\n|upkeep\n|turn|20\n|\n|t:|1782758016\n|-curestatus|p2a: Vivillon|slp|[msg]\n|move|p2a: Vivillon|Quiver Dance|p2a: Vivillon\n|-boost|p2a: Vivillon|spa|1\n|-boost|p2a: Vivillon|spd|1\n|-boost|p2a: Vivillon|spe|1\n|move|p1a: Hatterene|Mystical Fire|p2a: Vivillon\n|-supereffective|p2a: Vivillon\n|-damage|p2a: Vivillon|66/268\n|-unboost|p2a: Vivillon|spa|1\n|\n|upkeep\n|turn|21\n|\n|t:|1782758025\n|move|p2a: Vivillon|Hurricane|p1a: Hatterene\n|-damage|p1a: Hatterene|173/236\n|move|p1a: Hatterene|Mystical Fire|p2a: Vivillon\n|-supereffective|p2a: Vivillon\n|-damage|p2a: Vivillon|0 fnt\n|faint|p2a: Vivillon\n|\n|-heal|p1a: Hatterene|187/236|[from] item: Leftovers\n|upkeep\n|-message|denlah forfeited.\n|\n|win|wienerhaus\n", "inputlog": ">version f8ac14003a5f27e1bdc8d8c59608a773c1cb96e5\n>start {\"formatid\":\"gen9randombattle\",\"seed\":\"sodium,a98dfa5256d6589262e244ec58640abf\",\"rated\":\"Rated battle\"}\n>player p1 {\"name\":\"wienerhaus\",\"avatar\":\"blue\",\"rating\":1961,\"seed\":\"sodium,da07c80a6d73242e3d48b26ce2f65e76\"}\n>player p2 {\"name\":\"denlah\",\"avatar\":\"ruinmaniac\",\"rating\":1919,\"seed\":\"sodium,79987ccd7ed61501ea8c9c00903f4b18\"}\n>chat \u2606wienerhaus|glhf\n>p1 move beakblast\n>p2 move boomburst\n>chat \u2606denlah|you too :)\n>p1 switch 3\n>p2 move boomburst\n>p1 move stealthrock\n>p2 switch 2\n>p1 switch 3\n>p2 move playrough\n>p1 switch 5\n>p1 move heavyslam\n>p2 switch 5\n>p1 move heavyslam\n>p2 move earthquake\n>p2 switch 4\n>p1 move heavyslam\n>p2 move hydropump\n>p1 switch 2\n>p1 move esperwing\n>p2 move hydropump\n>p1 move hurricane\n>p2 move hydropump\n>p1 move hurricane\n>p2 move hydropump\n>p2 switch 5\n>p1 move roost\n>p2 move playrough\n>p1 move roost\n>p2 move thunderwave\n>p1 move esperwing\n>p2 move playrough\n>p1 move esperwing\n>p2 move playrough\n>p1 move esperwing\n>p2 move playrough\n>p2 switch 3\n>p1 move roost\n>p2 move knockoff\n>p1 switch 3\n>p1 move whirlwind\n>p2 move rapidspin\n>p1 switch 6\n>p2 move sleeppowder\n>p1 move calmmind\n>p2 move quiverdance\n>p1 move mysticalfire\n>p2 move quiverdance\n>p1 move mysticalfire\n>p2 move hurricane\n>forcelose p2", "uploadtime": 1782757759, "views": 4, "formatid": "gen9randombattle", "rating": null, "private": 0, "password": null, "player_dets": [{"name": "wienerhaus", "avatar": "blue", "rating": 1961, "seed": "sodium,da07c80a6d73242e3d48b26ce2f65e76"}, {"name": "denlah", "avatar": "ruinmaniac", "rating": 1919, "seed": "sodium,79987ccd7ed61501ea8c9c00903f4b18"}], "teams_full": [{"Toucannon": {"name": "Toucannon", "species": "Toucannon", "speciesId": "toucannon", "gender": "F", "shiny": false, "level": 88, "moves": ["boomburst", "beakblast", "uturn", "roost"], "ability": "Keen Eye", "evs": {"hp": 85, "atk": 85, "def": 85, "spa": 85, "spd": 85, "spe": 85}, "ivs": {"hp": 31, "atk": 31, "def": 31, "spa": 31, "spd": 31, "spe": 31}, "item": "Heavy-Duty Boots", "teraType": "Steel", "role": "Bulky Support", "bvs": {"hp": 80, "atk": 120, "def": 75, "spa": 75, "spd": 75, "spe": 60}, "stats": {"hp": 284, "atk": 261, "def": 182, "spa": 182, "spd": 182, "spe": 156}, "types": ["Normal", "Flying"]}, "Braviary": {"name": "Braviary", "species": "Braviary-Hisui", "speciesId": "braviaryhisui", "gender": "M", "shiny": false, "level": 85, "moves": ["hurricane", "defog", "esperwing", "roost"], "ability": "Tinted Lens", "evs": {"hp": 85, "atk": 0, "def": 85, "spa": 85, "spd": 85, "spe": 85}, "ivs": {"hp": 31, "atk": 0, "def": 31, "spa": 31, "spd": 31, "spe": 31}, "item": "Heavy-Duty Boots", "teraType": "Fairy", "role": "Bulky Attacker", "bvs": {"hp": 110, "atk": 83, "def": 70, "spa": 112, "spd": 70, "spe": 65}, "stats": {"hp": 326, "atk": 146, "def": 168, "spa": 239, "spd": 168, "spe": 159}, "types": ["Psychic", "Flying"]}, "Ting-Lu": {"name": "Ting-Lu", "species": "Ting-Lu", "speciesId": "tinglu", "gender": "N", "shiny": false, "level": 78, "moves": ["stealthrock", "throatchop", "earthquake", "whirlwind"], "ability": "Vessel of Ruin", "evs": {"hp": 85, "atk": 85, "def": 85, "spa": 85, "spd": 85, "spe": 85}, "ivs": {"hp": 31, "atk": 31, "def": 31, "spa": 31, "spd": 31, "spe": 31}, "item": "Leftovers", "teraType": "Poison", "role": "Bulky Support", "bvs": {"hp": 155, "atk": 110, "def": 125, "spa": 55, "spd": 80, "spe": 45}, "stats": {"hp": 370, "atk": 217, "def": 240, "spa": 131, "spd": 170, "spe": 115}, "types": ["Dark", "Ground"]}, "Suicune": {"name": "Suicune", "species": "Suicune", "speciesId": "suicune", "gender": "N", "shiny": false, "level": 82, "moves": ["protect", "substitute", "calmmind", "scald"], "ability": "Pressure", "evs": {"hp": 85, "atk": 0, "def": 85, "spa": 85, "spd": 85, "spe": 85}, "ivs": {"hp": 31, "atk": 0, "def": 31, "spa": 31, "spd": 31, "spe": 31}, "item": "Leftovers", "teraType": "Steel", "role": "Fast Support", "bvs": {"hp": 100, "atk": 75, "def": 115, "spa": 90, "spd": 115, "spe": 85}, "stats": {"hp": 298, "atk": 127, "def": 236, "spa": 195, "spd": 236, "spe": 187}, "types": ["Water"]}, "Copperajah": {"name": "Copperajah", "species": "Copperajah", "speciesId": "copperajah", "gender": "F", "shiny": false, "level": 86, "moves": ["supercellslam", "heavyslam", "heatcrash", "superpower"], "ability": "Heavy Metal", "evs": {"hp": 81, "atk": 85, "def": 85, "spa": 85, "spd": 85, "spe": 85}, "ivs": {"hp": 31, "atk": 31, "def": 31, "spa": 31, "spd": 31, "spe": 31}, "item": "Choice Band", "teraType": "Flying", "role": "Bulky Attacker", "bvs": {"hp": 122, "atk": 130, "def": 69, "spa": 80, "spd": 69, "spe": 30}, "stats": {"hp": 349, "atk": 273, "def": 168, "spa": 187, "spd": 168, "spe": 101}, "types": ["Steel"]}, "Hatterene": {"name": "Hatterene", "species": "Hatterene", "speciesId": "hatterene", "gender": "F", "shiny": false, "level": 85, "moves": ["mysticalfire", "calmmind", "psychic", "drainingkiss"], "ability": "Magic Bounce", "evs": {"hp": 85, "atk": 0, "def": 85, "spa": 85, "spd": 85, "spe": 85}, "ivs": {"hp": 31, "atk": 0, "def": 31, "spa": 31, "spd": 31, "spe": 31}, "item": "Leftovers", "teraType": "Fairy", "role": "Bulky Setup", "bvs": {"hp": 57, "atk": 90, "def": 95, "spa": 136, "spd": 103, "spe": 29}, "stats": {"hp": 236, "atk": 158, "def": 210, "spa": 280, "spd": 224, "spe": 98}, "types": ["Psychic", "Fairy"]}}, {"Noivern": {"name": "Noivern", "species": "Noivern", "speciesId": "noivern", "gender": "F", "shiny": false, "level": 82, "moves": ["dracometeor", "hurricane", "boomburst", "flamethrower"], "ability": "Infiltrator", "evs": {"hp": 85, "atk": 0, "def": 85, "spa": 85, "spd": 85, "spe": 85}, "ivs": {"hp": 31, "atk": 0, "def": 31, "spa": 31, "spd": 31, "spe": 31}, "item": "Choice Specs", "teraType": "Normal", "role": "Fast Attacker", "bvs": {"hp": 85, "atk": 70, "def": 80, "spa": 97, "spd": 80, "spe": 123}, "stats": {"hp": 274, "atk": 119, "def": 178, "spa": 206, "spd": 178, "spe": 249}, "types": ["Flying", "Dragon"]}, "Granbull": {"name": "Granbull", "species": "Granbull", "speciesId": "granbull", "gender": "F", "shiny": false, "level": 88, "moves": ["playrough", "roar", "earthquake", "thunderwave"], "ability": "Intimidate", "evs": {"hp": 85, "atk": 85, "def": 85, "spa": 85, "spd": 85, "spe": 85}, "ivs": {"hp": 31, "atk": 31, "def": 31, "spa": 31, "spd": 31, "spe": 31}, "item": "Leftovers", "teraType": "Ground", "role": "Bulky Support", "bvs": {"hp": 90, "atk": 120, "def": 75, "spa": 60, "spd": 60, "spe": 45}, "stats": {"hp": 302, "atk": 261, "def": 182, "spa": 156, "spd": 156, "spe": 129}, "types": ["Fairy"]}, "Cyclizar": {"name": "Cyclizar", "species": "Cyclizar", "speciesId": "cyclizar", "gender": "M", "shiny": false, "level": 83, "moves": ["rapidspin", "shedtail", "dracometeor", "knockoff"], "ability": "Regenerator", "evs": {"hp": 85, "atk": 85, "def": 85, "spa": 85, "spd": 85, "spe": 85}, "ivs": {"hp": 31, "atk": 31, "def": 31, "spa": 31, "spd": 31, "spe": 31}, "item": "Heavy-Duty Boots", "teraType": "Steel", "role": "Fast Support", "bvs": {"hp": 70, "atk": 95, "def": 65, "spa": 85, "spd": 65, "spe": 121}, "stats": {"hp": 252, "atk": 205, "def": 156, "spa": 189, "spd": 156, "spe": 249}, "types": ["Dragon", "Normal"]}, "Ludicolo": {"name": "Ludicolo", "species": "Ludicolo", "speciesId": "ludicolo", "gender": "F", "shiny": false, "level": 90, "moves": ["icebeam", "leafstorm", "hydropump", "gigadrain"], "ability": "Swift Swim", "evs": {"hp": 85, "atk": 0, "def": 85, "spa": 85, "spd": 85, "spe": 85}, "ivs": {"hp": 31, "atk": 0, "def": 31, "spa": 31, "spd": 31, "spe": 31}, "item": "Choice Specs", "teraType": "Grass", "role": "Fast Attacker", "bvs": {"hp": 80, "atk": 70, "def": 70, "spa": 90, "spd": 100, "spe": 70}, "stats": {"hp": 290, "atk": 131, "def": 177, "spa": 213, "spd": 231, "spe": 177}, "types": ["Water", "Grass"]}, "Dunsparce": {"name": "Dunsparce", "species": "Dunsparce", "speciesId": "dunsparce", "gender": "F", "shiny": false, "level": 86, "moves": ["earthquake", "roost", "coil", "bodyslam"], "ability": "Serene Grace", "evs": {"hp": 85, "atk": 85, "def": 85, "spa": 85, "spd": 85, "spe": 85}, "ivs": {"hp": 31, "atk": 31, "def": 31, "spa": 31, "spd": 31, "spe": 31}, "item": "Eviolite", "teraType": "Ghost", "role": "Bulky Setup", "bvs": {"hp": 100, "atk": 70, "def": 70, "spa": 65, "spd": 65, "spe": 45}, "stats": {"hp": 312, "atk": 170, "def": 170, "spa": 161, "spd": 161, "spe": 127}, "types": ["Normal"]}, "Vivillon": {"name": "Vivillon", "species": "Vivillon-Marine", "speciesId": "vivillon", "gender": "F", "shiny": false, "level": 83, "moves": ["terablast", "hurricane", "quiverdance", "sleeppowder"], "ability": "Compound Eyes", "evs": {"hp": 85, "atk": 0, "def": 85, "spa": 85, "spd": 85, "spe": 85}, "ivs": {"hp": 31, "atk": 0, "def": 31, "spa": 31, "spd": 31, "spe": 31}, "item": "Heavy-Duty Boots", "teraType": "Ground", "role": "Tera Blast user", "bvs": {"hp": 80, "atk": 52, "def": 50, "spa": 90, "spd": 50, "spe": 89}, "stats": {"hp": 268, "atk": 91, "def": 131, "spa": 197, "spd": 131, "spe": 195}, "types": ["Bug", "Flying"]}}]}