{"id": "gen9randombattle-2641671498", "format": "[Gen 9] Random Battle", "players": ["kiitolinja", "Ry7i"], "log": "|j|\u2606kiitolinja\n|j|\u2606Ry7i\n|t:|1782827855\n|gametype|singles\n|player|p1|kiitolinja|drayden|1906\n|player|p2|Ry7i|169|1952\n|gen|9\n|tier|[Gen 9] Random Battle\n|rated|\n|rule|Species Clause: Limit one of each Pok\u00e9mon\n|rule|HP Percentage Mod: HP is shown in percentages\n|rule|Sleep Clause Mod: Limit one foe put to sleep\n|rule|Illusion Level Mod: Illusion disguises the Pok\u00e9mon's true level\n|\n|t:|1782827855\n|teamsize|p1|6\n|teamsize|p2|6\n|start\n|switch|p1a: Furret|Furret, L94, M|312/312\n|switch|p2a: Kilowattrel|Kilowattrel, L83, M|252/252\n|-item|p2a: Kilowattrel|Heavy-Duty Boots|[from] ability: Frisk|[of] p1a: Furret\n|turn|1\n|inactive|Battle timer is ON: inactive players will automatically lose when time's up. (requested by kiitolinja)\n|\n|t:|1782827867\n|move|p2a: Kilowattrel|U-turn|p1a: Furret\n|-damage|p1a: Furret|267/312\n|\n|t:|1782827870\n|switch|p2a: Mismagius|Mismagius, L86, F|243/243|[from] U-turn\n|move|p1a: Furret|Tidy Up|p1a: Furret\n|-boost|p1a: Furret|atk|1\n|-boost|p1a: Furret|spe|1\n|\n|upkeep\n|turn|2\n|\n|t:|1782827881\n|switch|p2a: Chimecho|Chimecho, L93, M|290/290\n|move|p1a: Furret|Knock Off|p2a: Chimecho\n|-supereffective|p2a: Chimecho\n|-damage|p2a: Chimecho|35/290\n|-enditem|p2a: Chimecho|Leftovers|[from] move: Knock Off|[of] p1a: Furret\n|-damage|p1a: Furret|236/312|[from] item: Life Orb\n|\n|upkeep\n|turn|3\n|\n|t:|1782827885\n|move|p1a: Furret|Knock Off|p2a: Chimecho\n|-supereffective|p2a: Chimecho\n|-damage|p2a: Chimecho|0 fnt\n|faint|p2a: Chimecho\n|-damage|p1a: Furret|205/312|[from] item: Life Orb\n|\n|upkeep\n|\n|t:|1782827889\n|switch|p2a: Glaceon|Glaceon, L94, F|275/275\n|turn|4\n|\n|t:|1782827896\n|move|p1a: Furret|Tidy Up|p1a: Furret\n|-boost|p1a: Furret|atk|1\n|-boost|p1a: Furret|spe|1\n|move|p2a: Glaceon|Freeze-Dry|p1a: Furret\n|-damage|p1a: Furret|51/312\n|\n|upkeep\n|turn|5\n|\n|t:|1782827908\n|switch|p2a: Mismagius|Mismagius, L86, F|243/243\n|move|p1a: Furret|Brick Break|p2a: Mismagius\n|-immune|p2a: Mismagius\n|\n|upkeep\n|turn|6\n|\n|t:|1782827913\n|switch|p2a: Glaceon|Glaceon, L94, F|275/275\n|move|p1a: Furret|Knock Off|p2a: Glaceon\n|-damage|p2a: Glaceon|127/275\n|-enditem|p2a: Glaceon|Heavy-Duty Boots|[from] move: Knock Off|[of] p1a: Furret\n|-damage|p1a: Furret|20/312|[from] item: Life Orb\n|\n|upkeep\n|turn|7\n|\n|t:|1782827923\n|move|p1a: Furret|Double-Edge|p2a: Glaceon\n|-damage|p2a: Glaceon|0 fnt\n|faint|p2a: Glaceon\n|-damage|p1a: Furret|0 fnt|[from] Recoil\n|faint|p1a: Furret\n|\n|upkeep\n|\n|t:|1782827935\n|switch|p1a: Blissey|Blissey, L85, F|572/572\n|switch|p2a: Zangoose|Zangoose, L85, M|263/263\n|turn|8\n|inactive|kiitolinja has 120 seconds left.\n|\n|t:|1782827986\n|switch|p1a: Empoleon|Empoleon, L84, F|278/278\n|move|p2a: Zangoose|Swords Dance|p2a: Zangoose\n|-boost|p2a: Zangoose|atk|2\n|\n|-status|p2a: Zangoose|tox|[from] item: Toxic Orb\n|upkeep\n|turn|9\n|inactive|kiitolinja has 90 seconds left.\n|\n|t:|1782828010\n|move|p2a: Zangoose|Close Combat|p1a: Empoleon\n|-supereffective|p1a: Empoleon\n|-crit|p1a: Empoleon\n|-damage|p1a: Empoleon|0 fnt\n|-unboost|p2a: Zangoose|def|1\n|-unboost|p2a: Zangoose|spd|1\n|faint|p1a: Empoleon\n|\n|-damage|p2a: Zangoose|247/263 tox|[from] psn\n|upkeep\n|inactive|kiitolinja has 90 seconds left.\n|\n|t:|1782828020\n|switch|p1a: Solgaleo|Solgaleo, L74|325/325\n|turn|10\n|\n|t:|1782828036\n|move|p2a: Zangoose|Knock Off|p1a: Solgaleo\n|-supereffective|p1a: Solgaleo\n|-damage|p1a: Solgaleo|0 fnt\n|-enditem|p1a: Solgaleo|Weakness Policy|[from] move: Knock Off|[of] p2a: Zangoose\n|faint|p1a: Solgaleo\n|\n|-damage|p2a: Zangoose|215/263 tox|[from] psn\n|upkeep\n|\n|t:|1782828047\n|switch|p1a: Scovillain|Scovillain, L91, M|266/266\n|turn|11\n|\n|t:|1782828057\n|move|p1a: Scovillain|Overheat|p2a: Zangoose\n|-damage|p2a: Zangoose|0 fnt\n|-unboost|p1a: Scovillain|spa|2\n|faint|p2a: Zangoose\n|\n|upkeep\n|l|\u2606Ry7i\n|inactive|Ry7i disconnected and has a minute to reconnect!\n|player|p2|\n|inactive|Ry7i has 30 seconds to reconnect!\n|inactive|Ry7i has 20 seconds to reconnect!\n|inactive|Ry7i has 15 seconds to reconnect!\n|inactive|Ry7i has 10 seconds to reconnect!\n|inactive|Ry7i has 5 seconds to reconnect!\n|-message|Ry7i lost due to inactivity.\n|\n|win|kiitolinja\n|raw|kiitolinja's rating: 1906 &rarr; <strong>1929</strong><br />(+23 for winning)\n|raw|Ry7i's rating: 1952 &rarr; <strong>1929</strong><br />(-23 for losing)\n", "inputlog": ">version f8ac14003a5f27e1bdc8d8c59608a773c1cb96e5\n>start {\"formatid\":\"gen9randombattle\",\"seed\":\"sodium,5901cc4fbe882e731a08ecbed5b85fb0\",\"rated\":\"Rated battle\"}\n>player p1 {\"name\":\"kiitolinja\",\"avatar\":\"drayden\",\"rating\":1906,\"seed\":\"sodium,292624bb659e21690e818fe0b8fad21f\"}\n>player p2 {\"name\":\"Ry7i\",\"avatar\":\"169\",\"rating\":1952,\"seed\":\"sodium,83fbdf46d3fd7dc7e64ad0e9b736e4a5\"}\n>p1 move tidyup\n>p2 move uturn\n>p2 switch 3\n>p1 move knockoff\n>p2 switch 4\n>p1 move knockoff\n>p2 move psychicnoise\n>p2 switch 2\n>p1 move tidyup\n>p2 move freezedry\n>p1 move brickbreak\n>p2 switch 4\n>p1 move knockoff\n>p2 switch 4\n>p1 move doubleedge\n>p2 move wish\n>p1 switch 4\n>p2 switch 6\n>p1 switch 5\n>p2 move swordsdance\n>p1 move flipturn\n>p2 move closecombat\n>p1 switch 6\n>p1 move flamecharge\n>p2 move knockoff\n>p1 switch 3\n>p1 move overheat\n>p2 move facade\n>forcelose p2", "uploadtime": 1782827858, "views": 4, "formatid": "gen9randombattle", "rating": 1929, "private": 0, "password": null, "player_dets": [{"name": "kiitolinja", "avatar": "drayden", "rating": 1906, "seed": "sodium,292624bb659e21690e818fe0b8fad21f"}, {"name": "Ry7i", "avatar": "169", "rating": 1952, "seed": "sodium,83fbdf46d3fd7dc7e64ad0e9b736e4a5"}], "teams_full": [{"Furret": {"name": "Furret", "species": "Furret", "speciesId": "furret", "gender": "M", "shiny": false, "level": 94, "moves": ["doubleedge", "knockoff", "tidyup", "brickbreak"], "ability": "Frisk", "evs": {"hp": 85, "atk": 85, "def": 85, "spa": 85, "spd": 85, "spe": 85}, "ivs": {"hp": 31, "atk": 31, "def": 31, "spa": 31, "spd": 31, "spe": 31}, "item": "Life Orb", "teraType": "Ghost", "role": "Setup Sweeper", "bvs": {"hp": 85, "atk": 76, "def": 64, "spa": 45, "spd": 55, "spe": 90}, "stats": {"hp": 312, "atk": 196, "def": 174, "spa": 138, "spd": 157, "spe": 223}, "types": ["Normal"]}, "Slowking": {"name": "Slowking", "species": "Slowking-Galar", "speciesId": "slowkinggalar", "gender": "M", "shiny": false, "level": 85, "moves": ["sludgebomb", "psychicnoise", "slackoff", "chillyreception"], "ability": "Regenerator", "evs": {"hp": 85, "atk": 0, "def": 85, "spa": 85, "spd": 85, "spe": 85}, "ivs": {"hp": 31, "atk": 0, "def": 31, "spa": 31, "spd": 31, "spe": 31}, "item": "Heavy-Duty Boots", "teraType": "Fairy", "role": "Bulky Attacker", "bvs": {"hp": 95, "atk": 65, "def": 80, "spa": 110, "spd": 110, "spe": 30}, "stats": {"hp": 300, "atk": 115, "def": 185, "spa": 236, "spd": 236, "spe": 100}, "types": ["Poison", "Psychic"]}, "Scovillain": {"name": "Scovillain", "species": "Scovillain", "speciesId": "scovillain", "gender": "M", "shiny": false, "level": 91, "moves": ["energyball", "flamethrower", "leafstorm", "overheat"], "ability": "Chlorophyll", "evs": {"hp": 85, "atk": 0, "def": 85, "spa": 85, "spd": 85, "spe": 85}, "ivs": {"hp": 31, "atk": 0, "def": 31, "spa": 31, "spd": 31, "spe": 31}, "item": "Choice Scarf", "teraType": "Grass", "role": "Fast Attacker", "bvs": {"hp": 65, "atk": 108, "def": 65, "spa": 108, "spd": 65, "spe": 75}, "stats": {"hp": 266, "atk": 201, "def": 170, "spa": 248, "spd": 170, "spe": 188}, "types": ["Grass", "Fire"]}, "Blissey": {"name": "Blissey", "species": "Blissey", "speciesId": "blissey", "gender": "F", "shiny": false, "level": 85, "moves": ["seismictoss", "thunderwave", "softboiled", "healbell"], "ability": "Natural Cure", "evs": {"hp": 85, "atk": 0, "def": 85, "spa": 85, "spd": 85, "spe": 85}, "ivs": {"hp": 31, "atk": 0, "def": 31, "spa": 31, "spd": 31, "spe": 31}, "item": "Leftovers", "teraType": "Fairy", "role": "Bulky Support", "bvs": {"hp": 255, "atk": 10, "def": 10, "spa": 75, "spd": 135, "spe": 55}, "stats": {"hp": 572, "atk": 22, "def": 66, "spa": 176, "spd": 278, "spe": 142}, "types": ["Normal"]}, "Empoleon": {"name": "Empoleon", "species": "Empoleon", "speciesId": "empoleon", "gender": "F", "shiny": false, "level": 84, "moves": ["flipturn", "roost", "stealthrock", "surf"], "ability": "Competitive", "evs": {"hp": 85, "atk": 85, "def": 85, "spa": 85, "spd": 85, "spe": 85}, "ivs": {"hp": 31, "atk": 31, "def": 31, "spa": 31, "spd": 31, "spe": 31}, "item": "Leftovers", "teraType": "Grass", "role": "Bulky Support", "bvs": {"hp": 84, "atk": 86, "def": 88, "spa": 111, "spd": 101, "spe": 60}, "stats": {"hp": 278, "atk": 193, "def": 196, "spa": 235, "spd": 218, "spe": 149}, "types": ["Water", "Steel"]}, "Solgaleo": {"name": "Solgaleo", "species": "Solgaleo", "speciesId": "solgaleo", "gender": "N", "shiny": false, "level": 74, "moves": ["psychic", "flamecharge", "sunsteelstrike", "knockoff"], "ability": "Full Metal Body", "evs": {"hp": 85, "atk": 85, "def": 85, "spa": 85, "spd": 85, "spe": 85}, "ivs": {"hp": 31, "atk": 31, "def": 31, "spa": 31, "spd": 31, "spe": 31}, "item": "Weakness Policy", "teraType": "Dark", "role": "Bulky Setup", "bvs": {"hp": 137, "atk": 137, "def": 107, "spa": 113, "spd": 89, "spe": 97}, "stats": {"hp": 325, "atk": 246, "def": 201, "spa": 210, "spd": 175, "spe": 187}, "types": ["Psychic", "Steel"]}}, {"Kilowattrel": {"name": "Kilowattrel", "species": "Kilowattrel", "speciesId": "kilowattrel", "gender": "M", "shiny": false, "level": 83, "moves": ["thunderbolt", "roost", "uturn", "hurricane"], "ability": "Volt Absorb", "evs": {"hp": 85, "atk": 85, "def": 85, "spa": 85, "spd": 85, "spe": 85}, "ivs": {"hp": 31, "atk": 31, "def": 31, "spa": 31, "spd": 31, "spe": 31}, "item": "Heavy-Duty Boots", "teraType": "Steel", "role": "Bulky Attacker", "bvs": {"hp": 70, "atk": 70, "def": 60, "spa": 105, "spd": 60, "spe": 125}, "stats": {"hp": 252, "atk": 164, "def": 147, "spa": 222, "spd": 147, "spe": 255}, "types": ["Electric", "Flying"]}, "Glaceon": {"name": "Glaceon", "species": "Glaceon", "speciesId": "glaceon", "gender": "F", "shiny": false, "level": 94, "moves": ["freezedry", "protect", "wish", "mudshot"], "ability": "Ice Body", "evs": {"hp": 85, "atk": 0, "def": 85, "spa": 85, "spd": 85, "spe": 85}, "ivs": {"hp": 31, "atk": 0, "def": 31, "spa": 31, "spd": 31, "spe": 31}, "item": "Heavy-Duty Boots", "teraType": "Ground", "role": "Bulky Attacker", "bvs": {"hp": 65, "atk": 60, "def": 110, "spa": 130, "spd": 95, "spe": 65}, "stats": {"hp": 275, "atk": 117, "def": 260, "spa": 298, "spd": 232, "spe": 176}, "types": ["Ice"]}, "Mismagius": {"name": "Mismagius", "species": "Mismagius", "speciesId": "mismagius", "gender": "F", "shiny": false, "level": 86, "moves": ["thunderbolt", "energyball", "mysticalfire", "shadowball"], "ability": "Levitate", "evs": {"hp": 85, "atk": 0, "def": 85, "spa": 85, "spd": 85, "spe": 85}, "ivs": {"hp": 31, "atk": 0, "def": 31, "spa": 31, "spd": 31, "spe": 31}, "item": "Choice Specs", "teraType": "Electric", "role": "Wallbreaker", "bvs": {"hp": 60, "atk": 60, "def": 60, "spa": 105, "spd": 105, "spe": 105}, "stats": {"hp": 243, "atk": 108, "def": 152, "spa": 230, "spd": 230, "spe": 230}, "types": ["Ghost"]}, "Chimecho": {"name": "Chimecho", "species": "Chimecho", "speciesId": "chimecho", "gender": "M", "shiny": false, "level": 93, "moves": ["calmmind", "dazzlinggleam", "recover", "psychicnoise"], "ability": "Levitate", "evs": {"hp": 85, "atk": 0, "def": 85, "spa": 85, "spd": 85, "spe": 85}, "ivs": {"hp": 31, "atk": 0, "def": 31, "spa": 31, "spd": 31, "spe": 31}, "item": "Leftovers", "teraType": "Poison", "role": "Bulky Setup", "bvs": {"hp": 75, "atk": 50, "def": 80, "spa": 95, "spd": 90, "spe": 65}, "stats": {"hp": 290, "atk": 98, "def": 202, "spa": 230, "spd": 220, "spe": 174}, "types": ["Psychic"]}, "Quaquaval": {"name": "Quaquaval", "species": "Quaquaval", "speciesId": "quaquaval", "gender": "F", "shiny": false, "level": 79, "moves": ["aquastep", "closecombat", "tripleaxel", "knockoff"], "ability": "Moxie", "evs": {"hp": 85, "atk": 85, "def": 85, "spa": 85, "spd": 85, "spe": 85}, "ivs": {"hp": 31, "atk": 31, "def": 31, "spa": 31, "spd": 31, "spe": 31}, "item": "Choice Band", "teraType": "Water", "role": "Wallbreaker", "bvs": {"hp": 85, "atk": 120, "def": 80, "spa": 85, "spd": 75, "spe": 85}, "stats": {"hp": 264, "atk": 235, "def": 172, "spa": 180, "spd": 164, "spe": 180}, "types": ["Water", "Fighting"]}, "Zangoose": {"name": "Zangoose", "species": "Zangoose", "speciesId": "zangoose", "gender": "M", "shiny": false, "level": 85, "moves": ["knockoff", "facade", "closecombat", "swordsdance"], "ability": "Toxic Boost", "evs": {"hp": 85, "atk": 85, "def": 85, "spa": 85, "spd": 85, "spe": 85}, "ivs": {"hp": 31, "atk": 31, "def": 31, "spa": 31, "spd": 31, "spe": 31}, "item": "Toxic Orb", "teraType": "Normal", "role": "Fast Attacker", "bvs": {"hp": 73, "atk": 115, "def": 60, "spa": 60, "spd": 60, "spe": 90}, "stats": {"hp": 263, "atk": 244, "def": 151, "spa": 151, "spd": 151, "spe": 202}, "types": ["Normal"]}}]}