{"id": "gen9randombattle-2641395030", "format": "[Gen 9] Random Battle", "players": ["silvos4321", "Best Kittel"], "log": "|j|\u2606silvos4321\n|j|\u2606Best Kittel\n|t:|1782778279\n|gametype|singles\n|player|p1|silvos4321|170|1794\n|player|p2|Best Kittel|volkner|1811\n|gen|9\n|tier|[Gen 9] Random Battle\n|rated|\n|rule|Species Clause: Limit one of each Pok\u00e9mon\n|rule|HP Percentage Mod: HP is shown in percentages\n|rule|Sleep Clause Mod: Limit one foe put to sleep\n|rule|Illusion Level Mod: Illusion disguises the Pok\u00e9mon's true level\n|\n|t:|1782778279\n|teamsize|p1|6\n|teamsize|p2|6\n|start\n|switch|p1a: Amoonguss|Amoonguss, L82, F|321/321\n|switch|p2a: Probopass|Probopass, L91, F|257/257\n|turn|1\n|inactive|Battle timer is ON: inactive players will automatically lose when time's up. (requested by silvos4321)\n|\n|t:|1782778298\n|move|p2a: Probopass|Iron Defense|p2a: Probopass\n|-boost|p2a: Probopass|def|2\n|move|p1a: Amoonguss|Spore|p2a: Probopass\n|-status|p2a: Probopass|slp|[from] move: Spore\n|-enditem|p2a: Probopass|Chesto Berry|[eat]\n|-curestatus|p2a: Probopass|slp|[msg]\n|\n|upkeep\n|turn|2\n|\n|t:|1782778305\n|move|p2a: Probopass|Iron Defense|p2a: Probopass\n|-boost|p2a: Probopass|def|2\n|move|p1a: Amoonguss|Spore|p2a: Probopass\n|-status|p2a: Probopass|slp|[from] move: Spore\n|\n|upkeep\n|turn|3\n|\n|t:|1782778311\n|cant|p2a: Probopass|slp\n|move|p1a: Amoonguss|Giga Drain|p2a: Probopass\n|-damage|p2a: Probopass|218/257 slp\n|\n|upkeep\n|turn|4\n|\n|t:|1782778324\n|switch|p1a: Girafarig|Girafarig, L89, M|269/269\n|cant|p2a: Probopass|slp\n|\n|upkeep\n|turn|5\n|\n|t:|1782778327\n|move|p1a: Girafarig|Nasty Plot|p1a: Girafarig\n|-boost|p1a: Girafarig|spa|2\n|cant|p2a: Probopass|slp\n|\n|upkeep\n|turn|6\n|\n|t:|1782778330\n|move|p1a: Girafarig|Thunderbolt|p2a: Probopass\n|-damage|p2a: Probopass|138/257 slp\n|-curestatus|p2a: Probopass|slp|[msg]\n|move|p2a: Probopass|Body Press|p1a: Girafarig\n|-crit|p1a: Girafarig\n|-damage|p1a: Girafarig|0 fnt\n|faint|p1a: Girafarig\n|\n|upkeep\n|\n|t:|1782778348\n|switch|p1a: Eternatus|Eternatus, L69|308/308\n|-ability|p1a: Eternatus|Pressure\n|turn|7\n|\n|t:|1782778356\n|move|p1a: Eternatus|Fire Blast|p2a: Probopass\n|-damage|p2a: Probopass|92/257\n|move|p2a: Probopass|Body Press|p1a: Eternatus\n|-resisted|p1a: Eternatus\n|-damage|p1a: Eternatus|154/308\n|\n|-heal|p1a: Eternatus|173/308|[from] item: Leftovers\n|upkeep\n|turn|8\n|\n|t:|1782778369\n|move|p1a: Eternatus|Fire Blast|p2a: Probopass\n|-damage|p2a: Probopass|48/257\n|move|p2a: Probopass|Rest|p2a: Probopass\n|-status|p2a: Probopass|slp|[from] move: Rest\n|-heal|p2a: Probopass|257/257 slp|[silent]\n|\n|-heal|p1a: Eternatus|192/308|[from] item: Leftovers\n|upkeep\n|turn|9\n|inactive|silvos4321 has 120 seconds left.\n|\n|t:|1782778409\n|switch|p1a: Cresselia|Cresselia, L80, F|323/323\n|cant|p2a: Probopass|slp\n|\n|upkeep\n|turn|10\n|\n|t:|1782778418\n|move|p1a: Cresselia|Calm Mind|p1a: Cresselia\n|-boost|p1a: Cresselia|spa|1\n|-boost|p1a: Cresselia|spd|1\n|cant|p2a: Probopass|slp\n|\n|upkeep\n|turn|11\n|\n|t:|1782778426\n|move|p1a: Cresselia|Calm Mind|p1a: Cresselia\n|-boost|p1a: Cresselia|spa|1\n|-boost|p1a: Cresselia|spd|1\n|-curestatus|p2a: Probopass|slp|[msg]\n|move|p2a: Probopass|Iron Defense|p2a: Probopass\n|-boost|p2a: Probopass|def|2\n|\n|upkeep\n|turn|12\n|\n|t:|1782778430\n|move|p1a: Cresselia|Calm Mind|p1a: Cresselia\n|-boost|p1a: Cresselia|spa|1\n|-boost|p1a: Cresselia|spd|1\n|move|p2a: Probopass|Body Press|p1a: Cresselia\n|-resisted|p1a: Cresselia\n|-damage|p1a: Cresselia|156/323\n|\n|-heal|p1a: Cresselia|176/323|[from] item: Leftovers\n|upkeep\n|turn|13\n|\n|t:|1782778448\n|move|p1a: Cresselia|Thunderbolt|p2a: Probopass\n|-damage|p2a: Probopass|187/257\n|move|p2a: Probopass|Iron Defense|p2a: Probopass\n|-boost|p2a: Probopass|def|0\n|\n|-heal|p1a: Cresselia|196/323|[from] item: Leftovers\n|upkeep\n|turn|14\n|\n|t:|1782778452\n|move|p1a: Cresselia|Thunderbolt|p2a: Probopass\n|-damage|p2a: Probopass|117/257\n|move|p2a: Probopass|Body Press|p1a: Cresselia\n|-resisted|p1a: Cresselia\n|-damage|p1a: Cresselia|24/323\n|\n|-heal|p1a: Cresselia|44/323|[from] item: Leftovers\n|upkeep\n|turn|15\n|c|\u2606Best Kittel|oops\n|\n|t:|1782778462\n|move|p1a: Cresselia|Thunderbolt|p2a: Probopass\n|-damage|p2a: Probopass|48/257\n|move|p2a: Probopass|Body Press|p1a: Cresselia\n|-resisted|p1a: Cresselia\n|-damage|p1a: Cresselia|0 fnt\n|faint|p1a: Cresselia\n|\n|upkeep\n|\n|t:|1782778470\n|switch|p1a: Eternatus|Eternatus, L69|192/308\n|-ability|p1a: Eternatus|Pressure\n|turn|16\n|\n|t:|1782778473\n|move|p1a: Eternatus|Fire Blast|p2a: Probopass\n|-damage|p2a: Probopass|1/257\n|move|p2a: Probopass|Rest|p2a: Probopass\n|-status|p2a: Probopass|slp|[from] move: Rest\n|-heal|p2a: Probopass|257/257 slp|[silent]\n|\n|-heal|p1a: Eternatus|211/308|[from] item: Leftovers\n|upkeep\n|turn|17\n|-message|silvos4321 forfeited.\n|\n|win|Best Kittel\n|raw|silvos4321's rating: 1794 &rarr; <strong>1775</strong><br />(-19 for losing)\n|raw|Best Kittel's rating: 1811 &rarr; <strong>1830</strong><br />(+19 for winning)\n|l|\u2606silvos4321\n|player|p1|\n", "inputlog": ">version f8ac14003a5f27e1bdc8d8c59608a773c1cb96e5\n>start {\"formatid\":\"gen9randombattle\",\"seed\":\"sodium,c252249073442fe122a257ace6afc934\",\"rated\":\"Rated battle\"}\n>player p1 {\"name\":\"silvos4321\",\"avatar\":\"170\",\"rating\":1794,\"seed\":\"sodium,11ca6054f3fb17d953f1bd25cb553d5b\"}\n>player p2 {\"name\":\"Best Kittel\",\"avatar\":\"volkner\",\"rating\":1811,\"seed\":\"sodium,4c39bdc28442eb62a8ad184c59d07e8a\"}\n>p1 move spore\n>p2 move irondefense\n>p1 move spore\n>p2 move irondefense\n>p1 move gigadrain\n>p2 move irondefense\n>p1 switch 2\n>p2 move irondefense\n>p1 move nastyplot\n>p2 move irondefense\n>p1 move thunderbolt\n>p2 move bodypress\n>p1 switch 3\n>p1 move fireblast\n>p2 move bodypress\n>p1 move fireblast\n>p2 move rest\n>p1 switch 4\n>p2 move irondefense\n>p1 move calmmind\n>p2 move irondefense\n>p1 move calmmind\n>p2 move irondefense\n>p1 move calmmind\n>p2 move bodypress\n>p1 move thunderbolt\n>p2 move irondefense\n>p1 move thunderbolt\n>p2 move bodypress\n>chat \u2606Best Kittel|oops\n>p1 move thunderbolt\n>p2 move bodypress\n>p1 switch 4\n>p1 move fireblast\n>p2 move rest\n>forcelose p1", "uploadtime": 1782778492, "views": 4, "formatid": "gen9randombattle", "rating": 1775, "private": 0, "password": null, "player_dets": [{"name": "silvos4321", "avatar": "170", "rating": 1794, "seed": "sodium,11ca6054f3fb17d953f1bd25cb553d5b"}, {"name": "Best Kittel", "avatar": "volkner", "rating": 1811, "seed": "sodium,4c39bdc28442eb62a8ad184c59d07e8a"}], "teams_full": [{"Amoonguss": {"name": "Amoonguss", "species": "Amoonguss", "speciesId": "amoonguss", "gender": "F", "shiny": false, "level": 82, "moves": ["spore", "sludgebomb", "gigadrain", "toxic"], "ability": "Regenerator", "evs": {"hp": 85, "atk": 0, "def": 85, "spa": 85, "spd": 85, "spe": 85}, "ivs": {"hp": 31, "atk": 0, "def": 31, "spa": 31, "spd": 31, "spe": 31}, "item": "Rocky Helmet", "teraType": "Water", "role": "Bulky Support", "bvs": {"hp": 114, "atk": 85, "def": 70, "spa": 85, "spd": 80, "spe": 30}, "stats": {"hp": 321, "atk": 144, "def": 162, "spa": 187, "spd": 178, "spe": 96}, "types": ["Grass", "Poison"]}, "Girafarig": {"name": "Girafarig", "species": "Girafarig", "speciesId": "girafarig", "gender": "M", "shiny": false, "level": 89, "moves": ["nastyplot", "psyshock", "hypervoice", "thunderbolt"], "ability": "Sap Sipper", "evs": {"hp": 85, "atk": 0, "def": 85, "spa": 85, "spd": 85, "spe": 85}, "ivs": {"hp": 31, "atk": 0, "def": 31, "spa": 31, "spd": 31, "spe": 31}, "item": "Eviolite", "teraType": "Electric", "role": "Fast Bulky Setup", "bvs": {"hp": 70, "atk": 80, "def": 65, "spa": 90, "spd": 65, "spe": 85}, "stats": {"hp": 269, "atk": 147, "def": 166, "spa": 211, "spd": 166, "spe": 202}, "types": ["Normal", "Psychic"]}, "Eternatus": {"name": "Eternatus", "species": "Eternatus", "speciesId": "eternatus", "gender": "N", "shiny": false, "level": 69, "moves": ["recover", "sludgebomb", "dynamaxcannon", "fireblast"], "ability": "Pressure", "evs": {"hp": 85, "atk": 0, "def": 85, "spa": 85, "spd": 85, "spe": 85}, "ivs": {"hp": 31, "atk": 0, "def": 31, "spa": 31, "spd": 31, "spe": 31}, "item": "Leftovers", "teraType": "Dragon", "role": "Bulky Attacker", "bvs": {"hp": 140, "atk": 85, "def": 95, "spa": 145, "spd": 95, "spe": 130}, "stats": {"hp": 308, "atk": 122, "def": 171, "spa": 240, "spd": 171, "spe": 220}, "types": ["Poison", "Dragon"]}, "Cresselia": {"name": "Cresselia", "species": "Cresselia", "speciesId": "cresselia", "gender": "F", "shiny": false, "level": 80, "moves": ["calmmind", "thunderbolt", "psyshock", "moonlight"], "ability": "Levitate", "evs": {"hp": 85, "atk": 0, "def": 85, "spa": 85, "spd": 85, "spe": 85}, "ivs": {"hp": 31, "atk": 0, "def": 31, "spa": 31, "spd": 31, "spe": 31}, "item": "Leftovers", "teraType": "Electric", "role": "Bulky Setup", "bvs": {"hp": 120, "atk": 70, "def": 110, "spa": 75, "spd": 120, "spe": 85}, "stats": {"hp": 323, "atk": 117, "def": 222, "spa": 166, "spd": 238, "spe": 182}, "types": ["Psychic"]}, "Wigglytuff": {"name": "Wigglytuff", "species": "Wigglytuff", "speciesId": "wigglytuff", "gender": "M", "shiny": false, "level": 96, "moves": ["dazzlinggleam", "wish", "protect", "knockoff"], "ability": "Competitive", "evs": {"hp": 85, "atk": 85, "def": 85, "spa": 85, "spd": 85, "spe": 85}, "ivs": {"hp": 31, "atk": 31, "def": 31, "spa": 31, "spd": 31, "spe": 31}, "item": "Leftovers", "teraType": "Steel", "role": "Bulky Support", "bvs": {"hp": 140, "atk": 70, "def": 45, "spa": 85, "spd": 50, "spe": 45}, "stats": {"hp": 424, "atk": 189, "def": 141, "spa": 218, "spd": 150, "spe": 141}, "types": ["Normal", "Fairy"]}, "Rhyperior": {"name": "Rhyperior", "species": "Rhyperior", "speciesId": "rhyperior", "gender": "M", "shiny": false, "level": 82, "moves": ["rockpolish", "megahorn", "earthquake", "stoneedge"], "ability": "Solid Rock", "evs": {"hp": 85, "atk": 85, "def": 85, "spa": 85, "spd": 85, "spe": 85}, "ivs": {"hp": 31, "atk": 31, "def": 31, "spa": 31, "spd": 31, "spe": 31}, "item": "Weakness Policy", "teraType": "Bug", "role": "Bulky Setup", "bvs": {"hp": 115, "atk": 140, "def": 130, "spa": 55, "spd": 55, "spe": 40}, "stats": {"hp": 323, "atk": 277, "def": 260, "spa": 137, "spd": 137, "spe": 113}, "types": ["Ground", "Rock"]}}, {"Probopass": {"name": "Probopass", "species": "Probopass", "speciesId": "probopass", "gender": "F", "shiny": false, "level": 91, "moves": ["irondefense", "bodypress", "rest", "powergem"], "ability": "Magnet Pull", "evs": {"hp": 85, "atk": 0, "def": 85, "spa": 85, "spd": 85, "spe": 85}, "ivs": {"hp": 31, "atk": 0, "def": 31, "spa": 31, "spd": 31, "spe": 31}, "item": "Chesto Berry", "teraType": "Fighting", "role": "Bulky Setup", "bvs": {"hp": 60, "atk": 55, "def": 145, "spa": 75, "spd": 150, "spe": 40}, "stats": {"hp": 257, "atk": 105, "def": 316, "spa": 188, "spd": 325, "spe": 125}, "types": ["Rock", "Steel"]}, "Hippowdon": {"name": "Hippowdon", "species": "Hippowdon", "speciesId": "hippowdon", "gender": "F", "shiny": false, "level": 82, "moves": ["slackoff", "earthquake", "stoneedge", "curse"], "ability": "Sand Stream", "evs": {"hp": 85, "atk": 85, "def": 85, "spa": 85, "spd": 85, "spe": 85}, "ivs": {"hp": 31, "atk": 31, "def": 31, "spa": 31, "spd": 31, "spe": 31}, "item": "Leftovers", "teraType": "Rock", "role": "Bulky Setup", "bvs": {"hp": 108, "atk": 112, "def": 118, "spa": 68, "spd": 72, "spe": 47}, "stats": {"hp": 311, "atk": 231, "def": 241, "spa": 159, "spd": 165, "spe": 124}, "types": ["Ground"]}, "Palafin": {"name": "Palafin", "species": "Palafin", "speciesId": "palafin", "gender": "M", "shiny": false, "level": 77, "moves": ["closecombat", "jetpunch", "flipturn", "wavecrash"], "ability": "Zero to Hero", "evs": {"hp": 85, "atk": 85, "def": 85, "spa": 85, "spd": 85, "spe": 85}, "ivs": {"hp": 31, "atk": 31, "def": 31, "spa": 31, "spd": 31, "spe": 31}, "item": "Choice Band", "teraType": "Water", "role": "Wallbreaker", "bvs": {"hp": 100, "atk": 70, "def": 72, "spa": 53, "spd": 62, "spe": 100}, "stats": {"hp": 281, "atk": 152, "def": 155, "spa": 126, "spd": 140, "spe": 199}, "types": ["Water"]}, "Salamence": {"name": "Salamence", "species": "Salamence", "speciesId": "salamence", "gender": "M", "shiny": false, "level": 77, "moves": ["roost", "dualwingbeat", "outrage", "dragondance"], "ability": "Moxie", "evs": {"hp": 85, "atk": 85, "def": 85, "spa": 85, "spd": 85, "spe": 85}, "ivs": {"hp": 31, "atk": 31, "def": 31, "spa": 31, "spd": 31, "spe": 31}, "item": "Heavy-Duty Boots", "teraType": "Dragon", "role": "Setup Sweeper", "bvs": {"hp": 95, "atk": 135, "def": 80, "spa": 110, "spd": 80, "spe": 100}, "stats": {"hp": 273, "atk": 252, "def": 168, "spa": 214, "spd": 168, "spe": 199}, "types": ["Dragon", "Flying"]}, "Spectrier": {"name": "Spectrier", "species": "Spectrier", "speciesId": "spectrier", "gender": "N", "shiny": false, "level": 75, "moves": ["nastyplot", "shadowball", "willowisp", "terablast"], "ability": "Grim Neigh", "evs": {"hp": 85, "atk": 0, "def": 85, "spa": 85, "spd": 85, "spe": 85}, "ivs": {"hp": 31, "atk": 0, "def": 31, "spa": 31, "spd": 31, "spe": 31}, "item": "Life Orb", "teraType": "Fighting", "role": "Tera Blast user", "bvs": {"hp": 100, "atk": 65, "def": 60, "spa": 145, "spd": 80, "spe": 130}, "stats": {"hp": 274, "atk": 102, "def": 134, "spa": 261, "spd": 164, "spe": 239}, "types": ["Ghost"]}, "Basculin": {"name": "Basculin", "species": "Basculin-Blue-Striped", "speciesId": "basculin", "gender": "F", "shiny": false, "level": 86, "moves": ["doubleedge", "wavecrash", "aquajet", "flipturn"], "ability": "Adaptability", "evs": {"hp": 85, "atk": 85, "def": 85, "spa": 85, "spd": 85, "spe": 85}, "ivs": {"hp": 31, "atk": 31, "def": 31, "spa": 31, "spd": 31, "spe": 31}, "item": "Choice Band", "teraType": "Water", "role": "Wallbreaker", "bvs": {"hp": 70, "atk": 92, "def": 65, "spa": 80, "spd": 55, "spe": 98}, "stats": {"hp": 261, "atk": 207, "def": 161, "spa": 187, "spd": 144, "spe": 218}, "types": ["Water"]}}]}