{"id": "gen9randombattle-2641658122", "format": "[Gen 9] Random Battle", "players": ["Toxikmilk", "Arceus The Llama"], "log": "|j|\u2606Toxikmilk\n|j|\u2606Arceus The Llama\n|t:|1782826021\n|gametype|singles\n|player|p1|Toxikmilk|pokekid|2007\n|player|p2|Arceus The Llama|cynthia-gen4|1956\n|gen|9\n|tier|[Gen 9] Random Battle\n|rated|\n|rule|Species Clause: Limit one of each Pok\u00e9mon\n|rule|HP Percentage Mod: HP is shown in percentages\n|rule|Sleep Clause Mod: Limit one foe put to sleep\n|rule|Illusion Level Mod: Illusion disguises the Pok\u00e9mon's true level\n|\n|t:|1782826021\n|teamsize|p1|6\n|teamsize|p2|6\n|start\n|switch|p1a: Tinkaton|Tinkaton, L82, F|274/274\n|switch|p2a: Mamoswine|Mamoswine, L81, M|311/311\n|-ability|p1a: Tinkaton|Mold Breaker\n|turn|1\n|inactive|Battle timer is ON: inactive players will automatically lose when time's up. (requested by Toxikmilk)\n|\n|t:|1782826030\n|move|p1a: Tinkaton|Gigaton Hammer|p2a: Mamoswine\n|-supereffective|p2a: Mamoswine\n|-damage|p2a: Mamoswine|27/311\n|move|p2a: Mamoswine|Knock Off|p1a: Tinkaton\n|-resisted|p1a: Tinkaton\n|-damage|p1a: Tinkaton|203/274\n|-enditem|p1a: Tinkaton|Leftovers|[from] move: Knock Off|[of] p2a: Mamoswine\n|\n|upkeep\n|turn|2\n|\n|t:|1782826038\n|switch|p2a: Araquanid|Araquanid, L82, M|246/246\n|move|p1a: Tinkaton|Play Rough|p2a: Araquanid\n|-damage|p2a: Araquanid|177/246\n|\n|upkeep\n|turn|3\n|\n|t:|1782826047\n|move|p1a: Tinkaton|Gigaton Hammer|p2a: Araquanid\n|-resisted|p2a: Araquanid\n|-damage|p2a: Araquanid|116/246\n|move|p2a: Araquanid|Sticky Web|p1a: Tinkaton\n|-sidestart|p1: Toxikmilk|move: Sticky Web\n|\n|upkeep\n|turn|4\n|\n|t:|1782826052\n|move|p1a: Tinkaton|Encore|p2a: Araquanid\n|-start|p2a: Araquanid|Encore\n|move|p2a: Araquanid|Sticky Web||[still]\n|-fail|p2a: Araquanid\n|\n|upkeep\n|turn|5\n|\n|t:|1782826058\n|move|p1a: Tinkaton|Stealth Rock|p2a: Araquanid\n|-sidestart|p2: Arceus The Llama|move: Stealth Rock\n|move|p2a: Araquanid|Sticky Web||[still]\n|-fail|p2a: Araquanid\n|\n|upkeep\n|turn|6\n|\n|t:|1782826063\n|move|p1a: Tinkaton|Play Rough|p2a: Araquanid|[miss]\n|-miss|p1a: Tinkaton|p2a: Araquanid\n|move|p2a: Araquanid|Sticky Web||[still]\n|-fail|p2a: Araquanid\n|\n|-end|p2a: Araquanid|Encore\n|upkeep\n|turn|7\n|\n|t:|1782826071\n|switch|p2a: Arbok|Arbok, L87, F|246/246\n|-damage|p2a: Arbok|216/246|[from] Stealth Rock\n|-ability|p2a: Arbok|Intimidate|boost\n|-unboost|p1a: Tinkaton|atk|1\n|move|p1a: Tinkaton|Encore||[still]\n|-fail|p1a: Tinkaton\n|\n|-heal|p2a: Arbok|231/246|[from] item: Leftovers\n|upkeep\n|turn|8\n|\n|t:|1782826081\n|move|p1a: Tinkaton|Gigaton Hammer|p2a: Arbok\n|-damage|p2a: Arbok|123/246\n|move|p2a: Arbok|Earthquake|p1a: Tinkaton\n|-supereffective|p1a: Tinkaton\n|-damage|p1a: Tinkaton|37/274\n|\n|-heal|p2a: Arbok|138/246|[from] item: Leftovers\n|upkeep\n|turn|9\n|\n|t:|1782826092\n|switch|p1a: Bombirdier|Bombirdier, L85, F|258/258\n|move|p2a: Arbok|Earthquake|p1a: Bombirdier\n|-immune|p1a: Bombirdier\n|\n|-heal|p2a: Arbok|153/246|[from] item: Leftovers\n|upkeep\n|turn|10\n|\n|t:|1782826101\n|switch|p2a: Mamoswine|Mamoswine, L81, M|27/311\n|-damage|p2a: Mamoswine|0 fnt|[from] Stealth Rock\n|faint|p2a: Mamoswine\n|move|p1a: Bombirdier|Knock Off|p2: Mamoswine|[notarget]\n|-fail|p1a: Bombirdier\n|\n|upkeep\n|\n|t:|1782826106\n|switch|p2a: Arbok|Arbok, L87, F|153/246\n|-damage|p2a: Arbok|123/246|[from] Stealth Rock\n|-ability|p2a: Arbok|Intimidate|boost\n|-unboost|p1a: Bombirdier|atk|1\n|turn|11\n|\n|t:|1782826114\n|move|p2a: Arbok|Coil|p2a: Arbok\n|-boost|p2a: Arbok|atk|1\n|-boost|p2a: Arbok|def|1\n|-boost|p2a: Arbok|accuracy|1\n|move|p1a: Bombirdier|Knock Off|p2a: Arbok\n|-damage|p2a: Arbok|42/246\n|-enditem|p2a: Arbok|Leftovers|[from] move: Knock Off|[of] p1a: Bombirdier\n|\n|upkeep\n|turn|12\n|\n|t:|1782826122\n|move|p2a: Arbok|Gunk Shot|p1a: Bombirdier\n|-damage|p1a: Bombirdier|39/258\n|move|p1a: Bombirdier|Knock Off|p2a: Arbok\n|-damage|p2a: Arbok|0 fnt\n|faint|p2a: Arbok\n|\n|upkeep\n|\n|t:|1782826137\n|switch|p2a: Roaring Moon|Roaring Moon, L72|270/270\n|-damage|p2a: Roaring Moon|237/270|[from] Stealth Rock\n|turn|13\n|\n|t:|1782826153\n|switch|p1a: Archaludon|Archaludon, L78, M|268/268\n|-activate|p1a: Archaludon|move: Sticky Web\n|-unboost|p1a: Archaludon|spe|1\n|move|p2a: Roaring Moon|U-turn|p1a: Archaludon\n|-resisted|p1a: Archaludon\n|-damage|p1a: Archaludon|241/268\n|-ability|p1a: Archaludon|Stamina|boost\n|-boost|p1a: Archaludon|def|1\n|\n|t:|1782826158\n|-end|p2a: Roaring Moon|Protosynthesis|[silent]\n|switch|p2a: Araquanid|Araquanid, L82, M|116/246|[from] U-turn\n|\n|upkeep\n|turn|14\n|-message|Arceus The Llama forfeited.\n|\n|win|Toxikmilk\n", "inputlog": ">version f8ac14003a5f27e1bdc8d8c59608a773c1cb96e5\n>start {\"formatid\":\"gen9randombattle\",\"seed\":\"sodium,311419cf9fac8d835d84e186fd56254d\",\"rated\":\"Rated battle\"}\n>player p1 {\"name\":\"Toxikmilk\",\"avatar\":\"pokekid\",\"rating\":2007,\"seed\":\"sodium,d9fb8e4037e50b9c4b4786cbdb1d7bd2\"}\n>player p2 {\"name\":\"Arceus The Llama\",\"avatar\":\"cynthia-gen4\",\"rating\":1956,\"seed\":\"sodium,c91341a9d21d53b9aa86d19e3275e035\"}\n>p1 move gigatonhammer\n>p2 move knockoff\n>p1 move playrough\n>p2 switch 2\n>p1 move gigatonhammer\n>p2 move stickyweb\n>p1 move encore\n>p2 move liquidation\n>p1 move stealthrock\n>p2 move stickyweb\n>p1 move playrough\n>p2 move stickyweb\n>p1 move encore\n>p2 switch 4\n>p1 move gigatonhammer\n>p2 move earthquake\n>p1 switch 6\n>p2 move earthquake\n>p1 move knockoff\n>p2 switch 2\n>p2 switch 2\n>p1 move knockoff\n>p2 move coil\n>p1 move knockoff\n>p2 move gunkshot\n>p2 switch 5\n>p1 switch 5\n>p2 move uturn\n>p2 switch 4\n>forcelose p2", "uploadtime": 1782826023, "views": 3, "formatid": "gen9randombattle", "rating": null, "private": 0, "password": null, "player_dets": [{"name": "Toxikmilk", "avatar": "pokekid", "rating": 2007, "seed": "sodium,d9fb8e4037e50b9c4b4786cbdb1d7bd2"}, {"name": "Arceus The Llama", "avatar": "cynthia-gen4", "rating": 1956, "seed": "sodium,c91341a9d21d53b9aa86d19e3275e035"}], "teams_full": [{"Tinkaton": {"name": "Tinkaton", "species": "Tinkaton", "speciesId": "tinkaton", "gender": "F", "shiny": false, "level": 82, "moves": ["gigatonhammer", "encore", "playrough", "stealthrock"], "ability": "Mold Breaker", "evs": {"hp": 85, "atk": 85, "def": 85, "spa": 85, "spd": 85, "spe": 85}, "ivs": {"hp": 31, "atk": 31, "def": 31, "spa": 31, "spd": 31, "spe": 31}, "item": "Leftovers", "teraType": "Water", "role": "Bulky Attacker", "bvs": {"hp": 85, "atk": 75, "def": 77, "spa": 70, "spd": 105, "spe": 94}, "stats": {"hp": 274, "atk": 170, "def": 173, "spa": 162, "spd": 219, "spe": 201}, "types": ["Fairy", "Steel"]}, "Swampert": {"name": "Swampert", "species": "Swampert", "speciesId": "swampert", "gender": "M", "shiny": false, "level": 83, "moves": ["knockoff", "earthquake", "icebeam", "roar"], "ability": "Damp", "evs": {"hp": 85, "atk": 85, "def": 85, "spa": 85, "spd": 85, "spe": 85}, "ivs": {"hp": 31, "atk": 31, "def": 31, "spa": 31, "spd": 31, "spe": 31}, "item": "Leftovers", "teraType": "Poison", "role": "Bulky Support", "bvs": {"hp": 100, "atk": 110, "def": 90, "spa": 85, "spd": 90, "spe": 60}, "stats": {"hp": 302, "atk": 230, "def": 197, "spa": 189, "spd": 197, "spe": 147}, "types": ["Water", "Ground"]}, "Toxapex": {"name": "Toxapex", "species": "Toxapex", "speciesId": "toxapex", "gender": "F", "shiny": false, "level": 82, "moves": ["liquidation", "recover", "toxic", "haze"], "ability": "Regenerator", "evs": {"hp": 85, "atk": 85, "def": 85, "spa": 85, "spd": 85, "spe": 85}, "ivs": {"hp": 31, "atk": 31, "def": 31, "spa": 31, "spd": 31, "spe": 31}, "item": "Rocky Helmet", "teraType": "Fairy", "role": "Bulky Support", "bvs": {"hp": 50, "atk": 63, "def": 152, "spa": 53, "spd": 142, "spe": 35}, "stats": {"hp": 216, "atk": 150, "def": 296, "spa": 134, "spd": 280, "spe": 105}, "types": ["Poison", "Water"]}, "Salamence": {"name": "Salamence", "species": "Salamence", "speciesId": "salamence", "gender": "F", "shiny": false, "level": 77, "moves": ["dragondance", "outrage", "dualwingbeat", "earthquake"], "ability": "Moxie", "evs": {"hp": 85, "atk": 85, "def": 85, "spa": 85, "spd": 85, "spe": 85}, "ivs": {"hp": 31, "atk": 31, "def": 31, "spa": 31, "spd": 31, "spe": 31}, "item": "Heavy-Duty Boots", "teraType": "Ground", "role": "Setup Sweeper", "bvs": {"hp": 95, "atk": 135, "def": 80, "spa": 110, "spd": 80, "spe": 100}, "stats": {"hp": 273, "atk": 252, "def": 168, "spa": 214, "spd": 168, "spe": 199}, "types": ["Dragon", "Flying"]}, "Archaludon": {"name": "Archaludon", "species": "Archaludon", "speciesId": "archaludon", "gender": "M", "shiny": false, "level": 78, "moves": ["ironhead", "outrage", "swordsdance", "earthquake"], "ability": "Stamina", "evs": {"hp": 85, "atk": 85, "def": 85, "spa": 85, "spd": 85, "spe": 85}, "ivs": {"hp": 31, "atk": 31, "def": 31, "spa": 31, "spd": 31, "spe": 31}, "item": "Lum Berry", "teraType": "Ground", "role": "Bulky Setup", "bvs": {"hp": 90, "atk": 105, "def": 130, "spa": 125, "spd": 65, "spe": 85}, "stats": {"hp": 268, "atk": 209, "def": 248, "spa": 240, "spd": 146, "spe": 178}, "types": ["Steel", "Dragon"]}, "Bombirdier": {"name": "Bombirdier", "species": "Bombirdier", "speciesId": "bombirdier", "gender": "F", "shiny": false, "level": 85, "moves": ["knockoff", "bravebird", "stoneedge", "suckerpunch"], "ability": "Rocky Payload", "evs": {"hp": 85, "atk": 85, "def": 85, "spa": 85, "spd": 85, "spe": 85}, "ivs": {"hp": 31, "atk": 31, "def": 31, "spa": 31, "spd": 31, "spe": 31}, "item": "Choice Band", "teraType": "Rock", "role": "Fast Attacker", "bvs": {"hp": 70, "atk": 103, "def": 85, "spa": 60, "spd": 85, "spe": 82}, "stats": {"hp": 258, "atk": 224, "def": 193, "spa": 151, "spd": 193, "spe": 188}, "types": ["Flying", "Dark"]}}, {"Mamoswine": {"name": "Mamoswine", "species": "Mamoswine", "speciesId": "mamoswine", "gender": "M", "shiny": false, "level": 81, "moves": ["earthquake", "knockoff", "iciclecrash", "iceshard"], "ability": "Thick Fat", "evs": {"hp": 85, "atk": 85, "def": 85, "spa": 85, "spd": 85, "spe": 85}, "ivs": {"hp": 31, "atk": 31, "def": 31, "spa": 31, "spd": 31, "spe": 31}, "item": "Choice Band", "teraType": "Ice", "role": "Wallbreaker", "bvs": {"hp": 110, "atk": 130, "def": 80, "spa": 70, "spd": 60, "spe": 80}, "stats": {"hp": 311, "atk": 257, "def": 176, "spa": 160, "spd": 144, "spe": 176}, "types": ["Ice", "Ground"]}, "Araquanid": {"name": "Araquanid", "species": "Araquanid", "speciesId": "araquanid", "gender": "M", "shiny": false, "level": 82, "moves": ["hydropump", "liquidation", "stickyweb", "leechlife"], "ability": "Water Bubble", "evs": {"hp": 85, "atk": 85, "def": 85, "spa": 85, "spd": 85, "spe": 85}, "ivs": {"hp": 31, "atk": 31, "def": 31, "spa": 31, "spd": 31, "spe": 31}, "item": "Heavy-Duty Boots", "teraType": "Water", "role": "Bulky Attacker", "bvs": {"hp": 68, "atk": 70, "def": 92, "spa": 50, "spd": 132, "spe": 42}, "stats": {"hp": 246, "atk": 162, "def": 198, "spa": 129, "spd": 264, "spe": 116}, "types": ["Water", "Bug"]}, "Cetitan": {"name": "Cetitan", "species": "Cetitan", "speciesId": "cetitan", "gender": "F", "shiny": false, "level": 82, "moves": ["bellydrum", "earthquake", "iceshard", "icespinner"], "ability": "Thick Fat", "evs": {"hp": 81, "atk": 85, "def": 85, "spa": 85, "spd": 85, "spe": 85}, "ivs": {"hp": 31, "atk": 31, "def": 31, "spa": 31, "spd": 31, "spe": 31}, "item": "Sitrus Berry", "teraType": "Ice", "role": "Bulky Setup", "bvs": {"hp": 170, "atk": 113, "def": 65, "spa": 45, "spd": 55, "spe": 73}, "stats": {"hp": 412, "atk": 232, "def": 154, "spa": 121, "spd": 137, "spe": 167}, "types": ["Ice"]}, "Arbok": {"name": "Arbok", "species": "Arbok", "speciesId": "arbok", "gender": "F", "shiny": false, "level": 87, "moves": ["coil", "gunkshot", "earthquake", "suckerpunch"], "ability": "Intimidate", "evs": {"hp": 85, "atk": 85, "def": 85, "spa": 85, "spd": 85, "spe": 85}, "ivs": {"hp": 31, "atk": 31, "def": 31, "spa": 31, "spd": 31, "spe": 31}, "item": "Leftovers", "teraType": "Dark", "role": "Bulky Attacker", "bvs": {"hp": 60, "atk": 95, "def": 69, "spa": 65, "spd": 79, "spe": 80}, "stats": {"hp": 246, "atk": 215, "def": 170, "spa": 163, "spd": 187, "spe": 189}, "types": ["Poison"]}, "Roaring Moon": {"name": "Roaring Moon", "species": "Roaring Moon", "speciesId": "roaringmoon", "gender": "N", "shiny": false, "level": 72, "moves": ["outrage", "uturn", "ironhead", "knockoff"], "ability": "Protosynthesis", "evs": {"hp": 85, "atk": 85, "def": 85, "spa": 85, "spd": 85, "spe": 85}, "ivs": {"hp": 31, "atk": 31, "def": 31, "spa": 31, "spd": 31, "spe": 31}, "item": "Choice Band", "teraType": "Steel", "role": "Bulky Attacker", "bvs": {"hp": 105, "atk": 139, "def": 71, "spa": 55, "spd": 101, "spe": 119}, "stats": {"hp": 270, "atk": 242, "def": 144, "spa": 121, "spd": 187, "spe": 213}, "types": ["Dragon", "Dark"]}, "Dodrio": {"name": "Dodrio", "species": "Dodrio", "speciesId": "dodrio", "gender": "M", "shiny": false, "level": 85, "moves": ["drillrun", "doubleedge", "bravebird", "knockoff"], "ability": "Early Bird", "evs": {"hp": 85, "atk": 85, "def": 85, "spa": 85, "spd": 85, "spe": 85}, "ivs": {"hp": 31, "atk": 31, "def": 31, "spa": 31, "spd": 31, "spe": 31}, "item": "Choice Band", "teraType": "Normal", "role": "Fast Attacker", "bvs": {"hp": 60, "atk": 110, "def": 70, "spa": 60, "spd": 60, "spe": 110}, "stats": {"hp": 241, "atk": 236, "def": 168, "spa": 151, "spd": 151, "spe": 236}, "types": ["Normal", "Flying"]}}]}