{"id": "gen9randombattle-2641457094", "format": "[Gen 9] Random Battle", "players": ["portobellomushroom", "pnm123"], "log": "|badge|p1|bronze|gen9randombattle|100-9\n|html|<div class=\"broadcast-red\"><strong>This battle is required to be public due to one or more player having a season medal.</strong><br />During the public phase, you can discuss the state of the ladder <a href=\"/seasondiscussion\">in a special chatroom.</a></div>\n|uhtml|medal-msg|<div class=\"broadcast-blue\">Curious what those medals under the avatar are? PS now has Ladder Seasons! For more information, check out the <a href=\"https://www.smogon.com/forums/threads/3740067/\">thread on Smogon.</a></div>\n|badge|p2|bronze|gen9randombattle|100-9\n|uhtml|medal-msg|<div class=\"broadcast-blue\">Curious what those medals under the avatar are? PS now has Ladder Seasons! For more information, check out the <a href=\"https://www.smogon.com/forums/threads/3740067/\">thread on Smogon.</a></div>\n|raw|<div class=\"broadcast-blue\"><strong>This battle is required to be public due to a player having a name starting with 'medal'.</div>\n|j|\u2606portobellomushroom\n|j|\u203dpnm123\n|t:|1782787679\n|gametype|singles\n|player|p1|portobellomushroom|turo-ai|2281\n|player|p2|pnm123|fisherman-gen4|2304\n|gen|9\n|tier|[Gen 9] Random Battle\n|rated|\n|rule|Species Clause: Limit one of each Pok\u00e9mon\n|rule|HP Percentage Mod: HP is shown in percentages\n|rule|Sleep Clause Mod: Limit one foe put to sleep\n|rule|Illusion Level Mod: Illusion disguises the Pok\u00e9mon's true level\n|\n|t:|1782787679\n|teamsize|p1|6\n|teamsize|p2|6\n|start\n|switch|p1a: Virizion|Virizion, L82|283/283\n|switch|p2a: Salazzle|Salazzle, L83, F|249/249\n|turn|1\n|inactive|Battle timer is ON: inactive players will automatically lose when time's up. (requested by pnm123)\n|inactive|portobellomushroom also wants the timer to be on.\n|\n|t:|1782787691\n|switch|p1a: Dewgong|Dewgong, L94, M|322/322\n|move|p2a: Salazzle|Sludge Wave|p1a: Dewgong\n|-damage|p1a: Dewgong|220/322\n|\n|upkeep\n|turn|2\n|\n|t:|1782787721\n|switch|p2a: Dedenne|Dedenne, L88, F|261/261\n|move|p1a: Dewgong|Flip Turn|p2a: Dedenne\n|-damage|p2a: Dedenne|182/261\n|\n|t:|1782787726\n|switch|p1a: Toxtricity|Toxtricity, L82, F|257/257|[from] Flip Turn\n|\n|upkeep\n|turn|3\n|inactive|pnm123 has 120 seconds left.\n|inactive|pnm123 has 90 seconds left.\n|inactive|pnm123 has 60 seconds left.\n|\n|t:|1782787811\n|move|p2a: Dedenne|Super Fang|p1a: Toxtricity\n|-damage|p1a: Toxtricity|129/257\n|move|p1a: Toxtricity|Shift Gear|p1a: Toxtricity\n|-boost|p1a: Toxtricity|spe|2\n|-boost|p1a: Toxtricity|atk|1\n|\n|upkeep\n|turn|4\n|j| TheAdvZ\n|\n|t:|1782787818\n|move|p1a: Toxtricity|Boomburst|p2a: Dedenne\n|-damage|p2a: Dedenne|15/261\n|-enditem|p2a: Dedenne|Sitrus Berry|[eat]\n|-heal|p2a: Dedenne|80/261|[from] item: Sitrus Berry\n|-heal|p2a: Dedenne|167/261|[from] ability: Cheek Pouch\n|-enditem|p1a: Toxtricity|Throat Spray\n|-boost|p1a: Toxtricity|spa|1|[from] item: Throat Spray\n|move|p2a: Dedenne|U-turn|p1a: Toxtricity\n|-resisted|p1a: Toxtricity\n|-damage|p1a: Toxtricity|106/257\n|\n|t:|1782787824\n|switch|p2a: Whimsicott|Whimsicott, L84, M|238/238|[from] U-turn\n|\n|upkeep\n|turn|5\n|\n|t:|1782787830\n|move|p2a: Whimsicott|Encore|p1a: Toxtricity\n|-start|p1a: Toxtricity|Encore\n|move|p1a: Toxtricity|Boomburst|p2a: Whimsicott\n|-damage|p2a: Whimsicott|15/238\n|\n|-heal|p2a: Whimsicott|29/238|[from] item: Leftovers\n|upkeep\n|turn|6\n|\n|t:|1782787836\n|switch|p2a: Mismagius|Mismagius, L86, F|243/243\n|move|p1a: Toxtricity|Boomburst|p2a: Mismagius\n|-immune|p2a: Mismagius\n|\n|upkeep\n|turn|7\n|\n|t:|1782787847\n|switch|p1a: Squawkabilly|Squawkabilly-White, L89, M|291/291\n|move|p2a: Mismagius|Shadow Ball|p1a: Squawkabilly\n|-immune|p1a: Squawkabilly\n|\n|upkeep\n|turn|8\n|\n|t:|1782787853\n|switch|p2a: Dedenne|Dedenne, L88, F|167/261\n|move|p1a: Squawkabilly|Brave Bird|p2a: Dedenne\n|-resisted|p2a: Dedenne\n|-damage|p2a: Dedenne|0 fnt\n|faint|p2a: Dedenne\n|-damage|p1a: Squawkabilly|236/291|[from] Recoil\n|\n|upkeep\n|inactive|pnm123 has 90 seconds left.\n|\n|t:|1782787869\n|switch|p2a: Dragapult|Dragapult, L77, F|262/262\n|turn|9\n|\n|t:|1782787875\n|switch|p1a: Florges|Florges, L85, F|271/271\n|move|p2a: Dragapult|Draco Meteor|p1a: Florges\n|-immune|p1a: Florges\n|\n|upkeep\n|turn|10\n|inactive|pnm123 has 90 seconds left.\n|inactive|pnm123 has 60 seconds left.\n|\n|t:|1782787918\n|switch|p2a: Whimsicott|Whimsicott, L84, M|29/238\n|switch|p1a: Squawkabilly|Squawkabilly-White, L89, M|236/291\n|\n|-heal|p2a: Whimsicott|43/238|[from] item: Leftovers\n|upkeep\n|turn|11\n|\n|t:|1782787925\n|move|p1a: Squawkabilly|Quick Attack|p2a: Whimsicott|[miss]\n|-miss|p1a: Squawkabilly|p2a: Whimsicott\n|move|p2a: Whimsicott|Moonblast|p1a: Squawkabilly\n|-damage|p1a: Squawkabilly|128/291\n|-unboost|p1a: Squawkabilly|spa|1\n|\n|-heal|p2a: Whimsicott|57/238|[from] item: Leftovers\n|upkeep\n|turn|12\n|\n|t:|1782787934\n|switch|p2a: Mismagius|Mismagius, L86, F|243/243\n|switch|p1a: Dewgong|Dewgong, L94, M|220/322\n|\n|upkeep\n|turn|13\n|\n|t:|1782787939\n|move|p2a: Mismagius|Shadow Ball|p1a: Dewgong\n|-crit|p1a: Dewgong\n|-damage|p1a: Dewgong|31/322\n|move|p1a: Dewgong|Flip Turn|p2a: Mismagius\n|-damage|p2a: Mismagius|159/243\n|\n|t:|1782787942\n|switch|p1a: Squawkabilly|Squawkabilly-White, L89, M|128/291|[from] Flip Turn\n|\n|upkeep\n|turn|14\n|\n|t:|1782787944\n|move|p2a: Mismagius|Shadow Ball|p1a: Squawkabilly\n|-immune|p1a: Squawkabilly\n|move|p1a: Squawkabilly|Brave Bird|p2a: Mismagius\n|-damage|p2a: Mismagius|0 fnt\n|faint|p2a: Mismagius\n|-damage|p1a: Squawkabilly|76/291|[from] Recoil\n|\n|upkeep\n|\n|t:|1782787948\n|switch|p2a: Dragapult|Dragapult, L77, F|262/262\n|turn|15\n|\n|t:|1782787954\n|switch|p1a: Dewgong|Dewgong, L94, M|31/322\n|move|p2a: Dragapult|U-turn|p1a: Dewgong\n|-damage|p1a: Dewgong|0 fnt\n|faint|p1a: Dewgong\n|\n|t:|1782787956\n|switch|p2a: Whimsicott|Whimsicott, L84, M|57/238|[from] U-turn\n|\n|-heal|p2a: Whimsicott|71/238|[from] item: Leftovers\n|upkeep\n|\n|t:|1782787962\n|switch|p1a: Toxtricity|Toxtricity, L82, F|106/257\n|turn|16\n|inactive|pnm123 has 120 seconds left.\n|\n|t:|1782787977\n|switch|p2a: Dragapult|Dragapult, L77, F|262/262\n|move|p1a: Toxtricity|Gunk Shot|p2a: Dragapult|[miss]\n|-miss|p1a: Toxtricity|p2a: Dragapult\n|\n|upkeep\n|turn|17\n|\n|t:|1782787982\n|move|p2a: Dragapult|Fire Blast|p1a: Toxtricity\n|-damage|p1a: Toxtricity|0 fnt\n|faint|p1a: Toxtricity\n|\n|upkeep\n|\n|t:|1782787986\n|switch|p1a: Charizard|Charizard, L85, M|271/271\n|turn|18\n|\n|t:|1782787990\n|switch|p2a: Snorlax|Snorlax, L82, M|397/397\n|move|p1a: Charizard|Hurricane|p2a: Snorlax|[miss]\n|-miss|p1a: Charizard|p2a: Snorlax\n|\n|upkeep\n|turn|19\n|\n|t:|1782787993\n|move|p1a: Charizard|Will-O-Wisp|p2a: Snorlax\n|-status|p2a: Snorlax|brn\n|move|p2a: Snorlax|Body Slam|p1a: Charizard\n|-damage|p1a: Charizard|224/271\n|-status|p1a: Charizard|par\n|\n|-damage|p2a: Snorlax|373/397 brn|[from] brn\n|upkeep\n|turn|20\n|\n|t:|1782788000\n|cant|p1a: Charizard|par\n|move|p2a: Snorlax|Curse|p2a: Snorlax\n|-unboost|p2a: Snorlax|spe|1\n|-boost|p2a: Snorlax|atk|1\n|-boost|p2a: Snorlax|def|1\n|\n|-heal|p2a: Snorlax|397/397 brn|[from] item: Leftovers\n|-damage|p2a: Snorlax|373/397 brn|[from] brn\n|upkeep\n|turn|21\n|\n|t:|1782788003\n|move|p1a: Charizard|Focus Blast|p2a: Snorlax|[miss]\n|-miss|p1a: Charizard|p2a: Snorlax\n|move|p2a: Snorlax|Rest|p2a: Snorlax\n|-status|p2a: Snorlax|slp|[from] move: Rest\n|-heal|p2a: Snorlax|397/397 slp|[silent]\n|\n|upkeep\n|turn|22\n|\n|t:|1782788006\n|move|p1a: Charizard|Focus Blast|p2a: Snorlax\n|-supereffective|p2a: Snorlax\n|-crit|p2a: Snorlax\n|-damage|p2a: Snorlax|131/397 slp\n|cant|p2a: Snorlax|slp\n|move|p2a: Snorlax|Sleep Talk|p2a: Snorlax\n|move|p2a: Snorlax|Body Slam|p1a: Charizard|[from] move: Sleep Talk\n|-damage|p1a: Charizard|62/271 par\n|\n|-heal|p2a: Snorlax|155/397 slp|[from] item: Leftovers\n|upkeep\n|turn|23\n|\n|t:|1782788010\n|move|p1a: Charizard|Focus Blast|p2a: Snorlax\n|-supereffective|p2a: Snorlax\n|-damage|p2a: Snorlax|0 fnt\n|faint|p2a: Snorlax\n|\n|upkeep\n|\n|t:|1782788014\n|switch|p2a: Salazzle|Salazzle, L83, F|249/249\n|turn|24\n|\n|t:|1782788017\n|move|p2a: Salazzle|Sludge Wave|p1a: Charizard\n|-damage|p1a: Charizard|0 fnt\n|faint|p1a: Charizard\n|\n|upkeep\n|\n|t:|1782788023\n|switch|p1a: Florges|Florges, L85, F|271/271\n|turn|25\n|inactive|pnm123 has 120 seconds left.\n|\n|t:|1782788056\n|-terastallize|p1a: Florges|Ground\n|move|p2a: Salazzle|Nasty Plot|p2a: Salazzle\n|-boost|p2a: Salazzle|spa|2\n|move|p1a: Florges|Tera Blast|p2a: Salazzle|[anim] Tera Blast Ground\n|-supereffective|p2a: Salazzle\n|-damage|p2a: Salazzle|0 fnt\n|faint|p2a: Salazzle\n|\n|upkeep\n|inactive|pnm123 has 120 seconds left.\n|\n|t:|1782788063\n|switch|p2a: Dragapult|Dragapult, L77, F|262/262\n|turn|26\n|\n|t:|1782788067\n|-terastallize|p2a: Dragapult|Dragon\n|move|p2a: Dragapult|Draco Meteor|p1a: Florges\n|-damage|p1a: Florges|135/271\n|-unboost|p2a: Dragapult|spa|2\n|move|p1a: Florges|Moonblast|p2a: Dragapult\n|-supereffective|p2a: Dragapult\n|-damage|p2a: Dragapult|0 fnt\n|faint|p2a: Dragapult\n|\n|-heal|p1a: Florges|151/271|[from] item: Leftovers\n|upkeep\n|\n|t:|1782788070\n|switch|p2a: Whimsicott|Whimsicott, L84, M|71/238\n|turn|27\n|\n|t:|1782788073\n|move|p2a: Whimsicott|Moonblast|p1a: Florges\n|-damage|p1a: Florges|93/271\n|move|p1a: Florges|Moonblast|p2a: Whimsicott\n|-damage|p2a: Whimsicott|0 fnt\n|faint|p2a: Whimsicott\n|\n|win|portobellomushroom\n", "inputlog": ">version f8ac14003a5f27e1bdc8d8c59608a773c1cb96e5\n>start {\"formatid\":\"gen9randombattle\",\"seed\":\"sodium,d85bc6b256ff4de82ea97e02fd48b878\",\"rated\":\"Rated battle\"}\n>player p1 {\"name\":\"portobellomushroom\",\"avatar\":\"turo-ai\",\"rating\":2281,\"seed\":\"sodium,64b47ebb004ac726d96aa831439ecda9\"}\n>player p2 {\"name\":\"pnm123\",\"avatar\":\"fisherman-gen4\",\"rating\":2304,\"seed\":\"sodium,aa69c4f4fbd3af9c340b151bf296e956\"}\n>p1 switch 2\n>p2 move sludgewave\n>p1 move flipturn\n>p2 switch 3\n>p1 switch 5\n>p1 move shiftgear\n>p2 move superfang\n>p1 move boomburst\n>p2 move uturn\n>p2 switch 6\n>p1 move gunkshot\n>p2 move encore\n>p1 move boomburst\n>p2 switch 4\n>p1 switch 3\n>p2 move shadowball\n>p1 move bravebird\n>p2 switch 6\n>p2 switch 2\n>p1 switch 6\n>p2 move dracometeor\n>p1 switch 6\n>p2 switch 4\n>p1 move quickattack\n>p2 move moonblast\n>p1 switch 5\n>p2 switch 6\n>p1 move flipturn\n>p2 move shadowball\n>p1 switch 5\n>p1 move bravebird\n>p2 move shadowball\n>p2 switch 4\n>p1 switch 5\n>p2 move uturn\n>p2 switch 6\n>p1 switch 3\n>p1 move gunkshot\n>p2 switch 6\n>p1 move gunkshot\n>p2 move fireblast\n>p1 switch 4\n>p1 move hurricane\n>p2 switch 5\n>p1 move willowisp\n>p2 move bodyslam\n>p1 move focusblast\n>p2 move curse\n>p1 move focusblast\n>p2 move rest\n>p1 move focusblast\n>p2 move sleeptalk\n>p1 move focusblast\n>p2 move sleeptalk\n>p2 switch 3\n>p1 move hurricane\n>p2 move sludgewave\n>p1 switch 6\n>p1 move terablast terastallize\n>p2 move nastyplot\n>p2 switch 5\n>p1 move moonblast\n>p2 move dracometeor terastallize\n>p2 switch 6\n>p1 move moonblast\n>p2 move moonblast", "uploadtime": 1782787682, "views": 3, "formatid": "gen9randombattle", "rating": null, "private": 0, "password": null, "player_dets": [{"name": "portobellomushroom", "avatar": "turo-ai", "rating": 2281, "seed": "sodium,64b47ebb004ac726d96aa831439ecda9"}, {"name": "pnm123", "avatar": "fisherman-gen4", "rating": 2304, "seed": "sodium,aa69c4f4fbd3af9c340b151bf296e956"}], "teams_full": [{"Virizion": {"name": "Virizion", "species": "Virizion", "speciesId": "virizion", "gender": "N", "shiny": false, "level": 82, "moves": ["swordsdance", "leafblade", "closecombat", "stoneedge"], "ability": "Justified", "evs": {"hp": 85, "atk": 85, "def": 85, "spa": 85, "spd": 85, "spe": 85}, "ivs": {"hp": 31, "atk": 31, "def": 31, "spa": 31, "spd": 31, "spe": 31}, "item": "Life Orb", "teraType": "Rock", "role": "Setup Sweeper", "bvs": {"hp": 91, "atk": 90, "def": 72, "spa": 90, "spd": 129, "spe": 108}, "stats": {"hp": 283, "atk": 195, "def": 165, "spa": 195, "spd": 259, "spe": 224}, "types": ["Grass", "Fighting"]}, "Dewgong": {"name": "Dewgong", "species": "Dewgong", "speciesId": "dewgong", "gender": "M", "shiny": false, "level": 94, "moves": ["icebeam", "encore", "surf", "flipturn"], "ability": "Thick Fat", "evs": {"hp": 85, "atk": 85, "def": 85, "spa": 85, "spd": 85, "spe": 85}, "ivs": {"hp": 31, "atk": 31, "def": 31, "spa": 31, "spd": 31, "spe": 31}, "item": "Heavy-Duty Boots", "teraType": "Dragon", "role": "Bulky Support", "bvs": {"hp": 90, "atk": 70, "def": 80, "spa": 70, "spd": 95, "spe": 70}, "stats": {"hp": 322, "atk": 185, "def": 204, "spa": 185, "spd": 232, "spe": 185}, "types": ["Water", "Ice"]}, "Squawkabilly": {"name": "Squawkabilly", "species": "Squawkabilly-White", "speciesId": "squawkabillywhite", "gender": "M", "shiny": false, "level": 89, "moves": ["bravebird", "quickattack", "foulplay", "doubleedge"], "ability": "Hustle", "evs": {"hp": 85, "atk": 85, "def": 85, "spa": 85, "spd": 85, "spe": 85}, "ivs": {"hp": 31, "atk": 31, "def": 31, "spa": 31, "spd": 31, "spe": 31}, "item": "Choice Band", "teraType": "Normal", "role": "Wallbreaker", "bvs": {"hp": 82, "atk": 96, "def": 51, "spa": 45, "spd": 51, "spe": 92}, "stats": {"hp": 291, "atk": 222, "def": 142, "spa": 131, "spd": 142, "spe": 215}, "types": ["Normal", "Flying"]}, "Charizard": {"name": "Charizard", "species": "Charizard", "speciesId": "charizard", "gender": "M", "shiny": false, "level": 85, "moves": ["focusblast", "flamethrower", "willowisp", "hurricane"], "ability": "Blaze", "evs": {"hp": 85, "atk": 0, "def": 85, "spa": 85, "spd": 85, "spe": 85}, "ivs": {"hp": 31, "atk": 0, "def": 31, "spa": 31, "spd": 31, "spe": 31}, "item": "Heavy-Duty Boots", "teraType": "Dragon", "role": "Fast Attacker", "bvs": {"hp": 78, "atk": 84, "def": 78, "spa": 109, "spd": 85, "spe": 100}, "stats": {"hp": 271, "atk": 147, "def": 181, "spa": 234, "spd": 193, "spe": 219}, "types": ["Fire", "Flying"]}, "Toxtricity": {"name": "Toxtricity", "species": "Toxtricity", "speciesId": "toxtricity", "gender": "F", "shiny": false, "level": 82, "moves": ["gunkshot", "overdrive", "boomburst", "shiftgear"], "ability": "Punk Rock", "evs": {"hp": 85, "atk": 85, "def": 85, "spa": 85, "spd": 85, "spe": 85}, "ivs": {"hp": 31, "atk": 31, "def": 31, "spa": 31, "spd": 31, "spe": 31}, "item": "Throat Spray", "teraType": "Normal", "role": "Setup Sweeper", "bvs": {"hp": 75, "atk": 98, "def": 70, "spa": 114, "spd": 70, "spe": 75}, "stats": {"hp": 257, "atk": 208, "def": 162, "spa": 234, "spd": 162, "spe": 170}, "types": ["Electric", "Poison"]}, "Florges": {"name": "Florges", "species": "Florges", "speciesId": "florges", "gender": "F", "shiny": false, "level": 85, "moves": ["moonblast", "terablast", "synthesis", "calmmind"], "ability": "Flower Veil", "evs": {"hp": 85, "atk": 0, "def": 85, "spa": 85, "spd": 85, "spe": 85}, "ivs": {"hp": 31, "atk": 0, "def": 31, "spa": 31, "spd": 31, "spe": 31}, "item": "Leftovers", "teraType": "Ground", "role": "Tera Blast user", "bvs": {"hp": 78, "atk": 65, "def": 68, "spa": 112, "spd": 154, "spe": 75}, "stats": {"hp": 271, "atk": 115, "def": 164, "spa": 239, "spd": 311, "spe": 176}, "types": ["Fairy"]}}, {"Salazzle": {"name": "Salazzle", "species": "Salazzle", "speciesId": "salazzle", "gender": "F", "shiny": false, "level": 83, "moves": ["fireblast", "sludgewave", "nastyplot", "terablast"], "ability": "Corrosion", "evs": {"hp": 85, "atk": 0, "def": 85, "spa": 85, "spd": 85, "spe": 85}, "ivs": {"hp": 31, "atk": 0, "def": 31, "spa": 31, "spd": 31, "spe": 31}, "item": "Heavy-Duty Boots", "teraType": "Grass", "role": "Tera Blast user", "bvs": {"hp": 68, "atk": 64, "def": 60, "spa": 111, "spd": 60, "spe": 117}, "stats": {"hp": 249, "atk": 111, "def": 147, "spa": 232, "spd": 147, "spe": 242}, "types": ["Poison", "Fire"]}, "Dragapult": {"name": "Dragapult", "species": "Dragapult", "speciesId": "dragapult", "gender": "F", "shiny": false, "level": 77, "moves": ["uturn", "shadowball", "dracometeor", "fireblast"], "ability": "Infiltrator", "evs": {"hp": 85, "atk": 85, "def": 85, "spa": 85, "spd": 85, "spe": 85}, "ivs": {"hp": 31, "atk": 31, "def": 31, "spa": 31, "spd": 31, "spe": 31}, "item": "Choice Specs", "teraType": "Dragon", "role": "Fast Attacker", "bvs": {"hp": 88, "atk": 120, "def": 75, "spa": 100, "spd": 75, "spe": 142}, "stats": {"hp": 262, "atk": 229, "def": 160, "spa": 199, "spd": 160, "spe": 263}, "types": ["Dragon", "Ghost"]}, "Dedenne": {"name": "Dedenne", "species": "Dedenne", "speciesId": "dedenne", "gender": "F", "shiny": false, "level": 88, "moves": ["uturn", "superfang", "thunderbolt", "dazzlinggleam"], "ability": "Cheek Pouch", "evs": {"hp": 85, "atk": 85, "def": 85, "spa": 85, "spd": 85, "spe": 85}, "ivs": {"hp": 31, "atk": 31, "def": 31, "spa": 31, "spd": 31, "spe": 31}, "item": "Sitrus Berry", "teraType": "Flying", "role": "Fast Support", "bvs": {"hp": 67, "atk": 58, "def": 57, "spa": 81, "spd": 67, "spe": 101}, "stats": {"hp": 261, "atk": 152, "def": 151, "spa": 193, "spd": 168, "spe": 228}, "types": ["Electric", "Fairy"]}, "Mismagius": {"name": "Mismagius", "species": "Mismagius", "speciesId": "mismagius", "gender": "F", "shiny": false, "level": 86, "moves": ["shadowball", "mysticalfire", "dazzlinggleam", "energyball"], "ability": "Levitate", "evs": {"hp": 85, "atk": 0, "def": 85, "spa": 85, "spd": 85, "spe": 85}, "ivs": {"hp": 31, "atk": 0, "def": 31, "spa": 31, "spd": 31, "spe": 31}, "item": "Choice Specs", "teraType": "Ghost", "role": "Wallbreaker", "bvs": {"hp": 60, "atk": 60, "def": 60, "spa": 105, "spd": 105, "spe": 105}, "stats": {"hp": 243, "atk": 108, "def": 152, "spa": 230, "spd": 230, "spe": 230}, "types": ["Ghost"]}, "Snorlax": {"name": "Snorlax", "species": "Snorlax", "speciesId": "snorlax", "gender": "M", "shiny": false, "level": 82, "moves": ["bodyslam", "sleeptalk", "curse", "rest"], "ability": "Thick Fat", "evs": {"hp": 85, "atk": 85, "def": 85, "spa": 85, "spd": 85, "spe": 85}, "ivs": {"hp": 31, "atk": 31, "def": 31, "spa": 31, "spd": 31, "spe": 31}, "item": "Leftovers", "teraType": "Poison", "role": "Bulky Attacker", "bvs": {"hp": 160, "atk": 110, "def": 65, "spa": 65, "spd": 110, "spe": 30}, "stats": {"hp": 397, "atk": 228, "def": 154, "spa": 154, "spd": 228, "spe": 96}, "types": ["Normal"]}, "Whimsicott": {"name": "Whimsicott", "species": "Whimsicott", "speciesId": "whimsicott", "gender": "M", "shiny": false, "level": 84, "moves": ["encore", "substitute", "leechseed", "moonblast"], "ability": "Prankster", "evs": {"hp": 85, "atk": 0, "def": 85, "spa": 85, "spd": 85, "spe": 85}, "ivs": {"hp": 31, "atk": 0, "def": 31, "spa": 31, "spd": 31, "spe": 31}, "item": "Leftovers", "teraType": "Poison", "role": "Bulky Support", "bvs": {"hp": 60, "atk": 67, "def": 85, "spa": 77, "spd": 75, "spe": 116}, "stats": {"hp": 238, "atk": 117, "def": 191, "spa": 178, "spd": 174, "spe": 243}, "types": ["Grass", "Fairy"]}}]}