{"id": "gen9randombattle-2641497043", "format": "[Gen 9] Random Battle", "players": ["mahomesthegoat", "RC-DA"], "log": "|j|\u2606mahomesthegoat\n|j|\u2606RC-DA\n|t:|1782794705\n|gametype|singles\n|player|p1|mahomesthegoat|102|2160\n|player|p2|RC-DA|wallace|2116\n|gen|9\n|tier|[Gen 9] Random Battle\n|rated|\n|rule|Species Clause: Limit one of each Pok\u00e9mon\n|rule|HP Percentage Mod: HP is shown in percentages\n|rule|Sleep Clause Mod: Limit one foe put to sleep\n|rule|Illusion Level Mod: Illusion disguises the Pok\u00e9mon's true level\n|\n|t:|1782794705\n|teamsize|p1|6\n|teamsize|p2|6\n|start\n|switch|p1a: Weavile|Weavile, L79, F|240/240\n|switch|p2a: Venomoth|Venomoth, L84, F|255/255\n|turn|1\n|\n|t:|1782794729\n|switch|p1a: Regigigas|Regigigas, L84|322/322\n|-start|p1a: Regigigas|ability: Slow Start\n|move|p2a: Venomoth|Quiver Dance|p2a: Venomoth\n|-boost|p2a: Venomoth|spa|1\n|-boost|p2a: Venomoth|spd|1\n|-boost|p2a: Venomoth|spe|1\n|\n|upkeep\n|turn|2\n|\n|t:|1782794738\n|move|p2a: Venomoth|Sleep Powder|p1a: Regigigas\n|-status|p1a: Regigigas|slp|[from] move: Sleep Powder\n|cant|p1a: Regigigas|slp\n|\n|upkeep\n|turn|3\n|\n|t:|1782794741\n|move|p2a: Venomoth|Sludge Wave|p1a: Regigigas\n|-damage|p1a: Regigigas|199/322 slp\n|cant|p1a: Regigigas|slp\n|move|p1a: Regigigas|Sleep Talk|p1a: Regigigas\n|move|p1a: Regigigas|Rest||[from] move: Sleep Talk|[still]\n|-fail|p1a: Regigigas\n|\n|-heal|p1a: Regigigas|219/322 slp|[from] item: Leftovers\n|upkeep\n|turn|4\n|\n|t:|1782794753\n|move|p2a: Venomoth|Sludge Wave|p1a: Regigigas\n|-damage|p1a: Regigigas|93/322 slp\n|cant|p1a: Regigigas|slp\n|move|p1a: Regigigas|Sleep Talk|p1a: Regigigas\n|move|p1a: Regigigas|Body Slam|p2a: Venomoth|[from] move: Sleep Talk\n|-damage|p2a: Venomoth|170/255\n|\n|-heal|p1a: Regigigas|113/322 slp|[from] item: Leftovers\n|upkeep\n|turn|5\n|\n|t:|1782794763\n|switch|p1a: Okidogi|Okidogi, L77, M|262/262\n|move|p2a: Venomoth|Sludge Wave|p1a: Okidogi\n|-resisted|p1a: Okidogi\n|-damage|p1a: Okidogi|152/262\n|\n|upkeep\n|turn|6\n|\n|t:|1782794776\n|move|p2a: Venomoth|Sludge Wave|p1a: Okidogi\n|-resisted|p1a: Okidogi\n|-damage|p1a: Okidogi|38/262\n|move|p1a: Okidogi|Knock Off|p2a: Venomoth\n|-damage|p2a: Venomoth|71/255\n|-enditem|p2a: Venomoth|Heavy-Duty Boots|[from] move: Knock Off|[of] p1a: Okidogi\n|\n|upkeep\n|turn|7\n|\n|t:|1782794790\n|move|p2a: Venomoth|Sludge Wave|p1a: Okidogi\n|-resisted|p1a: Okidogi\n|-damage|p1a: Okidogi|0 fnt\n|faint|p1a: Okidogi\n|\n|upkeep\n|\n|t:|1782794792\n|switch|p1a: Tornadus|Tornadus-Therian, L79, M|254/254\n|turn|8\n|\n|t:|1782794799\n|move|p2a: Venomoth|Sludge Wave|p1a: Tornadus\n|-damage|p1a: Tornadus|161/254\n|move|p1a: Tornadus|Bleakwind Storm|p2a: Venomoth\n|-supereffective|p2a: Venomoth\n|-damage|p2a: Venomoth|0 fnt\n|faint|p2a: Venomoth\n|\n|upkeep\n|\n|t:|1782794813\n|switch|p2a: Revavroom|Revavroom, L79, M|256/256\n|turn|9\n|\n|t:|1782794826\n|move|p1a: Tornadus|Heat Wave|p2a: Revavroom\n|-supereffective|p2a: Revavroom\n|-damage|p2a: Revavroom|126/256\n|move|p2a: Revavroom|Shift Gear|p2a: Revavroom\n|-boost|p2a: Revavroom|spe|2\n|-boost|p2a: Revavroom|atk|1\n|\n|upkeep\n|turn|10\n|\n|t:|1782794847\n|switch|p1a: Regigigas|Regigigas, L84|113/322 slp\n|-start|p1a: Regigigas|ability: Slow Start\n|move|p2a: Revavroom|Gunk Shot|p1a: Regigigas\n|-damage|p1a: Regigigas|0 fnt\n|faint|p1a: Regigigas\n|-end|p1a: Regigigas|Slow Start|[silent]\n|-damage|p2a: Revavroom|101/256|[from] item: Life Orb\n|\n|upkeep\n|\n|t:|1782794855\n|switch|p1a: Luvdisc|Luvdisc, F|247/247\n|turn|11\n|\n|t:|1782794859\n|move|p2a: Revavroom|Gunk Shot|p1a: Luvdisc\n|-damage|p1a: Luvdisc|0 fnt\n|faint|p1a: Luvdisc\n|-damage|p2a: Revavroom|76/256|[from] item: Life Orb\n|\n|upkeep\n|\n|t:|1782794876\n|switch|p1a: Tornadus|Tornadus-Therian, L79, M|245/254\n|turn|12\n|\n|t:|1782794881\n|move|p2a: Revavroom|Gunk Shot|p1a: Tornadus\n|-damage|p1a: Tornadus|0 fnt\n|faint|p1a: Tornadus\n|-damage|p2a: Revavroom|51/256|[from] item: Life Orb\n|\n|upkeep\n|\n|t:|1782794905\n|switch|p1a: Cloyster|Cloyster, L80, M|211/211\n|turn|13\n|\n|t:|1782794913\n|move|p2a: Revavroom|Gunk Shot|p1a: Cloyster\n|-damage|p1a: Cloyster|55/211\n|-damage|p2a: Revavroom|26/256|[from] item: Life Orb\n|move|p1a: Cloyster|Hydro Pump|p2a: Revavroom\n|-damage|p2a: Revavroom|0 fnt\n|faint|p2a: Revavroom\n|\n|upkeep\n|\n|t:|1782794918\n|switch|p2a: Sandy Shocks|Sandy Shocks, L80|267/267\n|turn|14\n|\n|t:|1782794925\n|move|p2a: Sandy Shocks|Earth Power|p1a: Cloyster\n|-damage|p1a: Cloyster|0 fnt\n|faint|p1a: Cloyster\n|\n|upkeep\n|\n|t:|1782794930\n|switch|p1a: Weavile|Weavile, L79, F|240/240\n|turn|15\n|\n|t:|1782794937\n|move|p1a: Weavile|Triple Axel|p2a: Sandy Shocks\n|-supereffective|p2a: Sandy Shocks\n|-damage|p2a: Sandy Shocks|219/267\n|-supereffective|p2a: Sandy Shocks\n|-damage|p2a: Sandy Shocks|135/267\n|-supereffective|p2a: Sandy Shocks\n|-crit|p2a: Sandy Shocks\n|-damage|p2a: Sandy Shocks|0 fnt\n|faint|p2a: Sandy Shocks\n|-end|p2a: Sandy Shocks|Protosynthesis|[silent]\n|-hitcount|p2: Sandy Shocks|3\n|\n|upkeep\n|\n|t:|1782794948\n|switch|p2a: Malamar|Malamar, L82, F|275/275\n|turn|16\n|\n|t:|1782794970\n|-terastallize|p1a: Weavile|Ice\n|move|p1a: Weavile|Swords Dance|p1a: Weavile\n|-boost|p1a: Weavile|atk|2\n|move|p2a: Malamar|Superpower|p1a: Weavile\n|-supereffective|p1a: Weavile\n|-crit|p1a: Weavile\n|-damage|p1a: Weavile|0 fnt\n|-boost|p2a: Malamar|atk|1\n|-boost|p2a: Malamar|def|1\n|faint|p1a: Weavile\n|\n|win|RC-DA\n", "inputlog": ">version f8ac14003a5f27e1bdc8d8c59608a773c1cb96e5\n>start {\"formatid\":\"gen9randombattle\",\"seed\":\"sodium,514029729b124115e87ac6c8757c20ff\",\"rated\":\"Rated battle\"}\n>player p1 {\"name\":\"mahomesthegoat\",\"avatar\":\"102\",\"rating\":2160,\"seed\":\"sodium,49c7f1cde1d2a685d283250caec70c7c\"}\n>player p2 {\"name\":\"RC-DA\",\"avatar\":\"wallace\",\"rating\":2116,\"seed\":\"sodium,aa7527fa4015e028837c4787ece5f58d\"}\n>p1 switch 4\n>p2 move quiverdance\n>p1 move bodyslam\n>p2 move sleeppowder\n>p1 move sleeptalk\n>p2 move sludgewave\n>p1 move sleeptalk\n>p2 move sludgewave\n>p1 switch 2\n>p2 move sludgewave\n>p1 move knockoff\n>p2 move sludgewave\n>p1 move knockoff\n>p2 move sludgewave\n>p1 switch 3\n>p1 move bleakwindstorm\n>p2 move sludgewave\n>p2 switch 5\n>p1 move heatwave\n>p2 move shiftgear\n>p1 switch 2\n>p2 move gunkshot\n>p1 switch 5\n>p1 move surf\n>p2 move gunkshot\n>p1 switch 2\n>p1 move heatwave\n>p2 move gunkshot\n>p1 switch 6\n>p1 move hydropump\n>p2 move gunkshot\n>p2 switch 6\n>p1 move hydropump\n>p2 move earthpower\n>p1 switch 4\n>p1 move tripleaxel\n>p2 move voltswitch\n>p2 switch 3\n>p1 move swordsdance terastallize\n>p2 move superpower", "uploadtime": 1782794707, "views": 7, "formatid": "gen9randombattle", "rating": null, "private": 0, "password": null, "player_dets": [{"name": "mahomesthegoat", "avatar": "102", "rating": 2160, "seed": "sodium,49c7f1cde1d2a685d283250caec70c7c"}, {"name": "RC-DA", "avatar": "wallace", "rating": 2116, "seed": "sodium,aa7527fa4015e028837c4787ece5f58d"}], "teams_full": [{"Weavile": {"name": "Weavile", "species": "Weavile", "speciesId": "weavile", "gender": "F", "shiny": false, "level": 79, "moves": ["swordsdance", "tripleaxel", "knockoff", "lowkick"], "ability": "Pickpocket", "evs": {"hp": 85, "atk": 85, "def": 85, "spa": 85, "spd": 85, "spe": 85}, "ivs": {"hp": 31, "atk": 31, "def": 31, "spa": 31, "spd": 31, "spe": 31}, "item": "Heavy-Duty Boots", "teraType": "Ice", "role": "Fast Attacker", "bvs": {"hp": 70, "atk": 120, "def": 65, "spa": 45, "spd": 85, "spe": 125}, "stats": {"hp": 240, "atk": 235, "def": 148, "spa": 117, "spd": 180, "spe": 243}, "types": ["Dark", "Ice"]}, "Okidogi": {"name": "Okidogi", "species": "Okidogi", "speciesId": "okidogi", "gender": "M", "shiny": false, "level": 77, "moves": ["knockoff", "gunkshot", "drainpunch", "highhorsepower"], "ability": "Toxic Chain", "evs": {"hp": 85, "atk": 85, "def": 85, "spa": 85, "spd": 85, "spe": 85}, "ivs": {"hp": 31, "atk": 31, "def": 31, "spa": 31, "spd": 31, "spe": 31}, "item": "Assault Vest", "teraType": "Dark", "role": "AV Pivot", "bvs": {"hp": 88, "atk": 128, "def": 115, "spa": 58, "spd": 86, "spe": 80}, "stats": {"hp": 262, "atk": 242, "def": 222, "spa": 134, "spd": 177, "spe": 168}, "types": ["Poison", "Fighting"]}, "Tornadus": {"name": "Tornadus", "species": "Tornadus-Therian", "speciesId": "tornadustherian", "gender": "M", "shiny": false, "level": 79, "moves": ["knockoff", "heatwave", "bleakwindstorm", "uturn"], "ability": "Regenerator", "evs": {"hp": 85, "atk": 85, "def": 85, "spa": 85, "spd": 85, "spe": 85}, "ivs": {"hp": 31, "atk": 31, "def": 31, "spa": 31, "spd": 31, "spe": 31}, "item": "Assault Vest", "teraType": "Steel", "role": "AV Pivot", "bvs": {"hp": 79, "atk": 100, "def": 80, "spa": 110, "spd": 90, "spe": 121}, "stats": {"hp": 254, "atk": 204, "def": 172, "spa": 219, "spd": 188, "spe": 237}, "types": ["Flying"]}, "Regigigas": {"name": "Regigigas", "species": "Regigigas", "speciesId": "regigigas", "gender": "N", "shiny": false, "level": 84, "moves": ["knockoff", "bodyslam", "rest", "sleeptalk"], "ability": "Slow Start", "evs": {"hp": 85, "atk": 85, "def": 85, "spa": 85, "spd": 85, "spe": 85}, "ivs": {"hp": 31, "atk": 31, "def": 31, "spa": 31, "spd": 31, "spe": 31}, "item": "Leftovers", "teraType": "Ghost", "role": "Bulky Support", "bvs": {"hp": 110, "atk": 160, "def": 110, "spa": 80, "spd": 110, "spe": 100}, "stats": {"hp": 322, "atk": 317, "def": 233, "spa": 183, "spd": 233, "spe": 216}, "types": ["Normal"]}, "Luvdisc": {"name": "Luvdisc", "species": "Luvdisc", "speciesId": "luvdisc", "gender": "F", "shiny": false, "level": 100, "moves": ["endeavor", "substitute", "surf", "whirlpool"], "ability": "Swift Swim", "evs": {"hp": 81, "atk": 0, "def": 85, "spa": 85, "spd": 85, "spe": 85}, "ivs": {"hp": 31, "atk": 0, "def": 31, "spa": 31, "spd": 31, "spe": 31}, "item": "Heavy-Duty Boots", "teraType": "Ghost", "role": "Fast Support", "bvs": {"hp": 43, "atk": 30, "def": 55, "spa": 40, "spd": 65, "spe": 97}, "stats": {"hp": 247, "atk": 65, "def": 167, "spa": 137, "spd": 187, "spe": 251}, "types": ["Water"]}, "Cloyster": {"name": "Cloyster", "species": "Cloyster", "speciesId": "cloyster", "gender": "M", "shiny": false, "level": 80, "moves": ["rockblast", "hydropump", "iciclespear", "shellsmash"], "ability": "Skill Link", "evs": {"hp": 85, "atk": 85, "def": 85, "spa": 85, "spd": 85, "spe": 85}, "ivs": {"hp": 31, "atk": 31, "def": 31, "spa": 31, "spd": 31, "spe": 31}, "item": "White Herb", "teraType": "Rock", "role": "Setup Sweeper", "bvs": {"hp": 50, "atk": 95, "def": 180, "spa": 85, "spd": 45, "spe": 70}, "stats": {"hp": 211, "atk": 198, "def": 334, "spa": 182, "spd": 118, "spe": 158}, "types": ["Water", "Ice"]}}, {"Venomoth": {"name": "Venomoth", "species": "Venomoth", "speciesId": "venomoth", "gender": "F", "shiny": false, "level": 84, "moves": ["sleeppowder", "sludgewave", "quiverdance", "bugbuzz"], "ability": "Tinted Lens", "evs": {"hp": 85, "atk": 0, "def": 85, "spa": 85, "spd": 85, "spe": 85}, "ivs": {"hp": 31, "atk": 0, "def": 31, "spa": 31, "spd": 31, "spe": 31}, "item": "Heavy-Duty Boots", "teraType": "Water", "role": "Setup Sweeper", "bvs": {"hp": 70, "atk": 65, "def": 60, "spa": 90, "spd": 75, "spe": 90}, "stats": {"hp": 255, "atk": 114, "def": 149, "spa": 199, "spd": 174, "spe": 199}, "types": ["Bug", "Poison"]}, "Zamazenta": {"name": "Zamazenta", "species": "Zamazenta", "speciesId": "zamazenta", "gender": "N", "shiny": false, "level": 71, "moves": ["crunch", "stoneedge", "psychicfangs", "closecombat"], "ability": "Dauntless Shield", "evs": {"hp": 85, "atk": 85, "def": 85, "spa": 85, "spd": 85, "spe": 85}, "ivs": {"hp": 31, "atk": 31, "def": 31, "spa": 31, "spd": 31, "spe": 31}, "item": "Choice Band", "teraType": "Dark", "role": "Bulky Attacker", "bvs": {"hp": 92, "atk": 120, "def": 115, "spa": 80, "spd": 115, "spe": 138}, "stats": {"hp": 248, "atk": 212, "def": 205, "spa": 155, "spd": 205, "spe": 237}, "types": ["Fighting"]}, "Malamar": {"name": "Malamar", "species": "Malamar", "speciesId": "malamar", "gender": "F", "shiny": false, "level": 82, "moves": ["rest", "superpower", "sleeptalk", "knockoff"], "ability": "Contrary", "evs": {"hp": 85, "atk": 85, "def": 85, "spa": 85, "spd": 85, "spe": 85}, "ivs": {"hp": 31, "atk": 31, "def": 31, "spa": 31, "spd": 31, "spe": 31}, "item": "Leftovers", "teraType": "Steel", "role": "Bulky Setup", "bvs": {"hp": 86, "atk": 92, "def": 88, "spa": 68, "spd": 75, "spe": 73}, "stats": {"hp": 275, "atk": 198, "def": 191, "spa": 159, "spd": 170, "spe": 167}, "types": ["Dark", "Psychic"]}, "Altaria": {"name": "Altaria", "species": "Altaria", "speciesId": "altaria", "gender": "M", "shiny": false, "level": 89, "moves": ["earthquake", "roost", "bravebird", "defog"], "ability": "Natural Cure", "evs": {"hp": 85, "atk": 85, "def": 85, "spa": 85, "spd": 85, "spe": 85}, "ivs": {"hp": 31, "atk": 31, "def": 31, "spa": 31, "spd": 31, "spe": 31}, "item": "Heavy-Duty Boots", "teraType": "Steel", "role": "Bulky Support", "bvs": {"hp": 75, "atk": 70, "def": 90, "spa": 70, "spd": 105, "spe": 80}, "stats": {"hp": 278, "atk": 175, "def": 211, "spa": 175, "spd": 238, "spe": 193}, "types": ["Dragon", "Flying"]}, "Revavroom": {"name": "Revavroom", "species": "Revavroom", "speciesId": "revavroom", "gender": "M", "shiny": false, "level": 79, "moves": ["shiftgear", "ironhead", "highhorsepower", "gunkshot"], "ability": "Filter", "evs": {"hp": 85, "atk": 85, "def": 85, "spa": 85, "spd": 85, "spe": 85}, "ivs": {"hp": 31, "atk": 31, "def": 31, "spa": 31, "spd": 31, "spe": 31}, "item": "Life Orb", "teraType": "Ground", "role": "Fast Attacker", "bvs": {"hp": 80, "atk": 119, "def": 90, "spa": 54, "spd": 67, "spe": 90}, "stats": {"hp": 256, "atk": 234, "def": 188, "spa": 131, "spd": 151, "spe": 188}, "types": ["Steel", "Poison"]}, "Sandy Shocks": {"name": "Sandy Shocks", "species": "Sandy Shocks", "speciesId": "sandyshocks", "gender": "N", "shiny": false, "level": 80, "moves": ["thunderwave", "earthpower", "voltswitch", "thunderbolt"], "ability": "Protosynthesis", "evs": {"hp": 85, "atk": 0, "def": 85, "spa": 85, "spd": 85, "spe": 85}, "ivs": {"hp": 31, "atk": 0, "def": 31, "spa": 31, "spd": 31, "spe": 31}, "item": "Heavy-Duty Boots", "teraType": "Ground", "role": "Fast Support", "bvs": {"hp": 85, "atk": 81, "def": 97, "spa": 121, "spd": 85, "spe": 101}, "stats": {"hp": 267, "atk": 134, "def": 201, "spa": 240, "spd": 182, "spe": 208}, "types": ["Electric", "Ground"]}}]}