{"id": "gen9randombattle-2641732680", "format": "[Gen 9] Random Battle", "players": ["rootofx", "mvidcar2702"], "log": "|j|\u2606rootofx\n|j|\u2606mvidcar2702\n|t:|1782835380\n|gametype|singles\n|player|p1|rootofx|1|1182\n|player|p2|mvidcar2702|101|1164\n|gen|9\n|tier|[Gen 9] Random Battle\n|rated|\n|rule|Species Clause: Limit one of each Pok\u00e9mon\n|rule|HP Percentage Mod: HP is shown in percentages\n|rule|Sleep Clause Mod: Limit one foe put to sleep\n|rule|Illusion Level Mod: Illusion disguises the Pok\u00e9mon's true level\n|\n|t:|1782835380\n|teamsize|p1|6\n|teamsize|p2|6\n|start\n|switch|p1a: Gogoat|Gogoat, L88, M|360/360\n|switch|p2a: Salazzle|Salazzle, L83, F|249/249\n|turn|1\n|inactive|Battle timer is ON: inactive players will automatically lose when time's up. (requested by rootofx)\n|\n|t:|1782835393\n|-terastallize|p1a: Gogoat|Water\n|move|p2a: Salazzle|Fire Blast|p1a: Gogoat\n|-resisted|p1a: Gogoat\n|-damage|p1a: Gogoat|297/360\n|move|p1a: Gogoat|Earthquake|p2a: Salazzle\n|-supereffective|p2a: Salazzle\n|-damage|p2a: Salazzle|0 fnt\n|faint|p2a: Salazzle\n|\n|-heal|p1a: Gogoat|319/360|[from] item: Leftovers\n|upkeep\n|\n|t:|1782835401\n|switch|p2a: Pachirisu|Pachirisu, L96, M|271/271\n|turn|2\n|\n|t:|1782835420\n|switch|p1a: Quagsire|Quagsire, L84, F|297/297\n|move|p2a: Pachirisu|Discharge|p1a: Quagsire\n|-immune|p1a: Quagsire\n|\n|upkeep\n|turn|3\n|\n|t:|1782835436\n|move|p2a: Pachirisu|U-turn|p1a: Quagsire\n|-damage|p1a: Quagsire|256/297\n|\n|t:|1782835445\n|switch|p2a: Meganium|Meganium, L90, M|290/290|[from] U-turn\n|move|p1a: Quagsire|Spikes|p2a: Meganium\n|-sidestart|p2: mvidcar2702|Spikes\n|\n|-heal|p1a: Quagsire|274/297|[from] item: Leftovers\n|upkeep\n|turn|4\n|\n|t:|1782835455\n|switch|p1a: Vileplume|Vileplume, L85, F|266/266\n|move|p2a: Meganium|Knock Off|p1a: Vileplume\n|-damage|p1a: Vileplume|189/266\n|-enditem|p1a: Vileplume|Leftovers|[from] move: Knock Off|[of] p2a: Meganium\n|\n|upkeep\n|turn|5\n|\n|t:|1782835469\n|switch|p2a: Cinderace|Cinderace, L77, F|250/250\n|move|p1a: Vileplume|Sludge Bomb|p2a: Cinderace\n|-damage|p2a: Cinderace|111/250\n|-status|p2a: Cinderace|psn\n|\n|-damage|p2a: Cinderace|80/250 psn|[from] psn\n|upkeep\n|turn|6\n|\n|t:|1782835491\n|switch|p1a: Samurott|Samurott, L88, M|310/310\n|move|p2a: Cinderace|Will-O-Wisp|p1a: Samurott\n|-status|p1a: Samurott|brn\n|\n|-damage|p2a: Cinderace|49/250 psn|[from] psn\n|-damage|p1a: Samurott|291/310 brn|[from] brn\n|upkeep\n|turn|7\n|\n|t:|1782835503\n|move|p1a: Samurott|Aqua Jet|p2a: Cinderace\n|-supereffective|p2a: Cinderace\n|-damage|p2a: Cinderace|0 fnt\n|faint|p2a: Cinderace\n|\n|-damage|p1a: Samurott|272/310 brn|[from] brn\n|upkeep\n|\n|t:|1782835510\n|switch|p2a: Meganium|Meganium, L90, M|290/290\n|-damage|p2a: Meganium|254/290|[from] Spikes\n|turn|8\n|\n|t:|1782835523\n|switch|p1a: Vileplume|Vileplume, L85, F|189/266\n|move|p2a: Meganium|Energy Ball|p1a: Vileplume\n|-resisted|p1a: Vileplume\n|-damage|p1a: Vileplume|165/266\n|\n|-heal|p2a: Meganium|272/290|[from] item: Leftovers\n|upkeep\n|turn|9\n|\n|t:|1782835530\n|switch|p2a: Cramorant|Cramorant, L86, M|261/261\n|move|p1a: Vileplume|Sludge Bomb|p2a: Cramorant\n|-damage|p2a: Cramorant|155/261\n|\n|upkeep\n|turn|10\n|\n|t:|1782835536\n|switch|p1a: Samurott|Samurott, L88, M|272/310 brn\n|move|p2a: Cramorant|Roost|p2a: Cramorant\n|-heal|p2a: Cramorant|261/261\n|-singleturn|p2a: Cramorant|move: Roost\n|\n|-damage|p1a: Samurott|253/310 brn|[from] brn\n|upkeep\n|turn|11\n|inactive|rootofx has 120 seconds left.\n|inactive|rootofx has 90 seconds left.\n|inactive|rootofx has 60 seconds left.\n|inactive|rootofx has 30 seconds left.\n|\n|t:|1782835663\n|switch|p1a: Quagsire|Quagsire, L84, F|274/297\n|move|p2a: Cramorant|Brave Bird|p1a: Quagsire\n|-damage|p1a: Quagsire|141/297\n|-damage|p2a: Cramorant|217/261|[from] Recoil\n|\n|-heal|p1a: Quagsire|159/297|[from] item: Leftovers\n|upkeep\n|turn|12\n|inactive|rootofx has 30 seconds left.\n|\n|t:|1782835687\n|move|p2a: Cramorant|Brave Bird|p1a: Quagsire\n|-damage|p1a: Quagsire|42/297\n|-damage|p2a: Cramorant|178/261|[from] Recoil\n|move|p1a: Quagsire|Recover|p1a: Quagsire\n|-heal|p1a: Quagsire|191/297\n|\n|-heal|p1a: Quagsire|209/297|[from] item: Leftovers\n|upkeep\n|turn|13\n|inactive|mvidcar2702 has 120 seconds left.\n|\n|t:|1782835727\n|move|p2a: Cramorant|Brave Bird|p1a: Quagsire\n|-damage|p1a: Quagsire|88/297\n|-damage|p2a: Cramorant|138/261|[from] Recoil\n|move|p1a: Quagsire|Toxic|p2a: Cramorant\n|-status|p2a: Cramorant|tox\n|\n|-heal|p1a: Quagsire|106/297|[from] item: Leftovers\n|-damage|p2a: Cramorant|122/261 tox|[from] psn\n|upkeep\n|turn|14\n|inactive|rootofx has 30 seconds left.\n|\n|t:|1782835743\n|switch|p1a: Eelektross|Eelektross, L87, M|290/290\n|move|p2a: Cramorant|Roost|p2a: Cramorant\n|-heal|p2a: Cramorant|253/261 tox\n|-singleturn|p2a: Cramorant|move: Roost\n|\n|-damage|p2a: Cramorant|221/261 tox|[from] psn\n|upkeep\n|turn|15\n|\n|t:|1782835755\n|move|p2a: Cramorant|Brave Bird|p1a: Eelektross\n|-resisted|p1a: Eelektross\n|-damage|p1a: Eelektross|230/290\n|-damage|p2a: Cramorant|201/261 tox|[from] Recoil\n|move|p1a: Eelektross|Coil|p1a: Eelektross\n|-boost|p1a: Eelektross|atk|1\n|-boost|p1a: Eelektross|def|1\n|-boost|p1a: Eelektross|accuracy|1\n|\n|-heal|p1a: Eelektross|248/290|[from] item: Leftovers\n|-damage|p2a: Cramorant|153/261 tox|[from] psn\n|upkeep\n|turn|16\n|\n|t:|1782835768\n|move|p2a: Cramorant|Defog|p1a: Eelektross\n|-unboost|p1a: Eelektross|evasion|1\n|-sideend|p2: mvidcar2702|Spikes|[from] move: Defog|[of] p2a: Cramorant\n|move|p1a: Eelektross|Supercell Slam|p2a: Cramorant\n|-supereffective|p2a: Cramorant\n|-damage|p2a: Cramorant|0 fnt\n|faint|p2a: Cramorant\n|\n|-heal|p1a: Eelektross|266/290|[from] item: Leftovers\n|upkeep\n|\n|t:|1782835788\n|switch|p2a: Hydrapple|Hydrapple, L83, F|312/312\n|turn|17\n|\n|t:|1782835806\n|move|p1a: Eelektross|Drain Punch|p2a: Hydrapple\n|-damage|p2a: Hydrapple|227/312\n|-heal|p1a: Eelektross|290/290|[from] drain|[of] p2a: Hydrapple\n|move|p2a: Hydrapple|Earth Power|p1a: Eelektross\n|-immune|p1a: Eelektross|[from] ability: Levitate\n|\n|upkeep\n|turn|18\n|\n|t:|1782835814\n|move|p1a: Eelektross|Coil|p1a: Eelektross\n|-boost|p1a: Eelektross|atk|1\n|-boost|p1a: Eelektross|def|1\n|-boost|p1a: Eelektross|accuracy|1\n|move|p2a: Hydrapple|Dragon Tail|p1a: Eelektross\n|-damage|p1a: Eelektross|259/290\n|drag|p1a: Gogoat|Gogoat, L88, M, tera:Water|319/360\n|\n|-heal|p1a: Gogoat|341/360|[from] item: Leftovers\n|upkeep\n|turn|19\n|\n|t:|1782835823\n|switch|p1a: Vileplume|Vileplume, L85, F|165/266\n|move|p2a: Hydrapple|Giga Drain|p1a: Vileplume\n|-resisted|p1a: Vileplume\n|-damage|p1a: Vileplume|143/266\n|-heal|p2a: Hydrapple|238/312|[from] drain|[of] p1a: Vileplume\n|\n|upkeep\n|turn|20\n|\n|t:|1782835837\n|move|p1a: Vileplume|Sludge Bomb|p2a: Hydrapple\n|-supereffective|p2a: Hydrapple\n|-damage|p2a: Hydrapple|80/312\n|-status|p2a: Hydrapple|psn\n|move|p2a: Hydrapple|Fickle Beam|p1a: Vileplume|[anim] Fickle Beam All Out\n|-activate|p2a: Hydrapple|move: Fickle Beam\n|-damage|p1a: Vileplume|0 fnt\n|faint|p1a: Vileplume\n|\n|-damage|p2a: Hydrapple|41/312 psn|[from] psn\n|upkeep\n|inactive|rootofx has 30 seconds left.\n|\n|t:|1782835861\n|switch|p1a: Gogoat|Gogoat, L88, M, tera:Water|341/360\n|turn|21\n|inactive|mvidcar2702 has 120 seconds left.\n|\n|t:|1782835891\n|move|p1a: Gogoat|Earthquake|p2a: Hydrapple\n|-resisted|p2a: Hydrapple\n|-damage|p2a: Hydrapple|7/312 psn\n|move|p2a: Hydrapple|Giga Drain|p1a: Gogoat\n|-ability|p1a: Gogoat|Sap Sipper|boost\n|-boost|p1a: Gogoat|atk|1\n|\n|-heal|p1a: Gogoat|360/360|[from] item: Leftovers\n|-damage|p2a: Hydrapple|0 fnt|[from] psn\n|faint|p2a: Hydrapple\n|upkeep\n|\n|t:|1782835899\n|switch|p2a: Pachirisu|Pachirisu, L96, M|271/271\n|turn|22\n|\n|t:|1782835906\n|move|p2a: Pachirisu|Discharge|p1a: Gogoat\n|-supereffective|p1a: Gogoat\n|-damage|p1a: Gogoat|238/360\n|-status|p1a: Gogoat|par\n|move|p1a: Gogoat|Earthquake|p2a: Pachirisu\n|-supereffective|p2a: Pachirisu\n|-damage|p2a: Pachirisu|7/271\n|\n|-heal|p1a: Gogoat|260/360 par|[from] item: Leftovers\n|upkeep\n|turn|23\n|inactive|mvidcar2702 has 120 seconds left.\n|\n|t:|1782835917\n|move|p2a: Pachirisu|Discharge|p1a: Gogoat\n|-supereffective|p1a: Gogoat\n|-damage|p1a: Gogoat|120/360 par\n|move|p1a: Gogoat|Earthquake|p2a: Pachirisu\n|-supereffective|p2a: Pachirisu\n|-damage|p2a: Pachirisu|0 fnt\n|faint|p2a: Pachirisu\n|\n|-heal|p1a: Gogoat|142/360 par|[from] item: Leftovers\n|upkeep\n|\n|t:|1782835922\n|switch|p2a: Meganium|Meganium, L90, M|272/290\n|turn|24\n|\n|t:|1782835929\n|move|p2a: Meganium|Knock Off|p1a: Gogoat\n|-damage|p1a: Gogoat|62/360 par\n|-enditem|p1a: Gogoat|Leftovers|[from] move: Knock Off|[of] p2a: Meganium\n|cant|p1a: Gogoat|par\n|\n|-heal|p2a: Meganium|290/290|[from] item: Leftovers\n|upkeep\n|turn|25\n|\n|t:|1782835937\n|move|p2a: Meganium|Knock Off|p1a: Gogoat\n|-damage|p1a: Gogoat|7/360 par\n|move|p1a: Gogoat|Milk Drink|p1a: Gogoat\n|-heal|p1a: Gogoat|187/360 par\n|\n|upkeep\n|turn|26\n|\n|t:|1782835951\n|move|p2a: Meganium|Knock Off|p1a: Gogoat\n|-damage|p1a: Gogoat|124/360 par\n|move|p1a: Gogoat|Earthquake|p2a: Meganium\n|-resisted|p2a: Meganium\n|-damage|p2a: Meganium|242/290\n|\n|-heal|p2a: Meganium|260/290|[from] item: Leftovers\n|upkeep\n|turn|27\n|\n|t:|1782835959\n|move|p2a: Meganium|Knock Off|p1a: Gogoat\n|-damage|p1a: Gogoat|61/360 par\n|move|p1a: Gogoat|Milk Drink|p1a: Gogoat\n|-heal|p1a: Gogoat|241/360 par\n|\n|-heal|p2a: Meganium|278/290|[from] item: Leftovers\n|upkeep\n|turn|28\n|inactive|rootofx has 90 seconds left.\n|inactive|mvidcar2702 has 120 seconds left.\n|\n|t:|1782835992\n|move|p2a: Meganium|Knock Off|p1a: Gogoat\n|-damage|p1a: Gogoat|187/360 par\n|move|p1a: Gogoat|Earthquake|p2a: Meganium\n|-resisted|p2a: Meganium\n|-damage|p2a: Meganium|227/290\n|\n|-heal|p2a: Meganium|245/290|[from] item: Leftovers\n|upkeep\n|turn|29\n|inactive|rootofx has 90 seconds left.\n|inactive|mvidcar2702 has 120 seconds left.\n|\n|t:|1782836025\n|move|p2a: Meganium|Knock Off|p1a: Gogoat\n|-damage|p1a: Gogoat|128/360 par\n|move|p1a: Gogoat|Earthquake|p2a: Meganium\n|-resisted|p2a: Meganium\n|-damage|p2a: Meganium|199/290\n|\n|-heal|p2a: Meganium|217/290|[from] item: Leftovers\n|upkeep\n|turn|30\n|\n|t:|1782836032\n|move|p2a: Meganium|Knock Off|p1a: Gogoat\n|-damage|p1a: Gogoat|69/360 par\n|move|p1a: Gogoat|Earthquake|p2a: Meganium\n|-resisted|p2a: Meganium\n|-damage|p2a: Meganium|167/290\n|\n|-heal|p2a: Meganium|185/290|[from] item: Leftovers\n|upkeep\n|turn|31\n|inactive|rootofx has 90 seconds left.\n|\n|t:|1782836037\n|move|p2a: Meganium|Encore|p1a: Gogoat\n|-start|p1a: Gogoat|Encore\n|move|p1a: Gogoat|Earthquake|p2a: Meganium\n|-resisted|p2a: Meganium\n|-damage|p2a: Meganium|131/290\n|\n|-heal|p2a: Meganium|149/290|[from] item: Leftovers\n|upkeep\n|turn|32\n|\n|t:|1782836045\n|move|p2a: Meganium|Synthesis|p2a: Meganium\n|-heal|p2a: Meganium|290/290\n|cant|p1a: Gogoat|par\n|\n|upkeep\n|turn|33\n|\n|t:|1782836049\n|move|p2a: Meganium|Knock Off|p1a: Gogoat\n|-damage|p1a: Gogoat|15/360 par\n|cant|p1a: Gogoat|par\n|\n|-end|p1a: Gogoat|Encore\n|upkeep\n|turn|34\n|\n|t:|1782836054\n|move|p2a: Meganium|Knock Off|p1a: Gogoat\n|-damage|p1a: Gogoat|0 fnt\n|faint|p1a: Gogoat\n|\n|upkeep\n|\n|t:|1782836063\n|switch|p1a: Hypno|Hypno, L95, F|315/315\n|turn|35\n|\n|t:|1782836070\n|move|p2a: Meganium|Knock Off|p1a: Hypno\n|-supereffective|p1a: Hypno\n|-damage|p1a: Hypno|179/315\n|-enditem|p1a: Hypno|Leftovers|[from] move: Knock Off|[of] p2a: Meganium\n|move|p1a: Hypno|Thunder Wave|p2a: Meganium\n|-status|p2a: Meganium|par\n|\n|upkeep\n|turn|36\n|inactive|rootofx has 120 seconds left.\n|\n|t:|1782836080\n|move|p1a: Hypno|Knock Off|p2a: Meganium\n|-damage|p2a: Meganium|227/290 par\n|-enditem|p2a: Meganium|Leftovers|[from] move: Knock Off|[of] p1a: Hypno\n|move|p2a: Meganium|Knock Off|p1a: Hypno\n|-supereffective|p1a: Hypno\n|-damage|p1a: Hypno|81/315\n|\n|upkeep\n|turn|37\n|\n|t:|1782836090\n|move|p1a: Hypno|Psychic Noise|p2a: Meganium\n|-damage|p2a: Meganium|152/290 par\n|-start|p2a: Meganium|move: Heal Block\n|move|p2a: Meganium|Knock Off|p1a: Hypno\n|-supereffective|p1a: Hypno\n|-damage|p1a: Hypno|0 fnt\n|faint|p1a: Hypno\n|\n|upkeep\n|\n|t:|1782836098\n|switch|p1a: Samurott|Samurott, L88, M|253/310 brn\n|turn|38\n|\n|t:|1782836103\n|move|p1a: Samurott|Ice Beam|p2a: Meganium\n|-supereffective|p2a: Meganium\n|-damage|p2a: Meganium|20/290 par\n|move|p2a: Meganium|Energy Ball|p1a: Samurott\n|-supereffective|p1a: Samurott\n|-damage|p1a: Samurott|31/310 brn\n|\n|-damage|p1a: Samurott|12/310 brn|[from] brn\n|-end|p2a: Meganium|move: Heal Block\n|upkeep\n|turn|39\n|\n|t:|1782836110\n|move|p1a: Samurott|Ice Beam|p2a: Meganium\n|-supereffective|p2a: Meganium\n|-damage|p2a: Meganium|0 fnt\n|faint|p2a: Meganium\n|\n|win|rootofx\n|raw|rootofx's rating: 1182 &rarr; <strong>1206</strong><br />(+24 for winning)\n|raw|mvidcar2702's rating: 1164 &rarr; <strong>1140</strong><br />(-24 for losing)\n", "inputlog": ">version f8ac14003a5f27e1bdc8d8c59608a773c1cb96e5\n>start {\"formatid\":\"gen9randombattle\",\"seed\":\"sodium,0f4c3b2bfdb079e964cd1339f9fd99d9\",\"rated\":\"Rated battle\"}\n>player p1 {\"name\":\"rootofx\",\"avatar\":\"1\",\"rating\":1182,\"seed\":\"sodium,c8cc9bcedfdaf0f9180fd7266e644df0\"}\n>player p2 {\"name\":\"mvidcar2702\",\"avatar\":\"101\",\"rating\":1164,\"seed\":\"sodium,5a2a734b06aa3439ded3ff38bb933543\"}\n>p1 move earthquake terastallize\n>p2 move fireblast\n>p2 switch 3\n>p1 switch 5\n>p2 move discharge\n>p1 move spikes\n>p2 move uturn\n>p2 switch 6\n>p1 switch 3\n>p2 move knockoff\n>p1 move sludgebomb\n>p2 switch 2\n>p1 switch 4\n>p2 move willowisp\n>p1 move aquajet\n>p2 move uturn\n>p2 switch 2\n>p1 switch 4\n>p2 move energyball\n>p1 move sludgebomb\n>p2 switch 5\n>p1 switch 4\n>p2 move roost\n>p1 switch 3\n>p2 move bravebird\n>p1 move recover\n>p2 move bravebird\n>p1 move toxic\n>p2 move bravebird\n>p1 switch 2\n>p2 move roost\n>p1 move coil\n>p2 move bravebird\n>p1 move supercellslam\n>p2 move defog\n>p2 switch 4\n>p1 move drainpunch\n>p2 move earthpower\n>p1 move coil\n>p2 move dragontail\n>p1 switch 4\n>p2 move gigadrain\n>p1 move sludgebomb\n>p2 move ficklebeam\n>p1 switch 4\n>p1 move earthquake\n>p2 move gigadrain\n>p2 switch 6\n>p1 move earthquake\n>p2 move discharge\n>p1 move earthquake\n>p2 move discharge\n>p2 switch 5\n>p1 move hornleech\n>p2 move knockoff\n>p1 move milkdrink\n>p2 move knockoff\n>p1 move earthquake\n>p2 move knockoff\n>p1 move milkdrink\n>p2 move knockoff\n>p1 move earthquake\n>p2 move knockoff\n>p1 move earthquake\n>p2 move knockoff\n>p1 move earthquake\n>p2 move knockoff\n>p1 move milkdrink\n>p2 move encore\n>p1 move earthquake\n>p2 move synthesis\n>p1 move earthquake\n>p2 move knockoff\n>p1 move milkdrink\n>p2 move knockoff\n>p1 switch 6\n>p1 move thunderwave\n>p2 move knockoff\n>p1 move knockoff\n>p2 move knockoff\n>p1 move psychicnoise\n>p2 move knockoff\n>p1 switch 3\n>p1 move icebeam\n>p2 move energyball\n>p1 move icebeam\n>p2 move synthesis", "uploadtime": 1782836116, "views": 4, "formatid": "gen9randombattle", "rating": 1140, "private": 0, "password": null, "player_dets": [{"name": "rootofx", "avatar": "1", "rating": 1182, "seed": "sodium,c8cc9bcedfdaf0f9180fd7266e644df0"}, {"name": "mvidcar2702", "avatar": "101", "rating": 1164, "seed": "sodium,5a2a734b06aa3439ded3ff38bb933543"}], "teams_full": [{"Gogoat": {"name": "Gogoat", "species": "Gogoat", "speciesId": "gogoat", "gender": "M", "shiny": false, "level": 88, "moves": ["milkdrink", "bulkup", "earthquake", "hornleech"], "ability": "Sap Sipper", "evs": {"hp": 85, "atk": 85, "def": 85, "spa": 85, "spd": 85, "spe": 85}, "ivs": {"hp": 31, "atk": 31, "def": 31, "spa": 31, "spd": 31, "spe": 31}, "item": "Leftovers", "teraType": "Water", "role": "Bulky Setup", "bvs": {"hp": 123, "atk": 100, "def": 62, "spa": 97, "spd": 81, "spe": 68}, "stats": {"hp": 360, "atk": 226, "def": 159, "spa": 221, "spd": 193, "spe": 170}, "types": ["Grass"]}, "Eelektross": {"name": "Eelektross", "species": "Eelektross", "speciesId": "eelektross", "gender": "M", "shiny": false, "level": 87, "moves": ["firepunch", "coil", "drainpunch", "supercellslam"], "ability": "Levitate", "evs": {"hp": 85, "atk": 85, "def": 85, "spa": 85, "spd": 85, "spe": 85}, "ivs": {"hp": 31, "atk": 31, "def": 31, "spa": 31, "spd": 31, "spe": 31}, "item": "Leftovers", "teraType": "Fighting", "role": "Bulky Setup", "bvs": {"hp": 85, "atk": 115, "def": 80, "spa": 105, "spd": 80, "spe": 50}, "stats": {"hp": 290, "atk": 250, "def": 189, "spa": 232, "spd": 189, "spe": 137}, "types": ["Electric"]}, "Vileplume": {"name": "Vileplume", "species": "Vileplume", "speciesId": "vileplume", "gender": "F", "shiny": false, "level": 85, "moves": ["leechseed", "gigadrain", "sludgebomb", "strengthsap"], "ability": "Effect Spore", "evs": {"hp": 85, "atk": 0, "def": 85, "spa": 85, "spd": 85, "spe": 85}, "ivs": {"hp": 31, "atk": 0, "def": 31, "spa": 31, "spd": 31, "spe": 31}, "item": "Leftovers", "teraType": "Steel", "role": "Bulky Attacker", "bvs": {"hp": 75, "atk": 80, "def": 85, "spa": 110, "spd": 90, "spe": 50}, "stats": {"hp": 266, "atk": 141, "def": 193, "spa": 236, "spd": 202, "spe": 134}, "types": ["Grass", "Poison"]}, "Samurott": {"name": "Samurott", "species": "Samurott", "speciesId": "samurott", "gender": "M", "shiny": false, "level": 88, "moves": ["icebeam", "aquajet", "hydropump", "grassknot"], "ability": "Torrent", "evs": {"hp": 85, "atk": 85, "def": 85, "spa": 85, "spd": 85, "spe": 85}, "ivs": {"hp": 31, "atk": 31, "def": 31, "spa": 31, "spd": 31, "spe": 31}, "item": "Assault Vest", "teraType": "Water", "role": "AV Pivot", "bvs": {"hp": 95, "atk": 100, "def": 85, "spa": 108, "spd": 70, "spe": 70}, "stats": {"hp": 310, "atk": 226, "def": 200, "spa": 240, "spd": 173, "spe": 173}, "types": ["Water"]}, "Quagsire": {"name": "Quagsire", "species": "Quagsire", "speciesId": "quagsire", "gender": "F", "shiny": false, "level": 84, "moves": ["earthquake", "spikes", "toxic", "recover"], "ability": "Unaware", "evs": {"hp": 85, "atk": 85, "def": 85, "spa": 85, "spd": 85, "spe": 85}, "ivs": {"hp": 31, "atk": 31, "def": 31, "spa": 31, "spd": 31, "spe": 31}, "item": "Leftovers", "teraType": "Fairy", "role": "Bulky Support", "bvs": {"hp": 95, "atk": 85, "def": 85, "spa": 65, "spd": 65, "spe": 35}, "stats": {"hp": 297, "atk": 191, "def": 191, "spa": 157, "spd": 157, "spe": 107}, "types": ["Water", "Ground"]}, "Hypno": {"name": "Hypno", "species": "Hypno", "speciesId": "hypno", "gender": "F", "shiny": false, "level": 95, "moves": ["thunderwave", "encore", "psychicnoise", "knockoff"], "ability": "Insomnia", "evs": {"hp": 85, "atk": 85, "def": 85, "spa": 85, "spd": 85, "spe": 85}, "ivs": {"hp": 31, "atk": 31, "def": 31, "spa": 31, "spd": 31, "spe": 31}, "item": "Leftovers", "teraType": "Dark", "role": "Bulky Support", "bvs": {"hp": 85, "atk": 73, "def": 70, "spa": 73, "spd": 115, "spe": 67}, "stats": {"hp": 315, "atk": 193, "def": 187, "spa": 193, "spd": 272, "spe": 181}, "types": ["Psychic"]}}, {"Salazzle": {"name": "Salazzle", "species": "Salazzle", "speciesId": "salazzle", "gender": "F", "shiny": false, "level": 83, "moves": ["nastyplot", "sludgewave", "fireblast", "terablast"], "ability": "Corrosion", "evs": {"hp": 85, "atk": 0, "def": 85, "spa": 85, "spd": 85, "spe": 85}, "ivs": {"hp": 31, "atk": 0, "def": 31, "spa": 31, "spd": 31, "spe": 31}, "item": "Heavy-Duty Boots", "teraType": "Grass", "role": "Tera Blast user", "bvs": {"hp": 68, "atk": 64, "def": 60, "spa": 111, "spd": 60, "spe": 117}, "stats": {"hp": 249, "atk": 111, "def": 147, "spa": 232, "spd": 147, "spe": 242}, "types": ["Poison", "Fire"]}, "Cinderace": {"name": "Cinderace", "species": "Cinderace", "speciesId": "cinderace", "gender": "F", "shiny": false, "level": 77, "moves": ["uturn", "willowisp", "pyroball", "courtchange"], "ability": "Libero", "evs": {"hp": 85, "atk": 85, "def": 85, "spa": 85, "spd": 85, "spe": 85}, "ivs": {"hp": 31, "atk": 31, "def": 31, "spa": 31, "spd": 31, "spe": 31}, "item": "Heavy-Duty Boots", "teraType": "Grass", "role": "Fast Support", "bvs": {"hp": 80, "atk": 116, "def": 75, "spa": 65, "spd": 75, "spe": 119}, "stats": {"hp": 250, "atk": 223, "def": 160, "spa": 145, "spd": 160, "spe": 228}, "types": ["Fire"]}, "Pachirisu": {"name": "Pachirisu", "species": "Pachirisu", "speciesId": "pachirisu", "gender": "M", "shiny": false, "level": 96, "moves": ["superfang", "encore", "discharge", "uturn"], "ability": "Volt Absorb", "evs": {"hp": 85, "atk": 85, "def": 85, "spa": 85, "spd": 85, "spe": 85}, "ivs": {"hp": 31, "atk": 31, "def": 31, "spa": 31, "spd": 31, "spe": 31}, "item": "Heavy-Duty Boots", "teraType": "Flying", "role": "Fast Support", "bvs": {"hp": 60, "atk": 45, "def": 70, "spa": 45, "spd": 90, "spe": 95}, "stats": {"hp": 271, "atk": 141, "def": 189, "spa": 141, "spd": 227, "spe": 237}, "types": ["Electric"]}, "Hydrapple": {"name": "Hydrapple", "species": "Hydrapple", "speciesId": "hydrapple", "gender": "F", "shiny": false, "level": 83, "moves": ["gigadrain", "dragontail", "earthpower", "ficklebeam"], "ability": "Regenerator", "evs": {"hp": 85, "atk": 85, "def": 85, "spa": 85, "spd": 85, "spe": 85}, "ivs": {"hp": 31, "atk": 31, "def": 31, "spa": 31, "spd": 31, "spe": 31}, "item": "Assault Vest", "teraType": "Steel", "role": "AV Pivot", "bvs": {"hp": 106, "atk": 80, "def": 110, "spa": 120, "spd": 80, "spe": 44}, "stats": {"hp": 312, "atk": 180, "def": 230, "spa": 247, "spd": 180, "spe": 121}, "types": ["Grass", "Dragon"]}, "Cramorant": {"name": "Cramorant", "species": "Cramorant", "speciesId": "cramorant", "gender": "M", "shiny": false, "level": 86, "moves": ["surf", "bravebird", "defog", "roost"], "ability": "Gulp Missile", "evs": {"hp": 85, "atk": 85, "def": 85, "spa": 85, "spd": 85, "spe": 85}, "ivs": {"hp": 31, "atk": 31, "def": 31, "spa": 31, "spd": 31, "spe": 31}, "item": "Heavy-Duty Boots", "teraType": "Ground", "role": "Bulky Support", "bvs": {"hp": 70, "atk": 85, "def": 55, "spa": 85, "spd": 95, "spe": 85}, "stats": {"hp": 261, "atk": 195, "def": 144, "spa": 195, "spd": 213, "spe": 195}, "types": ["Flying", "Water"]}, "Meganium": {"name": "Meganium", "species": "Meganium", "speciesId": "meganium", "gender": "M", "shiny": false, "level": 90, "moves": ["synthesis", "knockoff", "encore", "energyball"], "ability": "Overgrow", "evs": {"hp": 85, "atk": 85, "def": 85, "spa": 85, "spd": 85, "spe": 85}, "ivs": {"hp": 31, "atk": 31, "def": 31, "spa": 31, "spd": 31, "spe": 31}, "item": "Leftovers", "teraType": "Poison", "role": "Bulky Attacker", "bvs": {"hp": 80, "atk": 82, "def": 100, "spa": 83, "spd": 100, "spe": 80}, "stats": {"hp": 290, "atk": 199, "def": 231, "spa": 201, "spd": 231, "spe": 195}, "types": ["Grass"]}}]}