{"id": "gen9randombattle-2641590979", "format": "[Gen 9] Random Battle", "players": ["AGILE419", "a rabbit"], "log": "|j|\u2606AGILE419\n|j|\u2606a rabbit\n|t:|1782814490\n|gametype|singles\n|player|p1|AGILE419|170|2143\n|player|p2|a rabbit|#scl2breakers|2261\n|gen|9\n|tier|[Gen 9] Random Battle\n|rated|\n|rule|Species Clause: Limit one of each Pok\u00e9mon\n|rule|HP Percentage Mod: HP is shown in percentages\n|rule|Sleep Clause Mod: Limit one foe put to sleep\n|rule|Illusion Level Mod: Illusion disguises the Pok\u00e9mon's true level\n|\n|t:|1782814490\n|teamsize|p1|6\n|teamsize|p2|6\n|start\n|switch|p1a: Sunflora|Sunflora, M|312/312\n|switch|p2a: Lanturn|Lanturn, L89, F|367/367\n|turn|1\n|\n|t:|1782814501\n|move|p2a: Lanturn|Volt Switch|p1a: Sunflora\n|-resisted|p1a: Sunflora\n|-damage|p1a: Sunflora|281/312\n|\n|t:|1782814503\n|switch|p2a: Exeggutor|Exeggutor-Alola, L89, F|314/314|[from] Volt Switch\n|move|p1a: Sunflora|Sunny Day|p1a: Sunflora\n|-weather|SunnyDay\n|\n|-weather|SunnyDay|[upkeep]\n|upkeep\n|turn|2\n|\n|t:|1782814513\n|move|p1a: Sunflora|Weather Ball|p2a: Exeggutor\n|-damage|p2a: Exeggutor|80/314\n|-enditem|p2a: Exeggutor|Sitrus Berry|[eat]\n|-heal|p2a: Exeggutor|158/314|[from] item: Sitrus Berry\n|-damage|p1a: Sunflora|250/312|[from] item: Life Orb\n|move|p2a: Exeggutor|Calm Mind|p2a: Exeggutor\n|-boost|p2a: Exeggutor|spa|1\n|-boost|p2a: Exeggutor|spd|1\n|\n|-weather|SunnyDay|[upkeep]\n|-item|p2a: Exeggutor|Sitrus Berry|[from] ability: Harvest\n|upkeep\n|turn|3\n|\n|t:|1782814521\n|-terastallize|p1a: Sunflora|Fire\n|move|p1a: Sunflora|Weather Ball|p2a: Exeggutor\n|-damage|p2a: Exeggutor|0 fnt\n|faint|p2a: Exeggutor\n|-damage|p1a: Sunflora|219/312|[from] item: Life Orb\n|\n|-weather|SunnyDay|[upkeep]\n|upkeep\n|\n|t:|1782814530\n|switch|p2a: Deoxys|Deoxys-Attack, L72|191/191\n|-ability|p2a: Deoxys|Pressure\n|turn|4\n|\n|t:|1782814535\n|switch|p1a: Spiritomb|Spiritomb, L89, F|234/234\n|-terastallize|p2a: Deoxys|Psychic\n|move|p2a: Deoxys|Psycho Boost|p1a: Spiritomb\n|-immune|p1a: Spiritomb\n|\n|-weather|SunnyDay|[upkeep]\n|upkeep\n|turn|5\n|\n|t:|1782814540\n|switch|p2a: Sableye|Sableye, L88, F|231/231\n|move|p1a: Spiritomb|Toxic|p2a: Sableye|[miss]\n|-miss|p1a: Spiritomb|p2a: Sableye\n|\n|-weather|none\n|upkeep\n|turn|6\n|\n|t:|1782814551\n|move|p2a: Sableye|Knock Off|p1a: Spiritomb\n|-damage|p1a: Spiritomb|164/234\n|-enditem|p1a: Spiritomb|Leftovers|[from] move: Knock Off|[of] p2a: Sableye\n|move|p1a: Spiritomb|Toxic|p2a: Sableye\n|-status|p2a: Sableye|tox\n|\n|-damage|p2a: Sableye|217/231 tox|[from] psn\n|upkeep\n|turn|7\n|\n|t:|1782814560\n|switch|p2a: Lanturn|Lanturn, L89, F|367/367\n|move|p1a: Spiritomb|Poltergeist|p2a: Lanturn\n|-activate|p2a: Lanturn|move: Poltergeist|Heavy-Duty Boots\n|-damage|p2a: Lanturn|222/367\n|\n|upkeep\n|turn|8\n|\n|t:|1782814564\n|switch|p1a: Sunflora|Sunflora, M, tera:Fire|219/312\n|move|p2a: Lanturn|Scald|p1a: Sunflora\n|-supereffective|p1a: Sunflora\n|-damage|p1a: Sunflora|79/312\n|\n|upkeep\n|turn|9\n|\n|t:|1782814568\n|switch|p1a: Vileplume|Vileplume, L85, M|266/266\n|move|p2a: Lanturn|Scald|p1a: Vileplume\n|-resisted|p1a: Vileplume\n|-damage|p1a: Vileplume|229/266\n|\n|-heal|p1a: Vileplume|245/266|[from] item: Leftovers\n|upkeep\n|turn|10\n|\n|t:|1782814573\n|move|p2a: Lanturn|Volt Switch|p1a: Vileplume\n|-resisted|p1a: Vileplume\n|-damage|p1a: Vileplume|212/266\n|\n|t:|1782814576\n|switch|p2a: Sableye|Sableye, L88, F|217/231 tox|[from] Volt Switch\n|move|p1a: Vileplume|Giga Drain|p2a: Sableye\n|-damage|p2a: Sableye|111/231 tox\n|-heal|p1a: Vileplume|265/266|[from] drain|[of] p2a: Sableye\n|\n|-heal|p2a: Sableye|125/231 tox|[from] item: Leftovers\n|-heal|p1a: Vileplume|266/266|[from] item: Leftovers\n|-damage|p2a: Sableye|111/231 tox|[from] psn\n|upkeep\n|turn|11\n|\n|t:|1782814579\n|switch|p1a: Spiritomb|Spiritomb, L89, F|164/234\n|move|p2a: Sableye|Will-O-Wisp|p1a: Spiritomb\n|-hint|Since gen 7, Dark is immune to Prankster moves.\n|-immune|p1a: Spiritomb\n|\n|-heal|p2a: Sableye|125/231 tox|[from] item: Leftovers\n|-damage|p2a: Sableye|97/231 tox|[from] psn\n|upkeep\n|turn|12\n|\n|t:|1782814583\n|move|p2a: Sableye|Knock Off|p1a: Spiritomb\n|-damage|p1a: Spiritomb|110/234\n|move|p1a: Spiritomb|Poltergeist|p2a: Sableye|[miss]\n|-miss|p1a: Spiritomb|p2a: Sableye\n|\n|-heal|p2a: Sableye|111/231 tox|[from] item: Leftovers\n|-damage|p2a: Sableye|69/231 tox|[from] psn\n|upkeep\n|turn|13\n|\n|t:|1782814586\n|move|p2a: Sableye|Knock Off|p1a: Spiritomb\n|-damage|p1a: Spiritomb|56/234\n|move|p1a: Spiritomb|Poltergeist|p2a: Sableye\n|-activate|p2a: Sableye|move: Poltergeist|Leftovers\n|-damage|p2a: Sableye|0 fnt\n|faint|p2a: Sableye\n|\n|upkeep\n|\n|t:|1782814595\n|switch|p2a: Lanturn|Lanturn, L89, F|222/367\n|turn|14\n|\n|t:|1782814601\n|move|p2a: Lanturn|Scald|p1a: Spiritomb\n|-damage|p1a: Spiritomb|0 fnt\n|faint|p1a: Spiritomb\n|\n|upkeep\n|\n|t:|1782814603\n|switch|p1a: Vileplume|Vileplume, L85, M|266/266\n|turn|15\n|\n|t:|1782814611\n|move|p2a: Lanturn|Thunder Wave|p1a: Vileplume\n|-status|p1a: Vileplume|par\n|move|p1a: Vileplume|Sludge Bomb|p2a: Lanturn\n|-damage|p2a: Lanturn|104/367\n|\n|upkeep\n|turn|16\n|\n|t:|1782814615\n|move|p2a: Lanturn|Volt Switch|p1a: Vileplume\n|-resisted|p1a: Vileplume\n|-damage|p1a: Vileplume|232/266 par\n|\n|t:|1782814617\n|switch|p2a: Conkeldurr|Conkeldurr, L80, M|299/299|[from] Volt Switch\n|move|p1a: Vileplume|Giga Drain|p2a: Conkeldurr\n|-damage|p2a: Conkeldurr|184/299\n|-heal|p1a: Vileplume|266/266 par|[from] drain|[of] p2a: Conkeldurr\n|\n|-status|p2a: Conkeldurr|brn|[from] item: Flame Orb\n|upkeep\n|turn|17\n|\n|t:|1782814623\n|move|p2a: Conkeldurr|Facade|p1a: Vileplume\n|-damage|p1a: Vileplume|82/266 par\n|move|p1a: Vileplume|Strength Sap|p2a: Conkeldurr\n|-unboost|p2a: Conkeldurr|atk|1\n|-heal|p1a: Vileplume|266/266 par\n|\n|-damage|p2a: Conkeldurr|166/299 brn|[from] brn\n|upkeep\n|turn|18\n|\n|t:|1782814626\n|move|p2a: Conkeldurr|Knock Off|p1a: Vileplume\n|-damage|p1a: Vileplume|173/266 par\n|-enditem|p1a: Vileplume|Leftovers|[from] move: Knock Off|[of] p2a: Conkeldurr\n|move|p1a: Vileplume|Giga Drain|p2a: Conkeldurr\n|-damage|p2a: Conkeldurr|37/299 brn\n|-heal|p1a: Vileplume|238/266 par|[from] drain|[of] p2a: Conkeldurr\n|\n|-damage|p2a: Conkeldurr|19/299 brn|[from] brn\n|upkeep\n|turn|19\n|\n|t:|1782814629\n|switch|p1a: Sunflora|Sunflora, M, tera:Fire|79/312\n|move|p2a: Conkeldurr|Facade|p1a: Sunflora\n|-damage|p1a: Sunflora|0 fnt\n|faint|p1a: Sunflora\n|\n|-damage|p2a: Conkeldurr|1/299 brn|[from] brn\n|upkeep\n|\n|t:|1782814634\n|switch|p1a: Regigigas|Regigigas, L84|322/322\n|-start|p1a: Regigigas|ability: Slow Start\n|turn|20\n|\n|t:|1782814639\n|move|p1a: Regigigas|Protect|p1a: Regigigas\n|-singleturn|p1a: Regigigas|Protect\n|move|p2a: Conkeldurr|Mach Punch|p1a: Regigigas\n|-activate|p1a: Regigigas|move: Protect\n|\n|-damage|p2a: Conkeldurr|0 fnt|[from] brn\n|faint|p2a: Conkeldurr\n|upkeep\n|\n|t:|1782814642\n|switch|p2a: Deoxys|Deoxys-Attack, L72, tera:Psychic|191/191\n|-ability|p2a: Deoxys|Pressure\n|turn|21\n|\n|t:|1782814646\n|move|p2a: Deoxys|Psycho Boost|p1a: Regigigas\n|-damage|p1a: Regigigas|65/322\n|-unboost|p2a: Deoxys|spa|2\n|-damage|p2a: Deoxys|172/191|[from] item: Life Orb\n|move|p1a: Regigigas|Knock Off|p2a: Deoxys\n|-supereffective|p2a: Deoxys\n|-damage|p2a: Deoxys|0 fnt\n|-enditem|p2a: Deoxys|Life Orb|[from] move: Knock Off|[of] p1a: Regigigas\n|faint|p2a: Deoxys\n|\n|-heal|p1a: Regigigas|85/322|[from] item: Leftovers\n|upkeep\n|-message|a rabbit forfeited.\n|\n|win|AGILE419\n", "inputlog": ">version f8ac14003a5f27e1bdc8d8c59608a773c1cb96e5\n>start {\"formatid\":\"gen9randombattle\",\"seed\":\"sodium,b3988bcc550f1beba1ecf738ea4c28b9\",\"rated\":\"Rated battle\"}\n>player p1 {\"name\":\"AGILE419\",\"avatar\":\"170\",\"rating\":2143,\"seed\":\"sodium,a6f19027270d60f817f4f91e54f5f2ef\"}\n>player p2 {\"name\":\"a rabbit\",\"avatar\":\"#scl2breakers\",\"rating\":2261,\"seed\":\"sodium,33fc8e3a3e15fc2c8571497d4cb65cea\"}\n>p1 move sunnyday\n>p2 move voltswitch\n>p2 switch 4\n>p1 move weatherball\n>p2 move calmmind\n>p1 move weatherball terastallize\n>p2 move flamethrower\n>p2 switch 6\n>p1 switch 5\n>p2 move psychoboost terastallize\n>p1 move toxic\n>p2 switch 2\n>p1 move toxic\n>p2 move knockoff\n>p1 move poltergeist\n>p2 switch 4\n>p1 switch 5\n>p2 move scald\n>p1 switch 4\n>p2 move scald\n>p1 move gigadrain\n>p2 move voltswitch\n>p2 switch 4\n>p1 switch 5\n>p2 move willowisp\n>p1 move poltergeist\n>p2 move knockoff\n>p1 move poltergeist\n>p2 move knockoff\n>p2 switch 4\n>p1 move painsplit\n>p2 move scald\n>p1 switch 5\n>p1 move sludgebomb\n>p2 move thunderwave\n>p1 move gigadrain\n>p2 move voltswitch\n>p2 switch 3\n>p1 move strengthsap\n>p2 move facade\n>p1 move gigadrain\n>p2 move knockoff\n>p1 switch 4\n>p2 move facade\n>p1 switch 2\n>p1 move protect\n>p2 move machpunch\n>p2 switch 2\n>p1 move knockoff\n>p2 move psychoboost\n>forcelose p2", "uploadtime": 1782814492, "views": 10, "formatid": "gen9randombattle", "rating": null, "private": 0, "password": null, "player_dets": [{"name": "AGILE419", "avatar": "170", "rating": 2143, "seed": "sodium,a6f19027270d60f817f4f91e54f5f2ef"}, {"name": "a rabbit", "avatar": "#scl2breakers", "rating": 2261, "seed": "sodium,33fc8e3a3e15fc2c8571497d4cb65cea"}], "teams_full": [{"Sunflora": {"name": "Sunflora", "species": "Sunflora", "speciesId": "sunflora", "gender": "M", "shiny": false, "level": 100, "moves": ["weatherball", "solarbeam", "sunnyday", "earthpower"], "ability": "Chlorophyll", "evs": {"hp": 85, "atk": 0, "def": 85, "spa": 85, "spd": 85, "spe": 85}, "ivs": {"hp": 31, "atk": 0, "def": 31, "spa": 31, "spd": 31, "spe": 31}, "item": "Life Orb", "teraType": "Fire", "role": "Setup Sweeper", "bvs": {"hp": 75, "atk": 75, "def": 55, "spa": 105, "spd": 85, "spe": 30}, "stats": {"hp": 312, "atk": 155, "def": 167, "spa": 267, "spd": 227, "spe": 117}, "types": ["Grass"]}, "Regigigas": {"name": "Regigigas", "species": "Regigigas", "speciesId": "regigigas", "gender": "N", "shiny": false, "level": 84, "moves": ["knockoff", "substitute", "bodyslam", "protect"], "ability": "Slow Start", "evs": {"hp": 85, "atk": 85, "def": 85, "spa": 85, "spd": 85, "spe": 85}, "ivs": {"hp": 31, "atk": 31, "def": 31, "spa": 31, "spd": 31, "spe": 31}, "item": "Leftovers", "teraType": "Ghost", "role": "Bulky Attacker", "bvs": {"hp": 110, "atk": 160, "def": 110, "spa": 80, "spd": 110, "spe": 100}, "stats": {"hp": 322, "atk": 317, "def": 233, "spa": 183, "spd": 233, "spe": 216}, "types": ["Normal"]}, "Minior": {"name": "Minior", "species": "Minior-Green", "speciesId": "minior", "gender": "N", "shiny": false, "level": 79, "moves": ["shellsmash", "powergem", "earthquake", "acrobatics"], "ability": "Shields Down", "evs": {"hp": 85, "atk": 85, "def": 85, "spa": 85, "spd": 85, "spe": 85}, "ivs": {"hp": 31, "atk": 31, "def": 31, "spa": 31, "spd": 31, "spe": 31}, "item": "White Herb", "teraType": "Water", "role": "Setup Sweeper", "bvs": {"hp": 60, "atk": 100, "def": 60, "spa": 100, "spd": 60, "spe": 120}, "stats": {"hp": 224, "atk": 204, "def": 140, "spa": 204, "spd": 140, "spe": 235}, "types": ["Rock", "Flying"]}, "Vileplume": {"name": "Vileplume", "species": "Vileplume", "speciesId": "vileplume", "gender": "M", "shiny": false, "level": 85, "moves": ["strengthsap", "leechseed", "gigadrain", "sludgebomb"], "ability": "Effect Spore", "evs": {"hp": 85, "atk": 0, "def": 85, "spa": 85, "spd": 85, "spe": 85}, "ivs": {"hp": 31, "atk": 0, "def": 31, "spa": 31, "spd": 31, "spe": 31}, "item": "Leftovers", "teraType": "Steel", "role": "Bulky Attacker", "bvs": {"hp": 75, "atk": 80, "def": 85, "spa": 110, "spd": 90, "spe": 50}, "stats": {"hp": 266, "atk": 141, "def": 193, "spa": 236, "spd": 202, "spe": 134}, "types": ["Grass", "Poison"]}, "Spiritomb": {"name": "Spiritomb", "species": "Spiritomb", "speciesId": "spiritomb", "gender": "F", "shiny": false, "level": 89, "moves": ["toxic", "poltergeist", "painsplit", "foulplay"], "ability": "Infiltrator", "evs": {"hp": 85, "atk": 85, "def": 85, "spa": 85, "spd": 85, "spe": 85}, "ivs": {"hp": 31, "atk": 31, "def": 31, "spa": 31, "spd": 31, "spe": 31}, "item": "Leftovers", "teraType": "Ghost", "role": "Bulky Support", "bvs": {"hp": 50, "atk": 92, "def": 108, "spa": 92, "spd": 108, "spe": 35}, "stats": {"hp": 234, "atk": 215, "def": 243, "spa": 215, "spd": 243, "spe": 113}, "types": ["Ghost", "Dark"]}, "Mesprit": {"name": "Mesprit", "species": "Mesprit", "speciesId": "mesprit", "gender": "N", "shiny": false, "level": 85, "moves": ["trick", "psychic", "dazzlinggleam", "thunderbolt"], "ability": "Levitate", "evs": {"hp": 85, "atk": 0, "def": 85, "spa": 85, "spd": 85, "spe": 85}, "ivs": {"hp": 31, "atk": 0, "def": 31, "spa": 31, "spd": 31, "spe": 31}, "item": "Choice Scarf", "teraType": "Fairy", "role": "Fast Attacker", "bvs": {"hp": 80, "atk": 105, "def": 105, "spa": 105, "spd": 105, "spe": 80}, "stats": {"hp": 275, "atk": 183, "def": 227, "spa": 227, "spd": 227, "spe": 185}, "types": ["Psychic"]}}, {"Lanturn": {"name": "Lanturn", "species": "Lanturn", "speciesId": "lanturn", "gender": "F", "shiny": false, "level": 89, "moves": ["scald", "voltswitch", "thunderwave", "thunderbolt"], "ability": "Volt Absorb", "evs": {"hp": 85, "atk": 0, "def": 85, "spa": 85, "spd": 85, "spe": 85}, "ivs": {"hp": 31, "atk": 0, "def": 31, "spa": 31, "spd": 31, "spe": 31}, "item": "Heavy-Duty Boots", "teraType": "Flying", "role": "Fast Support", "bvs": {"hp": 125, "atk": 58, "def": 58, "spa": 76, "spd": 76, "spe": 67}, "stats": {"hp": 367, "atk": 108, "def": 154, "spa": 186, "spd": 186, "spe": 170}, "types": ["Water", "Electric"]}, "Sableye": {"name": "Sableye", "species": "Sableye", "speciesId": "sableye", "gender": "F", "shiny": false, "level": 88, "moves": ["recover", "encore", "willowisp", "knockoff"], "ability": "Prankster", "evs": {"hp": 85, "atk": 85, "def": 85, "spa": 85, "spd": 85, "spe": 85}, "ivs": {"hp": 31, "atk": 31, "def": 31, "spa": 31, "spd": 31, "spe": 31}, "item": "Leftovers", "teraType": "Steel", "role": "Bulky Support", "bvs": {"hp": 50, "atk": 75, "def": 75, "spa": 65, "spd": 65, "spe": 50}, "stats": {"hp": 231, "atk": 182, "def": 182, "spa": 165, "spd": 165, "spe": 138}, "types": ["Dark", "Ghost"]}, "Conkeldurr": {"name": "Conkeldurr", "species": "Conkeldurr", "speciesId": "conkeldurr", "gender": "M", "shiny": false, "level": 80, "moves": ["closecombat", "knockoff", "machpunch", "facade"], "ability": "Guts", "evs": {"hp": 85, "atk": 85, "def": 85, "spa": 85, "spd": 85, "spe": 85}, "ivs": {"hp": 31, "atk": 31, "def": 31, "spa": 31, "spd": 31, "spe": 31}, "item": "Flame Orb", "teraType": "Normal", "role": "Wallbreaker", "bvs": {"hp": 105, "atk": 140, "def": 95, "spa": 55, "spd": 65, "spe": 45}, "stats": {"hp": 299, "atk": 270, "def": 198, "spa": 134, "spd": 150, "spe": 118}, "types": ["Fighting"]}, "Exeggutor": {"name": "Exeggutor", "species": "Exeggutor-Alola", "speciesId": "exeggutoralola", "gender": "F", "shiny": false, "level": 89, "moves": ["gigadrain", "calmmind", "flamethrower", "dragonpulse"], "ability": "Harvest", "evs": {"hp": 85, "atk": 0, "def": 85, "spa": 85, "spd": 85, "spe": 85}, "ivs": {"hp": 31, "atk": 0, "def": 31, "spa": 31, "spd": 31, "spe": 31}, "item": "Sitrus Berry", "teraType": "Steel", "role": "Bulky Setup", "bvs": {"hp": 95, "atk": 105, "def": 85, "spa": 125, "spd": 75, "spe": 45}, "stats": {"hp": 314, "atk": 191, "def": 202, "spa": 273, "spd": 184, "spe": 131}, "types": ["Grass", "Dragon"]}, "Electrode": {"name": "Electrode", "species": "Electrode", "speciesId": "electrode", "gender": "N", "shiny": false, "level": 92, "moves": ["voltswitch", "terablast", "taunt", "thunderbolt"], "ability": "Soundproof", "evs": {"hp": 85, "atk": 0, "def": 85, "spa": 85, "spd": 85, "spe": 85}, "ivs": {"hp": 31, "atk": 0, "def": 31, "spa": 31, "spd": 31, "spe": 31}, "item": "Life Orb", "teraType": "Ice", "role": "Tera Blast user", "bvs": {"hp": 60, "atk": 50, "def": 70, "spa": 80, "spd": 80, "spe": 150}, "stats": {"hp": 260, "atk": 97, "def": 181, "spa": 200, "spd": 200, "spe": 328}, "types": ["Electric"]}, "Deoxys": {"name": "Deoxys", "species": "Deoxys-Attack", "speciesId": "deoxysattack", "gender": "N", "shiny": false, "level": 72, "moves": ["psychoboost", "superpower", "icebeam", "knockoff"], "ability": "Pressure", "evs": {"hp": 85, "atk": 85, "def": 85, "spa": 85, "spd": 85, "spe": 85}, "ivs": {"hp": 31, "atk": 31, "def": 31, "spa": 31, "spd": 31, "spe": 31}, "item": "Life Orb", "teraType": "Psychic", "role": "Wallbreaker", "bvs": {"hp": 50, "atk": 180, "def": 20, "spa": 180, "spd": 20, "spe": 150}, "stats": {"hp": 191, "atk": 301, "def": 71, "spa": 301, "spd": 71, "spe": 258}, "types": ["Psychic"]}}]}