{"id": "gen9randombattle-2641285468", "format": "[Gen 9] Random Battle", "players": ["notmetbh102", "Teroxide"], "log": "|badge|p1|bronze|gen9randombattle|100-9\n|html|<div class=\"broadcast-red\"><strong>This battle is required to be public due to one or more player having a season medal.</strong><br />During the public phase, you can discuss the state of the ladder <a href=\"/seasondiscussion\">in a special chatroom.</a></div>\n|uhtml|medal-msg|<div class=\"broadcast-blue\">Curious what those medals under the avatar are? PS now has Ladder Seasons! For more information, check out the <a href=\"https://www.smogon.com/forums/threads/3740067/\">thread on Smogon.</a></div>\n|badge|p2|bronze|gen9randombattle|100-9\n|uhtml|medal-msg|<div class=\"broadcast-blue\">Curious what those medals under the avatar are? PS now has Ladder Seasons! For more information, check out the <a href=\"https://www.smogon.com/forums/threads/3740067/\">thread on Smogon.</a></div>\n|raw|<div class=\"broadcast-blue\"><strong>This battle is required to be public due to a player having a name starting with 'medal'.</div>\n|j|\u2606notmetbh102\n|j|\u2606Teroxide\n|t:|1782763301\n|gametype|singles\n|player|p1|notmetbh102|2|2254\n|player|p2|Teroxide|169|2277\n|gen|9\n|tier|[Gen 9] Random Battle\n|rated|\n|rule|Species Clause: Limit one of each Pok\u00e9mon\n|rule|HP Percentage Mod: HP is shown in percentages\n|rule|Sleep Clause Mod: Limit one foe put to sleep\n|rule|Illusion Level Mod: Illusion disguises the Pok\u00e9mon's true level\n|\n|t:|1782763301\n|teamsize|p1|6\n|teamsize|p2|6\n|start\n|switch|p1a: Tauros|Tauros-Paldea-Aqua, L81, M|254/254\n|switch|p2a: Mew|Mew, L82|298/298\n|-ability|p1a: Tauros|Intimidate|boost\n|-unboost|p2a: Mew|atk|1\n|turn|1\n|inactive|Battle timer is ON: inactive players will automatically lose when time's up. (requested by notmetbh102)\n|c|\u2606notmetbh102|hf\n|\n|t:|1782763322\n|switch|p1a: Scrafty|Scrafty, L83, M|244/244\n|-ability|p1a: Scrafty|Intimidate|boost\n|-unboost|p2a: Mew|atk|1\n|move|p2a: Mew|Nasty Plot|p2a: Mew\n|-boost|p2a: Mew|spa|2\n|\n|upkeep\n|turn|2\n|\n|t:|1782763328\n|switch|p2a: Corviknight|Corviknight, L80, F|288/288\n|move|p1a: Scrafty|Knock Off|p2a: Corviknight\n|-damage|p2a: Corviknight|198/288\n|-enditem|p2a: Corviknight|Leftovers|[from] move: Knock Off|[of] p1a: Scrafty\n|\n|upkeep\n|turn|3\n|\n|t:|1782763330\n|-terastallize|p1a: Scrafty|Poison\n|move|p2a: Corviknight|Roost|p2a: Corviknight\n|-heal|p2a: Corviknight|288/288\n|-singleturn|p2a: Corviknight|move: Roost\n|move|p1a: Scrafty|Dragon Dance|p1a: Scrafty\n|-boost|p1a: Scrafty|atk|1\n|-boost|p1a: Scrafty|spe|1\n|\n|upkeep\n|turn|4\n|\n|t:|1782763334\n|move|p1a: Scrafty|Knock Off|p2a: Corviknight\n|-damage|p2a: Corviknight|206/288\n|move|p2a: Corviknight|Brave Bird|p1a: Scrafty\n|-damage|p1a: Scrafty|151/244\n|-damage|p2a: Corviknight|175/288|[from] Recoil\n|\n|-heal|p1a: Scrafty|166/244|[from] item: Leftovers\n|upkeep\n|turn|5\n|\n|t:|1782763336\n|move|p1a: Scrafty|Dragon Dance|p1a: Scrafty\n|-boost|p1a: Scrafty|atk|1\n|-boost|p1a: Scrafty|spe|1\n|move|p2a: Corviknight|Brave Bird|p1a: Scrafty\n|-damage|p1a: Scrafty|73/244\n|-damage|p2a: Corviknight|144/288|[from] Recoil\n|\n|-heal|p1a: Scrafty|88/244|[from] item: Leftovers\n|upkeep\n|turn|6\n|\n|t:|1782763337\n|move|p1a: Scrafty|Drain Punch|p2a: Corviknight\n|-damage|p2a: Corviknight|9/288\n|-heal|p1a: Scrafty|156/244|[from] drain|[of] p2a: Corviknight\n|move|p2a: Corviknight|Brave Bird|p1a: Scrafty\n|-damage|p1a: Scrafty|59/244\n|-damage|p2a: Corviknight|0 fnt|[from] Recoil\n|faint|p2a: Corviknight\n|\n|-heal|p1a: Scrafty|74/244|[from] item: Leftovers\n|upkeep\n|\n|t:|1782763342\n|switch|p2a: Bellibolt|Bellibolt, L84, F|320/320\n|turn|7\n|\n|t:|1782763344\n|move|p1a: Scrafty|Drain Punch|p2a: Bellibolt\n|-damage|p2a: Bellibolt|184/320\n|-heal|p1a: Scrafty|142/244|[from] drain|[of] p2a: Bellibolt\n|-start|p2a: Bellibolt|Charge|Drain Punch|[from] ability: Electromorphosis\n|move|p2a: Bellibolt|Thunderbolt|p1a: Scrafty\n|-damage|p1a: Scrafty|0 fnt\n|faint|p1a: Scrafty\n|-end|p2a: Bellibolt|Charge|[silent]\n|\n|-heal|p2a: Bellibolt|204/320|[from] item: Leftovers\n|upkeep\n|\n|t:|1782763344\n|switch|p1a: Mudsdale|Mudsdale, L83, F|302/302\n|turn|8\n|\n|t:|1782763348\n|switch|p2a: Gastrodon|Gastrodon-East, L86, M|331/331\n|move|p1a: Mudsdale|Earthquake|p2a: Gastrodon\n|-damage|p2a: Gastrodon|189/331\n|\n|-heal|p2a: Gastrodon|209/331|[from] item: Leftovers\n|upkeep\n|turn|9\n|\n|t:|1782763349\n|switch|p1a: Kyurem|Kyurem-White, L73|303/303\n|-ability|p1a: Kyurem|Turboblaze\n|move|p2a: Gastrodon|Recover|p2a: Gastrodon\n|-heal|p2a: Gastrodon|331/331\n|\n|upkeep\n|turn|10\n|\n|t:|1782763353\n|switch|p2a: Pincurchin|Pincurchin, F|258/258\n|-fieldstart|move: Electric Terrain|[from] ability: Electric Surge|[of] p2a: Pincurchin\n|move|p1a: Kyurem|Ice Beam|p2a: Pincurchin\n|-damage|p2a: Pincurchin|165/258\n|\n|-heal|p2a: Pincurchin|181/258|[from] item: Leftovers\n|upkeep\n|turn|11\n|\n|t:|1782763355\n|move|p1a: Kyurem|Ice Beam|p2a: Pincurchin\n|-damage|p2a: Pincurchin|81/258\n|move|p2a: Pincurchin|Recover|p2a: Pincurchin\n|-heal|p2a: Pincurchin|210/258\n|\n|-heal|p2a: Pincurchin|226/258|[from] item: Leftovers\n|upkeep\n|turn|12\n|\n|t:|1782763357\n|move|p1a: Kyurem|Ice Beam|p2a: Pincurchin\n|-damage|p2a: Pincurchin|117/258\n|-status|p2a: Pincurchin|frz\n|cant|p2a: Pincurchin|frz\n|\n|-heal|p2a: Pincurchin|133/258 frz|[from] item: Leftovers\n|upkeep\n|turn|13\n|\n|t:|1782763358\n|move|p1a: Kyurem|Ice Beam|p2a: Pincurchin\n|-damage|p2a: Pincurchin|40/258 frz\n|cant|p2a: Pincurchin|frz\n|\n|-heal|p2a: Pincurchin|56/258 frz|[from] item: Leftovers\n|upkeep\n|turn|14\n|\n|t:|1782763360\n|move|p1a: Kyurem|Ice Beam|p2a: Pincurchin\n|-damage|p2a: Pincurchin|0 fnt\n|faint|p2a: Pincurchin\n|\n|-fieldend|move: Electric Terrain\n|upkeep\n|\n|t:|1782763365\n|switch|p2a: Mew|Mew, L82|298/298\n|turn|15\n|\n|t:|1782763367\n|-terastallize|p2a: Mew|Water\n|move|p1a: Kyurem|Ice Beam|p2a: Mew\n|-resisted|p2a: Mew\n|-damage|p2a: Mew|245/298\n|move|p2a: Mew|Nasty Plot|p2a: Mew\n|-boost|p2a: Mew|spa|2\n|\n|upkeep\n|turn|16\n|\n|t:|1782763370\n|move|p1a: Kyurem|Ice Beam|p2a: Mew\n|-resisted|p2a: Mew\n|-damage|p2a: Mew|189/298\n|move|p2a: Mew|Nasty Plot|p2a: Mew\n|-boost|p2a: Mew|spa|2\n|\n|upkeep\n|turn|17\n|\n|t:|1782763371\n|switch|p1a: Deoxys|Deoxys-Speed, L82|216/216\n|-ability|p1a: Deoxys|Pressure\n|move|p2a: Mew|Psyshock|p1a: Deoxys\n|-resisted|p1a: Deoxys\n|-damage|p1a: Deoxys|60/216\n|-damage|p2a: Mew|160/298|[from] item: Life Orb\n|\n|upkeep\n|turn|18\n|\n|t:|1782763373\n|move|p1a: Deoxys|Psycho Boost|p2a: Mew\n|-crit|p2a: Mew\n|-damage|p2a: Mew|0 fnt\n|-unboost|p1a: Deoxys|spa|2\n|faint|p2a: Mew\n|-damage|p1a: Deoxys|39/216|[from] item: Life Orb\n|\n|upkeep\n|\n|t:|1782763383\n|switch|p2a: Gastrodon|Gastrodon-East, L86, M|331/331\n|turn|19\n|\n|t:|1782763384\n|switch|p1a: Kyurem|Kyurem-White, L73|303/303\n|-ability|p1a: Kyurem|Turboblaze\n|move|p2a: Gastrodon|Earthquake|p1a: Kyurem\n|-damage|p1a: Kyurem|194/303\n|\n|upkeep\n|turn|20\n|\n|t:|1782763386\n|move|p1a: Kyurem|Freeze-Dry|p2a: Gastrodon\n|-supereffective|p2a: Gastrodon\n|-damage|p2a: Gastrodon|0 fnt\n|faint|p2a: Gastrodon\n|\n|upkeep\n|\n|t:|1782763389\n|switch|p2a: Bellibolt|Bellibolt, L84, F|204/320\n|turn|21\n|\n|t:|1782763390\n|switch|p1a: Mudsdale|Mudsdale, L83, F|302/302\n|move|p2a: Bellibolt|Toxic|p1a: Mudsdale|[miss]\n|-miss|p2a: Bellibolt|p1a: Mudsdale\n|\n|-heal|p2a: Bellibolt|224/320|[from] item: Leftovers\n|upkeep\n|turn|22\n|\n|t:|1782763391\n|move|p2a: Bellibolt|Toxic|p1a: Mudsdale\n|-status|p1a: Mudsdale|tox\n|move|p1a: Mudsdale|Earthquake|p2a: Bellibolt\n|-supereffective|p2a: Bellibolt\n|-damage|p2a: Bellibolt|0 fnt\n|faint|p2a: Bellibolt\n|\n|-damage|p1a: Mudsdale|284/302 tox|[from] psn\n|upkeep\n|\n|t:|1782763393\n|switch|p2a: Lugia|Lugia, L73|275/275\n|turn|23\n|\n|t:|1782763394\n|switch|p1a: Kyurem|Kyurem-White, L73|194/303\n|-ability|p1a: Kyurem|Turboblaze\n|move|p2a: Lugia|Calm Mind|p2a: Lugia\n|-boost|p2a: Lugia|spa|1\n|-boost|p2a: Lugia|spd|1\n|\n|upkeep\n|turn|24\n|\n|t:|1782763395\n|move|p1a: Kyurem|Ice Beam|p2a: Lugia\n|-supereffective|p2a: Lugia\n|-damage|p2a: Lugia|149/275\n|move|p2a: Lugia|Calm Mind|p2a: Lugia\n|-boost|p2a: Lugia|spa|1\n|-boost|p2a: Lugia|spd|1\n|\n|upkeep\n|turn|25\n|\n|t:|1782763397\n|move|p1a: Kyurem|Ice Beam|p2a: Lugia\n|-supereffective|p2a: Lugia\n|-damage|p2a: Lugia|59/275\n|move|p2a: Lugia|Recover|p2a: Lugia\n|-heal|p2a: Lugia|197/275\n|\n|upkeep\n|turn|26\n|\n|t:|1782763398\n|move|p1a: Kyurem|Ice Beam|p2a: Lugia\n|-supereffective|p2a: Lugia\n|-damage|p2a: Lugia|113/275\n|move|p2a: Lugia|Recover|p2a: Lugia\n|-heal|p2a: Lugia|251/275\n|\n|upkeep\n|turn|27\n|\n|t:|1782763399\n|move|p1a: Kyurem|Ice Beam|p2a: Lugia\n|-supereffective|p2a: Lugia\n|-damage|p2a: Lugia|171/275\n|move|p2a: Lugia|Recover|p2a: Lugia\n|-heal|p2a: Lugia|275/275\n|\n|upkeep\n|turn|28\n|\n|t:|1782763400\n|move|p1a: Kyurem|Ice Beam|p2a: Lugia\n|-supereffective|p2a: Lugia\n|-damage|p2a: Lugia|195/275\n|move|p2a: Lugia|Calm Mind|p2a: Lugia\n|-boost|p2a: Lugia|spa|1\n|-boost|p2a: Lugia|spd|1\n|\n|upkeep\n|turn|29\n|\n|t:|1782763401\n|move|p1a: Kyurem|Ice Beam|p2a: Lugia\n|-supereffective|p2a: Lugia\n|-damage|p2a: Lugia|127/275\n|move|p2a: Lugia|Recover|p2a: Lugia\n|-heal|p2a: Lugia|265/275\n|\n|upkeep\n|turn|30\n|\n|t:|1782763404\n|move|p1a: Kyurem|Ice Beam|p2a: Lugia\n|-supereffective|p2a: Lugia\n|-damage|p2a: Lugia|191/275\n|-status|p2a: Lugia|frz\n|cant|p2a: Lugia|frz\n|\n|upkeep\n|turn|31\n|\n|t:|1782763405\n|move|p1a: Kyurem|Ice Beam|p2a: Lugia\n|-supereffective|p2a: Lugia\n|-damage|p2a: Lugia|113/275 frz\n|-curestatus|p2a: Lugia|frz|[msg]\n|move|p2a: Lugia|Recover|p2a: Lugia\n|-heal|p2a: Lugia|251/275\n|\n|upkeep\n|turn|32\n|\n|t:|1782763408\n|move|p1a: Kyurem|Ice Beam|p2a: Lugia\n|-supereffective|p2a: Lugia\n|-crit|p2a: Lugia\n|-damage|p2a: Lugia|11/275\n|move|p2a: Lugia|Recover|p2a: Lugia\n|-heal|p2a: Lugia|149/275\n|\n|upkeep\n|turn|33\n|\n|t:|1782763411\n|switch|p1a: Dodrio|Dodrio, L85, M|241/241\n|move|p2a: Lugia|Recover|p2a: Lugia\n|-heal|p2a: Lugia|275/275\n|\n|upkeep\n|turn|34\n|\n|t:|1782763413\n|move|p1a: Dodrio|Brave Bird|p2a: Lugia\n|-damage|p2a: Lugia|218/275\n|-damage|p1a: Dodrio|222/241|[from] Recoil\n|move|p2a: Lugia|Aeroblast|p1a: Dodrio\n|-damage|p1a: Dodrio|0 fnt\n|faint|p1a: Dodrio\n|\n|upkeep\n|\n|t:|1782763414\n|switch|p1a: Tauros|Tauros-Paldea-Aqua, L81, M|254/254\n|-ability|p1a: Tauros|Intimidate|boost\n|-unboost|p2a: Lugia|atk|1\n|turn|35\n|\n|t:|1782763418\n|move|p1a: Tauros|Wave Crash|p2a: Lugia\n|-damage|p2a: Lugia|56/275\n|-damage|p1a: Tauros|201/254|[from] Recoil\n|move|p2a: Lugia|Aeroblast|p1a: Tauros\n|-supereffective|p1a: Tauros\n|-damage|p1a: Tauros|0 fnt\n|faint|p1a: Tauros\n|\n|upkeep\n|\n|t:|1782763418\n|switch|p1a: Mudsdale|Mudsdale, L83, F|284/302 tox\n|turn|36\n|\n|t:|1782763420\n|move|p2a: Lugia|Recover|p2a: Lugia\n|-heal|p2a: Lugia|194/275\n|move|p1a: Mudsdale|Heavy Slam|p2a: Lugia\n|-damage|p2a: Lugia|126/275\n|\n|-heal|p1a: Mudsdale|302/302 tox|[from] item: Leftovers\n|-damage|p1a: Mudsdale|284/302 tox|[from] psn\n|upkeep\n|turn|37\n|\n|t:|1782763422\n|move|p2a: Lugia|Aeroblast|p1a: Mudsdale\n|-crit|p1a: Mudsdale\n|-damage|p1a: Mudsdale|0 fnt\n|faint|p1a: Mudsdale\n|\n|upkeep\n|\n|t:|1782763423\n|switch|p1a: Kyurem|Kyurem-White, L73|194/303\n|-ability|p1a: Kyurem|Turboblaze\n|turn|38\n|\n|t:|1782763426\n|move|p1a: Kyurem|Freeze-Dry|p2a: Lugia\n|-supereffective|p2a: Lugia\n|-damage|p2a: Lugia|70/275\n|move|p2a: Lugia|Aeroblast|p1a: Kyurem\n|-damage|p1a: Kyurem|0 fnt\n|faint|p1a: Kyurem\n|\n|upkeep\n|\n|t:|1782763427\n|switch|p1a: Deoxys|Deoxys-Speed, L82|39/216\n|-ability|p1a: Deoxys|Pressure\n|turn|39\n|\n|t:|1782763428\n|move|p1a: Deoxys|Dark Pulse|p2a: Lugia\n|-supereffective|p2a: Lugia\n|-damage|p2a: Lugia|31/275\n|-damage|p1a: Deoxys|18/216|[from] item: Life Orb\n|move|p2a: Lugia|Aeroblast|p1a: Deoxys|[miss]\n|-miss|p2a: Lugia|p1a: Deoxys\n|\n|upkeep\n|turn|40\n|\n|t:|1782763429\n|move|p1a: Deoxys|Dark Pulse|p2a: Lugia\n|-supereffective|p2a: Lugia\n|-damage|p2a: Lugia|0 fnt\n|faint|p2a: Lugia\n|-damage|p1a: Deoxys|0 fnt|[from] item: Life Orb\n|faint|p1a: Deoxys\n|\n|win|notmetbh102\n|raw|notmetbh102's rating: 2254 &rarr; <strong>2275</strong><br />(+21 for winning)\n|raw|Teroxide's rating: 2277 &rarr; <strong>2256</strong><br />(-21 for losing)\n|c|\u2606notmetbh102|gg\n", "inputlog": ">version f8ac14003a5f27e1bdc8d8c59608a773c1cb96e5\n>start {\"formatid\":\"gen9randombattle\",\"seed\":\"sodium,007cb9d42010f49e0366324018434cca\",\"rated\":\"Rated battle\"}\n>player p1 {\"name\":\"notmetbh102\",\"avatar\":\"2\",\"rating\":2254,\"seed\":\"sodium,0141abd8b8d2fec62bf79051cd86a48b\"}\n>player p2 {\"name\":\"Teroxide\",\"avatar\":\"169\",\"rating\":2277,\"seed\":\"sodium,c6c3edb13d016dc11073519428926cea\"}\n>chat \u2606notmetbh102|hf\n>p1 switch 4\n>p2 move nastyplot\n>p1 move knockoff\n>p2 switch 3\n>p1 move dragondance terastallize\n>p2 move roost\n>p1 move knockoff\n>p2 move bravebird\n>p1 move dragondance\n>p2 move bravebird\n>p1 move drainpunch\n>p2 move bravebird\n>p2 switch 4\n>p1 move drainpunch\n>p2 move thunderbolt\n>p1 switch 5\n>p1 move earthquake\n>p2 switch 6\n>p1 switch 6\n>p2 move recover\n>p1 move icebeam\n>p2 switch 2\n>p1 move icebeam\n>p2 move recover\n>p1 move icebeam\n>p2 move recover\n>p1 move icebeam\n>p2 move recover\n>p1 move icebeam\n>p2 move recover\n>p2 switch 3\n>p1 move icebeam\n>p2 move nastyplot terastallize\n>p1 move icebeam\n>p2 move nastyplot\n>p1 switch 3\n>p2 move psyshock\n>p1 move psychoboost\n>p2 move psyshock\n>p2 switch 2\n>p1 switch 3\n>p2 move earthquake\n>p1 move freezedry\n>p2 move earthquake\n>p2 switch 6\n>p1 switch 6\n>p2 move toxic\n>p1 move earthquake\n>p2 move toxic\n>p2 switch 5\n>p1 switch 6\n>p2 move calmmind\n>p1 move icebeam\n>p2 move calmmind\n>p1 move icebeam\n>p2 move recover\n>p1 move icebeam\n>p2 move recover\n>p1 move icebeam\n>p2 move recover\n>p1 move icebeam\n>p2 move calmmind\n>p1 move icebeam\n>p2 move recover\n>p1 move icebeam\n>p2 move recover\n>p1 move icebeam\n>p2 move recover\n>p1 move icebeam\n>p2 move recover\n>p1 switch 2\n>p2 move recover\n>p1 move bravebird\n>p2 move aeroblast\n>p1 switch 4\n>p1 move wavecrash\n>p2 move aeroblast\n>p1 switch 6\n>p1 move heavyslam\n>p2 move recover\n>p1 move stoneedge\n>p2 move aeroblast\n>p1 switch 2\n>p1 move freezedry\n>p2 move aeroblast\n>p1 switch 3\n>p1 move darkpulse\n>p2 move aeroblast\n>p1 move darkpulse\n>p2 move aeroblast", "uploadtime": 1782763430, "views": 10, "formatid": "gen9randombattle", "rating": 2256, "private": 0, "password": null, "player_dets": [{"name": "notmetbh102", "avatar": "2", "rating": 2254, "seed": "sodium,0141abd8b8d2fec62bf79051cd86a48b"}, {"name": "Teroxide", "avatar": "169", "rating": 2277, "seed": "sodium,c6c3edb13d016dc11073519428926cea"}], "teams_full": [{"Tauros": {"name": "Tauros", "species": "Tauros-Paldea-Aqua", "speciesId": "taurospaldeaaqua", "gender": "M", "shiny": false, "level": 81, "moves": ["closecombat", "stoneedge", "wavecrash", "aquajet"], "ability": "Intimidate", "evs": {"hp": 85, "atk": 85, "def": 85, "spa": 85, "spd": 85, "spe": 85}, "ivs": {"hp": 31, "atk": 31, "def": 31, "spa": 31, "spd": 31, "spe": 31}, "item": "Choice Band", "teraType": "Water", "role": "Wallbreaker", "bvs": {"hp": 75, "atk": 110, "def": 105, "spa": 30, "spd": 70, "spe": 100}, "stats": {"hp": 254, "atk": 225, "def": 217, "spa": 95, "spd": 160, "spe": 209}, "types": ["Fighting", "Water"]}, "Dodrio": {"name": "Dodrio", "species": "Dodrio", "speciesId": "dodrio", "gender": "M", "shiny": false, "level": 85, "moves": ["swordsdance", "bravebird", "drillrun", "doubleedge"], "ability": "Early Bird", "evs": {"hp": 85, "atk": 85, "def": 85, "spa": 85, "spd": 85, "spe": 85}, "ivs": {"hp": 31, "atk": 31, "def": 31, "spa": 31, "spd": 31, "spe": 31}, "item": "Heavy-Duty Boots", "teraType": "Normal", "role": "Setup Sweeper", "bvs": {"hp": 60, "atk": 110, "def": 70, "spa": 60, "spd": 60, "spe": 110}, "stats": {"hp": 241, "atk": 236, "def": 168, "spa": 151, "spd": 151, "spe": 236}, "types": ["Normal", "Flying"]}, "Deoxys": {"name": "Deoxys", "species": "Deoxys-Speed", "speciesId": "deoxysspeed", "gender": "N", "shiny": false, "level": 82, "moves": ["nastyplot", "focusblast", "darkpulse", "psychoboost"], "ability": "Pressure", "evs": {"hp": 85, "atk": 0, "def": 85, "spa": 85, "spd": 85, "spe": 85}, "ivs": {"hp": 31, "atk": 0, "def": 31, "spa": 31, "spd": 31, "spe": 31}, "item": "Life Orb", "teraType": "Fighting", "role": "Setup Sweeper", "bvs": {"hp": 50, "atk": 95, "def": 90, "spa": 95, "spd": 90, "spe": 180}, "stats": {"hp": 216, "atk": 160, "def": 195, "spa": 203, "spd": 195, "spe": 342}, "types": ["Psychic"]}, "Scrafty": {"name": "Scrafty", "species": "Scrafty", "speciesId": "scrafty", "gender": "M", "shiny": false, "level": 83, "moves": ["dragondance", "drainpunch", "knockoff", "poisonjab"], "ability": "Intimidate", "evs": {"hp": 85, "atk": 85, "def": 85, "spa": 85, "spd": 85, "spe": 85}, "ivs": {"hp": 31, "atk": 31, "def": 31, "spa": 31, "spd": 31, "spe": 31}, "item": "Leftovers", "teraType": "Poison", "role": "Bulky Attacker", "bvs": {"hp": 65, "atk": 90, "def": 115, "spa": 45, "spd": 115, "spe": 58}, "stats": {"hp": 244, "atk": 197, "def": 239, "spa": 122, "spd": 239, "spe": 144}, "types": ["Dark", "Fighting"]}, "Mudsdale": {"name": "Mudsdale", "species": "Mudsdale", "speciesId": "mudsdale", "gender": "F", "shiny": false, "level": 83, "moves": ["roar", "stoneedge", "heavyslam", "earthquake"], "ability": "Stamina", "evs": {"hp": 85, "atk": 85, "def": 85, "spa": 85, "spd": 85, "spe": 85}, "ivs": {"hp": 31, "atk": 31, "def": 31, "spa": 31, "spd": 31, "spe": 31}, "item": "Leftovers", "teraType": "Steel", "role": "Bulky Attacker", "bvs": {"hp": 100, "atk": 125, "def": 100, "spa": 55, "spd": 85, "spe": 35}, "stats": {"hp": 302, "atk": 255, "def": 214, "spa": 139, "spd": 189, "spe": 106}, "types": ["Ground"]}, "Kyurem": {"name": "Kyurem", "species": "Kyurem-White", "speciesId": "kyuremwhite", "gender": "N", "shiny": false, "level": 73, "moves": ["dracometeor", "fusionflare", "freezedry", "icebeam"], "ability": "Turboblaze", "evs": {"hp": 85, "atk": 0, "def": 85, "spa": 85, "spd": 85, "spe": 85}, "ivs": {"hp": 31, "atk": 0, "def": 31, "spa": 31, "spd": 31, "spe": 31}, "item": "Choice Scarf", "teraType": "Dragon", "role": "Bulky Attacker", "bvs": {"hp": 125, "atk": 120, "def": 90, "spa": 170, "spd": 100, "spe": 95}, "stats": {"hp": 303, "atk": 180, "def": 174, "spa": 291, "spd": 188, "spe": 181}, "types": ["Dragon", "Ice"]}}, {"Mew": {"name": "Mew", "species": "Mew", "speciesId": "mew", "gender": "N", "shiny": false, "level": 82, "moves": ["nastyplot", "hydropump", "earthpower", "psyshock"], "ability": "Synchronize", "evs": {"hp": 85, "atk": 0, "def": 85, "spa": 85, "spd": 85, "spe": 85}, "ivs": {"hp": 31, "atk": 0, "def": 31, "spa": 31, "spd": 31, "spe": 31}, "item": "Life Orb", "teraType": "Water", "role": "Fast Bulky Setup", "bvs": {"hp": 100, "atk": 100, "def": 100, "spa": 100, "spd": 100, "spe": 100}, "stats": {"hp": 298, "atk": 169, "def": 211, "spa": 211, "spd": 211, "spe": 211}, "types": ["Psychic"]}, "Pincurchin": {"name": "Pincurchin", "species": "Pincurchin", "speciesId": "pincurchin", "gender": "F", "shiny": false, "level": 100, "moves": ["curse", "zingzap", "liquidation", "recover"], "ability": "Electric Surge", "evs": {"hp": 85, "atk": 85, "def": 85, "spa": 85, "spd": 85, "spe": 85}, "ivs": {"hp": 31, "atk": 31, "def": 31, "spa": 31, "spd": 31, "spe": 31}, "item": "Leftovers", "teraType": "Grass", "role": "Bulky Setup", "bvs": {"hp": 48, "atk": 101, "def": 95, "spa": 91, "spd": 85, "spe": 15}, "stats": {"hp": 258, "atk": 259, "def": 247, "spa": 239, "spd": 227, "spe": 87}, "types": ["Electric"]}, "Corviknight": {"name": "Corviknight", "species": "Corviknight", "speciesId": "corviknight", "gender": "F", "shiny": false, "level": 80, "moves": ["defog", "bravebird", "bodypress", "roost"], "ability": "Mirror Armor", "evs": {"hp": 85, "atk": 85, "def": 85, "spa": 85, "spd": 85, "spe": 85}, "ivs": {"hp": 31, "atk": 31, "def": 31, "spa": 31, "spd": 31, "spe": 31}, "item": "Leftovers", "teraType": "Dragon", "role": "Bulky Support", "bvs": {"hp": 98, "atk": 87, "def": 105, "spa": 53, "spd": 85, "spe": 67}, "stats": {"hp": 288, "atk": 185, "def": 214, "spa": 131, "spd": 182, "spe": 153}, "types": ["Flying", "Steel"]}, "Bellibolt": {"name": "Bellibolt", "species": "Bellibolt", "speciesId": "bellibolt", "gender": "F", "shiny": false, "level": 84, "moves": ["thunderbolt", "slackoff", "muddywater", "toxic"], "ability": "Electromorphosis", "evs": {"hp": 85, "atk": 0, "def": 85, "spa": 85, "spd": 85, "spe": 85}, "ivs": {"hp": 31, "atk": 0, "def": 31, "spa": 31, "spd": 31, "spe": 31}, "item": "Leftovers", "teraType": "Water", "role": "Bulky Attacker", "bvs": {"hp": 109, "atk": 64, "def": 91, "spa": 103, "spd": 83, "spe": 45}, "stats": {"hp": 320, "atk": 112, "def": 201, "spa": 221, "spd": 188, "spe": 124}, "types": ["Electric"]}, "Lugia": {"name": "Lugia", "species": "Lugia", "speciesId": "lugia", "gender": "N", "shiny": false, "level": 73, "moves": ["psychicnoise", "calmmind", "aeroblast", "recover"], "ability": "Multiscale", "evs": {"hp": 85, "atk": 0, "def": 85, "spa": 85, "spd": 85, "spe": 85}, "ivs": {"hp": 31, "atk": 0, "def": 31, "spa": 31, "spd": 31, "spe": 31}, "item": "Heavy-Duty Boots", "teraType": "Steel", "role": "Setup Sweeper", "bvs": {"hp": 106, "atk": 90, "def": 130, "spa": 90, "spd": 154, "spe": 110}, "stats": {"hp": 275, "atk": 136, "def": 232, "spa": 174, "spd": 267, "spe": 203}, "types": ["Psychic", "Flying"]}, "Gastrodon": {"name": "Gastrodon", "species": "Gastrodon-East", "speciesId": "gastrodon", "gender": "M", "shiny": false, "level": 86, "moves": ["icebeam", "surf", "recover", "earthquake"], "ability": "Storm Drain", "evs": {"hp": 85, "atk": 85, "def": 85, "spa": 85, "spd": 85, "spe": 85}, "ivs": {"hp": 31, "atk": 31, "def": 31, "spa": 31, "spd": 31, "spe": 31}, "item": "Leftovers", "teraType": "Steel", "role": "Bulky Attacker", "bvs": {"hp": 111, "atk": 83, "def": 68, "spa": 92, "spd": 82, "spe": 39}, "stats": {"hp": 331, "atk": 192, "def": 166, "spa": 207, "spd": 190, "spe": 116}, "types": ["Water", "Ground"]}}]}