{"id": "gen9randombattle-2641372226", "format": "[Gen 9] Random Battle", "players": ["testbotcif", "gaibtheclown"], "log": "|j|\u2606testbotcif\n|j|\u2606gaibtheclown\n|t:|1782774585\n|gametype|singles\n|player|p1|testbotcif|266|1173\n|player|p2|gaibtheclown|harlequin|1205\n|gen|9\n|tier|[Gen 9] Random Battle\n|rated|\n|rule|Species Clause: Limit one of each Pok\u00e9mon\n|rule|HP Percentage Mod: HP is shown in percentages\n|rule|Sleep Clause Mod: Limit one foe put to sleep\n|rule|Illusion Level Mod: Illusion disguises the Pok\u00e9mon's true level\n|\n|t:|1782774585\n|teamsize|p1|6\n|teamsize|p2|6\n|start\n|switch|p1a: Iron Leaves|Iron Leaves, L80|275/275\n|switch|p2a: Vespiquen|Vespiquen, L99, F|299/299\n|-ability|p2a: Vespiquen|Pressure\n|turn|1\n|inactive|Battle timer is ON: inactive players will automatically lose when time's up. (requested by testbotcif)\n|c|\u2606testbotcif|rlhf\n|\n|t:|1782774589\n|-terastallize|p1a: Iron Leaves|Fighting\n|move|p1a: Iron Leaves|Swords Dance|p1a: Iron Leaves\n|-boost|p1a: Iron Leaves|atk|2\n|move|p2a: Vespiquen|Hurricane|p1a: Iron Leaves|[miss]\n|-miss|p2a: Vespiquen|p1a: Iron Leaves\n|\n|upkeep\n|turn|2\n|\n|t:|1782774594\n|move|p1a: Iron Leaves|Psyblade|p2a: Vespiquen\n|-damage|p2a: Vespiquen|114/299\n|-damage|p1a: Iron Leaves|248/275|[from] item: Life Orb\n|move|p2a: Vespiquen|Hurricane|p1a: Iron Leaves|[miss]\n|-miss|p2a: Vespiquen|p1a: Iron Leaves\n|\n|upkeep\n|turn|3\n|c|\u2606gaibtheclown|You too man\n|\n|t:|1782774612\n|move|p1a: Iron Leaves|Psyblade|p2a: Vespiquen\n|-damage|p2a: Vespiquen|0 fnt\n|faint|p2a: Vespiquen\n|-damage|p1a: Iron Leaves|221/275|[from] item: Life Orb\n|\n|upkeep\n|inactive|gaibtheclown has 120 seconds left.\n|\n|t:|1782774635\n|switch|p2a: Grimmsnarl|Grimmsnarl, L83, M|293/293\n|turn|4\n|\n|t:|1782774637\n|move|p1a: Iron Leaves|Close Combat|p2a: Grimmsnarl\n|-damage|p2a: Grimmsnarl|0 fnt\n|-unboost|p1a: Iron Leaves|def|1\n|-unboost|p1a: Iron Leaves|spd|1\n|faint|p2a: Grimmsnarl\n|-damage|p1a: Iron Leaves|194/275|[from] item: Life Orb\n|\n|upkeep\n|\n|t:|1782774645\n|switch|p2a: Muk|Muk, L86, F|321/321\n|turn|5\n|\n|t:|1782774659\n|move|p1a: Iron Leaves|Psyblade|p2a: Muk\n|-supereffective|p2a: Muk\n|-damage|p2a: Muk|0 fnt\n|faint|p2a: Muk\n|-damage|p1a: Iron Leaves|167/275|[from] item: Life Orb\n|\n|upkeep\n|\n|t:|1782774662\n|switch|p2a: Raichu|Raichu, L88, F|249/249\n|turn|6\n|\n|t:|1782774668\n|move|p2a: Raichu|Thunderbolt|p1a: Iron Leaves\n|-damage|p1a: Iron Leaves|25/275\n|move|p1a: Iron Leaves|Close Combat|p2a: Raichu\n|-damage|p2a: Raichu|0 fnt\n|-unboost|p1a: Iron Leaves|def|1\n|-unboost|p1a: Iron Leaves|spd|1\n|faint|p2a: Raichu\n|-damage|p1a: Iron Leaves|0 fnt|[from] item: Life Orb\n|faint|p1a: Iron Leaves\n|-end|p1a: Iron Leaves|Quark Drive|[silent]\n|\n|upkeep\n|inactive|gaibtheclown has 120 seconds left.\n|\n|t:|1782774707\n|switch|p2a: Haxorus|Haxorus, L77, M|244/244\n|switch|p1a: Duraludon|Duraludon, L82, M|249/249\n|-ability|p2a: Haxorus|Mold Breaker\n|turn|7\n|\n|t:|1782774710\n|move|p2a: Haxorus|Dragon Dance|p2a: Haxorus\n|-boost|p2a: Haxorus|atk|1\n|-boost|p2a: Haxorus|spe|1\n|move|p1a: Duraludon|Draco Meteor|p2a: Haxorus\n|-supereffective|p2a: Haxorus\n|-damage|p2a: Haxorus|0 fnt\n|-unboost|p1a: Duraludon|spa|2\n|faint|p2a: Haxorus\n|\n|upkeep\n|\n|t:|1782774712\n|switch|p2a: Orthworm|Orthworm, L88, F|266/266\n|turn|8\n|\n|t:|1782774720\n|switch|p1a: Mudsdale|Mudsdale, L83, F|302/302\n|-terastallize|p2a: Orthworm|Ghost\n|move|p2a: Orthworm|Stealth Rock|p1a: Mudsdale\n|-sidestart|p1: testbotcif|move: Stealth Rock\n|\n|upkeep\n|turn|9\n|\n|t:|1782774728\n|move|p2a: Orthworm|Body Press|p1a: Mudsdale\n|-damage|p1a: Mudsdale|220/302\n|-ability|p1a: Mudsdale|Stamina|boost\n|-boost|p1a: Mudsdale|def|1\n|move|p1a: Mudsdale|Roar||[still]\n|-fail|p1a: Mudsdale\n|\n|-heal|p1a: Mudsdale|238/302|[from] item: Leftovers\n|upkeep\n|turn|10\n|\n|t:|1782774731\n|move|p2a: Orthworm|Body Press|p1a: Mudsdale\n|-damage|p1a: Mudsdale|180/302\n|-ability|p1a: Mudsdale|Stamina|boost\n|-boost|p1a: Mudsdale|def|1\n|move|p1a: Mudsdale|Heavy Slam|p2a: Orthworm\n|-damage|p2a: Orthworm|234/266\n|\n|-heal|p2a: Orthworm|250/266|[from] item: Leftovers\n|-heal|p1a: Mudsdale|198/302|[from] item: Leftovers\n|upkeep\n|turn|11\n|\n|t:|1782774736\n|move|p2a: Orthworm|Body Press|p1a: Mudsdale\n|-damage|p1a: Mudsdale|155/302\n|-ability|p1a: Mudsdale|Stamina|boost\n|-boost|p1a: Mudsdale|def|1\n|move|p1a: Mudsdale|Heavy Slam|p2a: Orthworm\n|-crit|p2a: Orthworm\n|-damage|p2a: Orthworm|197/266\n|\n|-heal|p2a: Orthworm|213/266|[from] item: Leftovers\n|-heal|p1a: Mudsdale|173/302|[from] item: Leftovers\n|upkeep\n|turn|12\n|\n|t:|1782774737\n|move|p2a: Orthworm|Body Press|p1a: Mudsdale\n|-damage|p1a: Mudsdale|143/302\n|-ability|p1a: Mudsdale|Stamina|boost\n|-boost|p1a: Mudsdale|def|1\n|move|p1a: Mudsdale|Heavy Slam|p2a: Orthworm\n|-damage|p2a: Orthworm|177/266\n|\n|-heal|p2a: Orthworm|193/266|[from] item: Leftovers\n|-heal|p1a: Mudsdale|161/302|[from] item: Leftovers\n|upkeep\n|turn|13\n|\n|t:|1782774738\n|move|p2a: Orthworm|Body Press|p1a: Mudsdale\n|-damage|p1a: Mudsdale|135/302\n|-ability|p1a: Mudsdale|Stamina|boost\n|-boost|p1a: Mudsdale|def|1\n|move|p1a: Mudsdale|Heavy Slam|p2a: Orthworm\n|-damage|p2a: Orthworm|161/266\n|\n|-heal|p2a: Orthworm|177/266|[from] item: Leftovers\n|-heal|p1a: Mudsdale|153/302|[from] item: Leftovers\n|upkeep\n|turn|14\n|\n|t:|1782774739\n|move|p2a: Orthworm|Body Press|p1a: Mudsdale\n|-damage|p1a: Mudsdale|131/302\n|-ability|p1a: Mudsdale|Stamina|boost\n|-boost|p1a: Mudsdale|def|1\n|move|p1a: Mudsdale|Heavy Slam|p2a: Orthworm\n|-damage|p2a: Orthworm|145/266\n|\n|-heal|p2a: Orthworm|161/266|[from] item: Leftovers\n|-heal|p1a: Mudsdale|149/302|[from] item: Leftovers\n|upkeep\n|turn|15\n|\n|t:|1782774740\n|move|p2a: Orthworm|Body Press|p1a: Mudsdale\n|-damage|p1a: Mudsdale|129/302\n|move|p1a: Mudsdale|Heavy Slam|p2a: Orthworm\n|-damage|p2a: Orthworm|129/266\n|\n|-heal|p2a: Orthworm|145/266|[from] item: Leftovers\n|-heal|p1a: Mudsdale|147/302|[from] item: Leftovers\n|upkeep\n|turn|16\n|\n|t:|1782774742\n|move|p2a: Orthworm|Body Press|p1a: Mudsdale\n|-damage|p1a: Mudsdale|128/302\n|move|p1a: Mudsdale|Heavy Slam|p2a: Orthworm\n|-damage|p2a: Orthworm|108/266\n|\n|-heal|p2a: Orthworm|124/266|[from] item: Leftovers\n|-heal|p1a: Mudsdale|146/302|[from] item: Leftovers\n|upkeep\n|turn|17\n|\n|t:|1782774743\n|move|p2a: Orthworm|Body Press|p1a: Mudsdale\n|-damage|p1a: Mudsdale|126/302\n|move|p1a: Mudsdale|Heavy Slam|p2a: Orthworm\n|-crit|p2a: Orthworm\n|-damage|p2a: Orthworm|74/266\n|\n|-heal|p2a: Orthworm|90/266|[from] item: Leftovers\n|-heal|p1a: Mudsdale|144/302|[from] item: Leftovers\n|upkeep\n|turn|18\n|\n|t:|1782774744\n|move|p2a: Orthworm|Body Press|p1a: Mudsdale\n|-damage|p1a: Mudsdale|124/302\n|move|p1a: Mudsdale|Heavy Slam|p2a: Orthworm\n|-damage|p2a: Orthworm|55/266\n|\n|-heal|p2a: Orthworm|71/266|[from] item: Leftovers\n|-heal|p1a: Mudsdale|142/302|[from] item: Leftovers\n|upkeep\n|turn|19\n|c|\u2606gaibtheclown|Uhh..\n|c|\u2606gaibtheclown|Rematch man??\n|\n|t:|1782774772\n|move|p2a: Orthworm|Body Press|p1a: Mudsdale\n|-damage|p1a: Mudsdale|122/302\n|move|p1a: Mudsdale|Heavy Slam|p2a: Orthworm\n|-damage|p2a: Orthworm|35/266\n|\n|-heal|p2a: Orthworm|51/266|[from] item: Leftovers\n|-heal|p1a: Mudsdale|140/302|[from] item: Leftovers\n|upkeep\n|turn|20\n|\n|t:|1782774774\n|move|p2a: Orthworm|Body Press|p1a: Mudsdale\n|-damage|p1a: Mudsdale|120/302\n|move|p1a: Mudsdale|Heavy Slam|p2a: Orthworm\n|-damage|p2a: Orthworm|19/266\n|\n|-heal|p2a: Orthworm|35/266|[from] item: Leftovers\n|-heal|p1a: Mudsdale|138/302|[from] item: Leftovers\n|upkeep\n|turn|21\n|c|\u2606gaibtheclown|Not salty or nun just kinda wanna play again :)\n|\n|t:|1782774798\n|move|p2a: Orthworm|Body Press|p1a: Mudsdale\n|-crit|p1a: Mudsdale\n|-damage|p1a: Mudsdale|16/302\n|move|p1a: Mudsdale|Heavy Slam|p2a: Orthworm\n|-damage|p2a: Orthworm|0 fnt\n|faint|p2a: Orthworm\n|\n|win|testbotcif\n|raw|testbotcif's rating: 1173 &rarr; <strong>1200</strong><br />(+27 for winning)\n|raw|gaibtheclown's rating: 1205 &rarr; <strong>1178</strong><br />(-27 for losing)\n", "inputlog": ">version f8ac14003a5f27e1bdc8d8c59608a773c1cb96e5\n>start {\"formatid\":\"gen9randombattle\",\"seed\":\"sodium,1bac78df28b8fb77cbf142809ee2c002\",\"rated\":\"Rated battle\"}\n>player p1 {\"name\":\"testbotcif\",\"avatar\":\"266\",\"rating\":1173,\"seed\":\"sodium,2ba9679aefab2635125b3d28101c49b4\"}\n>player p2 {\"name\":\"gaibtheclown\",\"avatar\":\"harlequin\",\"rating\":1205,\"seed\":\"sodium,315ad6f6e56aa8521590738665b4755a\"}\n>chat \u2606testbotcif|rlhf\n>p1 move swordsdance terastallize\n>p2 move hurricane\n>p1 move psyblade\n>p2 move hurricane\n>chat \u2606gaibtheclown|You too man\n>p1 move psyblade\n>p2 move hurricane\n>p2 switch 2\n>p1 move closecombat\n>p2 move spiritbreak\n>p2 switch 4\n>p1 move psyblade\n>p2 move poisonjab\n>p2 switch 5\n>p1 move closecombat\n>p2 move thunderbolt\n>p1 switch 5\n>p2 switch 6\n>p1 move dracometeor\n>p2 move dragondance\n>p2 switch 3\n>p1 switch 4\n>p2 move stealthrock terastallize\n>p1 move roar\n>p2 move bodypress\n>p1 move heavyslam\n>p2 move bodypress\n>p1 move heavyslam\n>p2 move bodypress\n>p1 move heavyslam\n>p2 move bodypress\n>p1 move heavyslam\n>p2 move bodypress\n>p1 move heavyslam\n>p2 move bodypress\n>p1 move heavyslam\n>p2 move bodypress\n>p1 move heavyslam\n>p2 move bodypress\n>p1 move heavyslam\n>p2 move bodypress\n>p1 move heavyslam\n>p2 move bodypress\n>chat \u2606gaibtheclown|Uhh..\n>chat \u2606gaibtheclown|Rematch man??\n>p1 move heavyslam\n>p2 move bodypress\n>p1 move heavyslam\n>p2 move bodypress\n>chat \u2606gaibtheclown|Not salty or nun just kinda wanna play again :)\n>p1 move heavyslam\n>p2 move bodypress", "uploadtime": 1782774799, "views": 3, "formatid": "gen9randombattle", "rating": 1178, "private": 0, "password": null, "player_dets": [{"name": "testbotcif", "avatar": "266", "rating": 1173, "seed": "sodium,2ba9679aefab2635125b3d28101c49b4"}, {"name": "gaibtheclown", "avatar": "harlequin", "rating": 1205, "seed": "sodium,315ad6f6e56aa8521590738665b4755a"}], "teams_full": [{"Iron Leaves": {"name": "Iron Leaves", "species": "Iron Leaves", "speciesId": "ironleaves", "gender": "N", "shiny": false, "level": 80, "moves": ["swordsdance", "psyblade", "leafblade", "closecombat"], "ability": "Quark Drive", "evs": {"hp": 85, "atk": 85, "def": 85, "spa": 85, "spd": 85, "spe": 85}, "ivs": {"hp": 31, "atk": 31, "def": 31, "spa": 31, "spd": 31, "spe": 31}, "item": "Life Orb", "teraType": "Fighting", "role": "Wallbreaker", "bvs": {"hp": 90, "atk": 130, "def": 88, "spa": 70, "spd": 108, "spe": 104}, "stats": {"hp": 275, "atk": 254, "def": 187, "spa": 158, "spd": 219, "spe": 213}, "types": ["Grass", "Psychic"]}, "Lunala": {"name": "Lunala", "species": "Lunala", "speciesId": "lunala", "gender": "N", "shiny": false, "level": 70, "moves": ["calmmind", "moongeistbeam", "moonlight", "focusblast"], "ability": "Shadow Shield", "evs": {"hp": 85, "atk": 0, "def": 85, "spa": 85, "spd": 85, "spe": 85}, "ivs": {"hp": 31, "atk": 0, "def": 31, "spa": 31, "spd": 31, "spe": 31}, "item": "Leftovers", "teraType": "Fighting", "role": "Bulky Setup", "bvs": {"hp": 137, "atk": 113, "def": 89, "spa": 137, "spd": 107, "spe": 97}, "stats": {"hp": 308, "atk": 163, "def": 166, "spa": 233, "spd": 191, "spe": 177}, "types": ["Psychic", "Ghost"]}, "Gengar": {"name": "Gengar", "species": "Gengar", "speciesId": "gengar", "gender": "F", "shiny": false, "level": 81, "moves": ["focusblast", "encore", "sludgewave", "shadowball"], "ability": "Cursed Body", "evs": {"hp": 85, "atk": 0, "def": 85, "spa": 85, "spd": 85, "spe": 85}, "ivs": {"hp": 31, "atk": 0, "def": 31, "spa": 31, "spd": 31, "spe": 31}, "item": "Life Orb", "teraType": "Fighting", "role": "Fast Attacker", "bvs": {"hp": 60, "atk": 65, "def": 60, "spa": 130, "spd": 75, "spe": 110}, "stats": {"hp": 230, "atk": 110, "def": 144, "spa": 257, "spd": 168, "spe": 225}, "types": ["Ghost", "Poison"]}, "Mudsdale": {"name": "Mudsdale", "species": "Mudsdale", "speciesId": "mudsdale", "gender": "F", "shiny": false, "level": 83, "moves": ["stealthrock", "heavyslam", "earthquake", "roar"], "ability": "Stamina", "evs": {"hp": 85, "atk": 85, "def": 85, "spa": 85, "spd": 85, "spe": 85}, "ivs": {"hp": 31, "atk": 31, "def": 31, "spa": 31, "spd": 31, "spe": 31}, "item": "Leftovers", "teraType": "Steel", "role": "Bulky Attacker", "bvs": {"hp": 100, "atk": 125, "def": 100, "spa": 55, "spd": 85, "spe": 35}, "stats": {"hp": 302, "atk": 255, "def": 214, "spa": 139, "spd": 189, "spe": 106}, "types": ["Ground"]}, "Duraludon": {"name": "Duraludon", "species": "Duraludon", "speciesId": "duraludon", "gender": "M", "shiny": false, "level": 82, "moves": ["irondefense", "bodypress", "flashcannon", "dracometeor"], "ability": "Light Metal", "evs": {"hp": 85, "atk": 0, "def": 85, "spa": 85, "spd": 85, "spe": 85}, "ivs": {"hp": 31, "atk": 0, "def": 31, "spa": 31, "spd": 31, "spe": 31}, "item": "Eviolite", "teraType": "Fighting", "role": "Bulky Attacker", "bvs": {"hp": 70, "atk": 95, "def": 115, "spa": 120, "spd": 50, "spe": 85}, "stats": {"hp": 249, "atk": 160, "def": 236, "spa": 244, "spd": 129, "spe": 187}, "types": ["Steel", "Dragon"]}, "Magearna": {"name": "Magearna", "species": "Magearna-Original", "speciesId": "magearna", "gender": "N", "shiny": false, "level": 77, "moves": ["shiftgear", "calmmind", "flashcannon", "fleurcannon"], "ability": "Soul-Heart", "evs": {"hp": 85, "atk": 0, "def": 85, "spa": 85, "spd": 85, "spe": 85}, "ivs": {"hp": 31, "atk": 0, "def": 31, "spa": 31, "spd": 31, "spe": 31}, "item": "Leftovers", "teraType": "Flying", "role": "Bulky Setup", "bvs": {"hp": 80, "atk": 95, "def": 115, "spa": 130, "spd": 115, "spe": 65}, "stats": {"hp": 250, "atk": 151, "def": 222, "spa": 245, "spd": 222, "spe": 145}, "types": ["Steel", "Fairy"]}}, {"Vespiquen": {"name": "Vespiquen", "species": "Vespiquen", "speciesId": "vespiquen", "gender": "F", "shiny": false, "level": 99, "moves": ["hurricane", "toxic", "uturn", "roost"], "ability": "Pressure", "evs": {"hp": 85, "atk": 85, "def": 85, "spa": 85, "spd": 85, "spe": 85}, "ivs": {"hp": 31, "atk": 31, "def": 31, "spa": 31, "spd": 31, "spe": 31}, "item": "Heavy-Duty Boots", "teraType": "Steel", "role": "Bulky Support", "bvs": {"hp": 70, "atk": 80, "def": 102, "spa": 80, "spd": 102, "spe": 40}, "stats": {"hp": 299, "atk": 214, "def": 258, "spa": 214, "spd": 258, "spe": 135}, "types": ["Bug", "Flying"]}, "Grimmsnarl": {"name": "Grimmsnarl", "species": "Grimmsnarl", "speciesId": "grimmsnarl", "gender": "M", "shiny": false, "level": 83, "moves": ["suckerpunch", "taunt", "thunderwave", "spiritbreak"], "ability": "Prankster", "evs": {"hp": 85, "atk": 85, "def": 85, "spa": 85, "spd": 85, "spe": 85}, "ivs": {"hp": 31, "atk": 31, "def": 31, "spa": 31, "spd": 31, "spe": 31}, "item": "Leftovers", "teraType": "Steel", "role": "Bulky Attacker", "bvs": {"hp": 95, "atk": 120, "def": 65, "spa": 95, "spd": 75, "spe": 60}, "stats": {"hp": 293, "atk": 247, "def": 156, "spa": 205, "spd": 172, "spe": 147}, "types": ["Dark", "Fairy"]}, "Orthworm": {"name": "Orthworm", "species": "Orthworm", "speciesId": "orthworm", "gender": "F", "shiny": false, "level": 88, "moves": ["stealthrock", "bodypress", "heavyslam", "shedtail"], "ability": "Earth Eater", "evs": {"hp": 85, "atk": 85, "def": 85, "spa": 85, "spd": 85, "spe": 85}, "ivs": {"hp": 31, "atk": 31, "def": 31, "spa": 31, "spd": 31, "spe": 31}, "item": "Leftovers", "teraType": "Ghost", "role": "Bulky Attacker", "bvs": {"hp": 70, "atk": 85, "def": 145, "spa": 60, "spd": 55, "spe": 65}, "stats": {"hp": 266, "atk": 200, "def": 305, "spa": 156, "spd": 147, "spe": 165}, "types": ["Steel"]}, "Muk": {"name": "Muk", "species": "Muk", "speciesId": "muk", "gender": "F", "shiny": false, "level": 86, "moves": ["icepunch", "knockoff", "haze", "poisonjab"], "ability": "Poison Touch", "evs": {"hp": 85, "atk": 85, "def": 85, "spa": 85, "spd": 85, "spe": 85}, "ivs": {"hp": 31, "atk": 31, "def": 31, "spa": 31, "spd": 31, "spe": 31}, "item": "Leftovers", "teraType": "Dark", "role": "Bulky Attacker", "bvs": {"hp": 105, "atk": 105, "def": 75, "spa": 65, "spd": 100, "spe": 50}, "stats": {"hp": 321, "atk": 230, "def": 178, "spa": 161, "spd": 221, "spe": 135}, "types": ["Poison"]}, "Raichu": {"name": "Raichu", "species": "Raichu", "speciesId": "raichu", "gender": "F", "shiny": false, "level": 88, "moves": ["grassknot", "voltswitch", "encore", "thunderbolt"], "ability": "Lightning Rod", "evs": {"hp": 85, "atk": 0, "def": 85, "spa": 85, "spd": 85, "spe": 85}, "ivs": {"hp": 31, "atk": 0, "def": 31, "spa": 31, "spd": 31, "spe": 31}, "item": "Heavy-Duty Boots", "teraType": "Grass", "role": "Fast Support", "bvs": {"hp": 60, "atk": 90, "def": 55, "spa": 90, "spd": 80, "spe": 110}, "stats": {"hp": 249, "atk": 163, "def": 147, "spa": 209, "spd": 191, "spe": 244}, "types": ["Electric"]}, "Haxorus": {"name": "Haxorus", "species": "Haxorus", "speciesId": "haxorus", "gender": "M", "shiny": false, "level": 77, "moves": ["ironhead", "outrage", "dragondance", "closecombat"], "ability": "Mold Breaker", "evs": {"hp": 85, "atk": 85, "def": 85, "spa": 85, "spd": 85, "spe": 85}, "ivs": {"hp": 31, "atk": 31, "def": 31, "spa": 31, "spd": 31, "spe": 31}, "item": "Lum Berry", "teraType": "Steel", "role": "Setup Sweeper", "bvs": {"hp": 76, "atk": 147, "def": 90, "spa": 60, "spd": 70, "spe": 97}, "stats": {"hp": 244, "atk": 271, "def": 183, "spa": 137, "spd": 152, "spe": 194}, "types": ["Dragon"]}}]}