{"id": "gen9randombattle-2641538854", "format": "[Gen 9] Random Battle", "players": ["Foster The Sheeple", "abhii.g"], "log": "|j|\u2606Foster The Sheeple\n|j|\u2606abhii.g\n|t:|1782803550\n|gametype|singles\n|player|p1|Foster The Sheeple|dancer|1950\n|player|p2|abhii.g|benga|2033\n|gen|9\n|tier|[Gen 9] Random Battle\n|rated|\n|rule|Species Clause: Limit one of each Pok\u00e9mon\n|rule|HP Percentage Mod: HP is shown in percentages\n|rule|Sleep Clause Mod: Limit one foe put to sleep\n|rule|Illusion Level Mod: Illusion disguises the Pok\u00e9mon's true level\n|\n|t:|1782803550\n|teamsize|p1|6\n|teamsize|p2|6\n|start\n|switch|p1a: Smeargle|Smeargle, L95, F|258/258\n|switch|p2a: Alcremie|Alcremie-Lemon-Cream, L90, F|263/263\n|turn|1\n|inactive|Battle timer is ON: inactive players will automatically lose when time's up. (requested by Foster The Sheeple)\n|\n|t:|1782803564\n|switch|p2a: Hatterene|Hatterene, L85, F|236/236\n|move|p1a: Smeargle|Spore|p2a: Hatterene\n|move|p2a: Hatterene|Spore|p1a: Smeargle|[from] ability: Magic Bounce\n|-status|p1a: Smeargle|slp|[from] move: Spore\n|\n|upkeep\n|turn|2\n|c|\u2606Foster The Sheeple|damn\n|\n|t:|1782803579\n|cant|p1a: Smeargle|slp\n|move|p2a: Hatterene|Nuzzle|p1a: Smeargle\n|-damage|p1a: Smeargle|234/258 slp\n|\n|upkeep\n|turn|3\n|\n|t:|1782803587\n|cant|p1a: Smeargle|slp\n|move|p2a: Hatterene|Psychic|p1a: Smeargle\n|-damage|p1a: Smeargle|57/258 slp\n|\n|upkeep\n|turn|4\n|\n|t:|1782803596\n|switch|p2a: Virizion|Virizion, L82|283/283\n|cant|p1a: Smeargle|slp\n|\n|upkeep\n|turn|5\n|\n|t:|1782803602\n|move|p2a: Virizion|Leaf Blade|p1a: Smeargle\n|-damage|p1a: Smeargle|0 fnt\n|faint|p1a: Smeargle\n|-damage|p2a: Virizion|255/283|[from] item: Life Orb\n|\n|upkeep\n|c|\u2606abhii.g|3 turns is unlcuky\n|\n|t:|1782803612\n|switch|p1a: Glimmora|Glimmora, L75, M|248/248\n|-item|p1a: Glimmora|Air Balloon\n|turn|6\n|\n|t:|1782803622\n|move|p2a: Virizion|Swords Dance|p2a: Virizion\n|-boost|p2a: Virizion|atk|2\n|move|p1a: Glimmora|Sludge Wave|p2a: Virizion\n|-supereffective|p2a: Virizion\n|-damage|p2a: Virizion|109/283\n|\n|upkeep\n|turn|7\n|c|\u2606Foster The Sheeple|shit happens\n|\n|t:|1782803642\n|move|p2a: Virizion|Close Combat|p1a: Glimmora\n|-damage|p1a: Glimmora|0 fnt\n|-unboost|p2a: Virizion|def|1\n|-unboost|p2a: Virizion|spd|1\n|-activate|p1a: Glimmora|ability: Toxic Debris\n|-sidestart|p2: abhii.g|move: Toxic Spikes\n|-enditem|p1a: Glimmora|Air Balloon\n|faint|p1a: Glimmora\n|-damage|p2a: Virizion|81/283|[from] item: Life Orb\n|\n|upkeep\n|\n|t:|1782803655\n|switch|p1a: Meowscarada|Meowscarada, L78, M|247/247\n|turn|8\n|\n|t:|1782803661\n|move|p1a: Meowscarada|Flower Trick|p2a: Virizion\n|-start|p1a: Meowscarada|typechange|Grass|[from] ability: Protean\n|-resisted|p2a: Virizion\n|-crit|p2a: Virizion\n|-damage|p2a: Virizion|0 fnt\n|faint|p2a: Virizion\n|\n|upkeep\n|\n|t:|1782803667\n|switch|p2a: Toxtricity|Toxtricity, L82, M|257/257\n|-sideend|p2: abhii.g|move: Toxic Spikes|[of] p2a: Toxtricity\n|turn|9\n|\n|t:|1782803684\n|switch|p1a: Ursaluna|Ursaluna, L79, F|335/335\n|move|p2a: Toxtricity|Gunk Shot|p1a: Ursaluna|[miss]\n|-miss|p2a: Toxtricity|p1a: Ursaluna\n|\n|-status|p1a: Ursaluna|brn|[from] item: Flame Orb\n|upkeep\n|turn|10\n|\n|t:|1782803701\n|switch|p2a: Hatterene|Hatterene, L85, F|236/236\n|move|p1a: Ursaluna|Trailblaze|p2a: Hatterene\n|-damage|p2a: Hatterene|173/236\n|-boost|p1a: Ursaluna|spe|1\n|\n|-damage|p1a: Ursaluna|315/335 brn|[from] brn\n|upkeep\n|turn|11\n|\n|t:|1782803709\n|move|p1a: Ursaluna|Facade|p2a: Hatterene\n|-damage|p2a: Hatterene|0 fnt\n|faint|p2a: Hatterene\n|\n|-damage|p1a: Ursaluna|295/335 brn|[from] brn\n|upkeep\n|\n|t:|1782803731\n|switch|p2a: Politoed|Politoed, L88, F|302/302\n|-weather|RainDance|[from] ability: Drizzle|[of] p2a: Politoed\n|turn|12\n|\n|t:|1782803741\n|-terastallize|p1a: Ursaluna|Normal\n|move|p1a: Ursaluna|Facade|p2a: Politoed\n|-damage|p2a: Politoed|0 fnt\n|faint|p2a: Politoed\n|\n|-weather|RainDance|[upkeep]\n|-damage|p1a: Ursaluna|275/335 brn|[from] brn\n|upkeep\n|c|\u2606abhii.g|damn man\n|c|\u2606abhii.g|gg\n|-message|abhii.g forfeited.\n|\n|win|Foster The Sheeple\n", "inputlog": ">version f8ac14003a5f27e1bdc8d8c59608a773c1cb96e5\n>start {\"formatid\":\"gen9randombattle\",\"seed\":\"sodium,736cc6d355927ea88575f5e9d710e86a\",\"rated\":\"Rated battle\"}\n>player p1 {\"name\":\"Foster The Sheeple\",\"avatar\":\"dancer\",\"rating\":1950,\"seed\":\"sodium,b767a3c09283a7e70605b5bf86349f50\"}\n>player p2 {\"name\":\"abhii.g\",\"avatar\":\"benga\",\"rating\":2033,\"seed\":\"sodium,bc5ac8e939b3cd64a638e8b01a2ababc\"}\n>p1 move spore\n>p2 switch 5\n>chat \u2606Foster The Sheeple|damn\n>p1 move shellsmash\n>p2 move nuzzle\n>p1 move shellsmash\n>p2 move psychic\n>p1 move populationbomb\n>p2 switch 3\n>p1 move shellsmash\n>p2 move leafblade\n>chat \u2606abhii.g|3 turns is unlcuky \n>p1 switch 6\n>p1 move sludgewave\n>p2 move swordsdance\n>chat \u2606Foster The Sheeple|shit happens\n>p1 move spikes\n>p2 move closecombat\n>p1 switch 3\n>p1 move flowertrick\n>p2 move closecombat\n>p2 switch 6\n>p1 switch 2\n>p2 move gunkshot\n>p1 move trailblaze\n>p2 switch 3\n>p1 move facade\n>p2 move psychic\n>p2 switch 2\n>p1 move facade terastallize\n>p2 move weatherball\n>chat \u2606abhii.g|damn man \n>chat \u2606abhii.g|gg\n>forcelose p2", "uploadtime": 1782803552, "views": 8, "formatid": "gen9randombattle", "rating": null, "private": 0, "password": null, "player_dets": [{"name": "Foster The Sheeple", "avatar": "dancer", "rating": 1950, "seed": "sodium,b767a3c09283a7e70605b5bf86349f50"}, {"name": "abhii.g", "avatar": "benga", "rating": 2033, "seed": "sodium,bc5ac8e939b3cd64a638e8b01a2ababc"}], "teams_full": [{"Smeargle": {"name": "Smeargle", "species": "Smeargle", "speciesId": "smeargle", "gender": "F", "shiny": false, "level": 95, "moves": ["shellsmash", "populationbomb", "powertrip", "spore"], "ability": "Technician", "evs": {"hp": 85, "atk": 85, "def": 85, "spa": 85, "spd": 85, "spe": 85}, "ivs": {"hp": 31, "atk": 31, "def": 31, "spa": 31, "spd": 31, "spe": 31}, "item": "Wide Lens", "teraType": "Normal", "role": "Setup Sweeper", "bvs": {"hp": 55, "atk": 20, "def": 35, "spa": 20, "spd": 45, "spe": 75}, "stats": {"hp": 258, "atk": 92, "def": 120, "spa": 92, "spd": 139, "spe": 196}, "types": ["Normal"]}, "Ursaluna": {"name": "Ursaluna", "species": "Ursaluna", "speciesId": "ursaluna", "gender": "F", "shiny": false, "level": 79, "moves": ["trailblaze", "facade", "headlongrush", "swordsdance"], "ability": "Guts", "evs": {"hp": 85, "atk": 85, "def": 85, "spa": 85, "spd": 85, "spe": 85}, "ivs": {"hp": 31, "atk": 31, "def": 31, "spa": 31, "spd": 31, "spe": 31}, "item": "Flame Orb", "teraType": "Normal", "role": "Bulky Attacker", "bvs": {"hp": 130, "atk": 140, "def": 105, "spa": 45, "spd": 80, "spe": 50}, "stats": {"hp": 335, "atk": 267, "def": 211, "spa": 117, "spd": 172, "spe": 125}, "types": ["Ground", "Normal"]}, "Meowscarada": {"name": "Meowscarada", "species": "Meowscarada", "speciesId": "meowscarada", "gender": "M", "shiny": false, "level": 78, "moves": ["uturn", "knockoff", "toxicspikes", "flowertrick"], "ability": "Protean", "evs": {"hp": 85, "atk": 85, "def": 85, "spa": 85, "spd": 85, "spe": 85}, "ivs": {"hp": 31, "atk": 31, "def": 31, "spa": 31, "spd": 31, "spe": 31}, "item": "Heavy-Duty Boots", "teraType": "Dark", "role": "Fast Support", "bvs": {"hp": 76, "atk": 110, "def": 70, "spa": 81, "spd": 70, "spe": 123}, "stats": {"hp": 247, "atk": 217, "def": 154, "spa": 171, "spd": 154, "spe": 237}, "types": ["Grass", "Dark"]}, "Victreebel": {"name": "Victreebel", "species": "Victreebel", "speciesId": "victreebel", "gender": "F", "shiny": false, "level": 90, "moves": ["sludgewave", "powerwhip", "strengthsap", "knockoff"], "ability": "Chlorophyll", "evs": {"hp": 85, "atk": 85, "def": 85, "spa": 85, "spd": 85, "spe": 85}, "ivs": {"hp": 31, "atk": 31, "def": 31, "spa": 31, "spd": 31, "spe": 31}, "item": "Life Orb", "teraType": "Steel", "role": "Wallbreaker", "bvs": {"hp": 80, "atk": 105, "def": 65, "spa": 100, "spd": 70, "spe": 70}, "stats": {"hp": 290, "atk": 240, "def": 168, "spa": 231, "spd": 177, "spe": 177}, "types": ["Grass", "Poison"]}, "Tauros": {"name": "Tauros", "species": "Tauros-Paldea-Combat", "speciesId": "taurospaldeacombat", "gender": "M", "shiny": false, "level": 82, "moves": ["stoneedge", "ironhead", "closecombat", "earthquake"], "ability": "Intimidate", "evs": {"hp": 85, "atk": 85, "def": 85, "spa": 85, "spd": 85, "spe": 85}, "ivs": {"hp": 31, "atk": 31, "def": 31, "spa": 31, "spd": 31, "spe": 31}, "item": "Choice Band", "teraType": "Steel", "role": "Wallbreaker", "bvs": {"hp": 75, "atk": 110, "def": 105, "spa": 30, "spd": 70, "spe": 100}, "stats": {"hp": 257, "atk": 228, "def": 219, "spa": 96, "spd": 162, "spe": 211}, "types": ["Fighting"]}, "Glimmora": {"name": "Glimmora", "species": "Glimmora", "speciesId": "glimmora", "gender": "M", "shiny": false, "level": 75, "moves": ["spikes", "earthpower", "powergem", "sludgewave"], "ability": "Toxic Debris", "evs": {"hp": 85, "atk": 0, "def": 85, "spa": 85, "spd": 85, "spe": 85}, "ivs": {"hp": 31, "atk": 0, "def": 31, "spa": 31, "spd": 31, "spe": 31}, "item": "Air Balloon", "teraType": "Ground", "role": "Fast Support", "bvs": {"hp": 83, "atk": 55, "def": 90, "spa": 130, "spd": 81, "spe": 86}, "stats": {"hp": 248, "atk": 87, "def": 179, "spa": 239, "spd": 165, "spe": 173}, "types": ["Rock", "Poison"]}}, {"Alcremie": {"name": "Alcremie", "species": "Alcremie-Lemon-Cream", "speciesId": "alcremie", "gender": "F", "shiny": false, "level": 90, "moves": ["alluringvoice", "psyshock", "recover", "calmmind"], "ability": "Aroma Veil", "evs": {"hp": 85, "atk": 0, "def": 85, "spa": 85, "spd": 85, "spe": 85}, "ivs": {"hp": 31, "atk": 0, "def": 31, "spa": 31, "spd": 31, "spe": 31}, "item": "Leftovers", "teraType": "Poison", "role": "Bulky Setup", "bvs": {"hp": 65, "atk": 60, "def": 75, "spa": 110, "spd": 121, "spe": 64}, "stats": {"hp": 263, "atk": 113, "def": 186, "spa": 249, "spd": 269, "spe": 167}, "types": ["Fairy"]}, "Politoed": {"name": "Politoed", "species": "Politoed", "speciesId": "politoed", "gender": "F", "shiny": false, "level": 88, "moves": ["focusblast", "weatherball", "hydropump", "icebeam"], "ability": "Drizzle", "evs": {"hp": 85, "atk": 0, "def": 85, "spa": 85, "spd": 85, "spe": 85}, "ivs": {"hp": 31, "atk": 0, "def": 31, "spa": 31, "spd": 31, "spe": 31}, "item": "Choice Specs", "teraType": "Water", "role": "Fast Attacker", "bvs": {"hp": 90, "atk": 75, "def": 75, "spa": 90, "spd": 100, "spe": 70}, "stats": {"hp": 302, "atk": 137, "def": 182, "spa": 209, "spd": 226, "spe": 173}, "types": ["Water"]}, "Virizion": {"name": "Virizion", "species": "Virizion", "speciesId": "virizion", "gender": "N", "shiny": false, "level": 82, "moves": ["leafblade", "stoneedge", "swordsdance", "closecombat"], "ability": "Justified", "evs": {"hp": 85, "atk": 85, "def": 85, "spa": 85, "spd": 85, "spe": 85}, "ivs": {"hp": 31, "atk": 31, "def": 31, "spa": 31, "spd": 31, "spe": 31}, "item": "Life Orb", "teraType": "Rock", "role": "Setup Sweeper", "bvs": {"hp": 91, "atk": 90, "def": 72, "spa": 90, "spd": 129, "spe": 108}, "stats": {"hp": 283, "atk": 195, "def": 165, "spa": 195, "spd": 259, "spe": 224}, "types": ["Grass", "Fighting"]}, "Jolteon": {"name": "Jolteon", "species": "Jolteon", "speciesId": "jolteon", "gender": "F", "shiny": false, "level": 84, "moves": ["substitute", "thunderbolt", "terablast", "calmmind"], "ability": "Volt Absorb", "evs": {"hp": 85, "atk": 0, "def": 85, "spa": 85, "spd": 85, "spe": 85}, "ivs": {"hp": 31, "atk": 0, "def": 31, "spa": 31, "spd": 31, "spe": 31}, "item": "Leftovers", "teraType": "Ice", "role": "Tera Blast user", "bvs": {"hp": 65, "atk": 65, "def": 60, "spa": 110, "spd": 95, "spe": 130}, "stats": {"hp": 246, "atk": 114, "def": 149, "spa": 233, "spd": 208, "spe": 267}, "types": ["Electric"]}, "Hatterene": {"name": "Hatterene", "species": "Hatterene", "speciesId": "hatterene", "gender": "F", "shiny": false, "level": 85, "moves": ["drainingkiss", "mysticalfire", "psychic", "nuzzle"], "ability": "Magic Bounce", "evs": {"hp": 85, "atk": 85, "def": 85, "spa": 85, "spd": 85, "spe": 85}, "ivs": {"hp": 31, "atk": 31, "def": 31, "spa": 31, "spd": 31, "spe": 31}, "item": "Assault Vest", "teraType": "Fairy", "role": "AV Pivot", "bvs": {"hp": 57, "atk": 90, "def": 95, "spa": 136, "spd": 103, "spe": 29}, "stats": {"hp": 236, "atk": 202, "def": 210, "spa": 280, "spd": 224, "spe": 98}, "types": ["Psychic", "Fairy"]}, "Toxtricity": {"name": "Toxtricity", "species": "Toxtricity", "speciesId": "toxtricity", "gender": "M", "shiny": false, "level": 82, "moves": ["shiftgear", "gunkshot", "overdrive", "boomburst"], "ability": "Punk Rock", "evs": {"hp": 85, "atk": 85, "def": 85, "spa": 85, "spd": 85, "spe": 85}, "ivs": {"hp": 31, "atk": 31, "def": 31, "spa": 31, "spd": 31, "spe": 31}, "item": "Throat Spray", "teraType": "Normal", "role": "Setup Sweeper", "bvs": {"hp": 75, "atk": 98, "def": 70, "spa": 114, "spd": 70, "spe": 75}, "stats": {"hp": 257, "atk": 208, "def": 162, "spa": 234, "spd": 162, "spe": 170}, "types": ["Electric", "Poison"]}}]}