{"id": "gen9randombattle-2641092251", "format": "[Gen 9] Random Battle", "players": ["matsya nyaya", "Crysys1"], "log": "|j|\u2606matsya nyaya\n|j|\u2606Crysys1\n|t:|1782739293\n|gametype|singles\n|player|p1|matsya nyaya|2|2092\n|player|p2|Crysys1|102|2057\n|gen|9\n|tier|[Gen 9] Random Battle\n|rated|\n|rule|Species Clause: Limit one of each Pok\u00e9mon\n|rule|HP Percentage Mod: HP is shown in percentages\n|rule|Sleep Clause Mod: Limit one foe put to sleep\n|rule|Illusion Level Mod: Illusion disguises the Pok\u00e9mon's true level\n|\n|t:|1782739293\n|teamsize|p1|6\n|teamsize|p2|6\n|start\n|switch|p1a: Koraidon|Koraidon, L64|235/235\n|switch|p2a: Basculin|Basculin-Blue-Striped, L86, F|261/261\n|-weather|SunnyDay|[from] ability: Orichalcum Pulse|[of] p1a: Koraidon\n|-activate|p1a: Koraidon|Orichalcum Pulse|[source]\n|turn|1\n|\n|t:|1782739302\n|move|p2a: Basculin|Flip Turn|p1a: Koraidon\n|-resisted|p1a: Koraidon\n|-damage|p1a: Koraidon|202/235\n|\n|t:|1782739313\n|switch|p2a: Mimikyu|Mimikyu, L79, F|216/216|[from] Flip Turn\n|move|p1a: Koraidon|Swords Dance|p1a: Koraidon\n|-boost|p1a: Koraidon|atk|2\n|\n|-weather|SunnyDay|[upkeep]\n|upkeep\n|turn|2\n|\n|t:|1782739331\n|switch|p1a: Perrserker|Perrserker, L89, F|269/269\n|move|p2a: Mimikyu|Play Rough|p1a: Perrserker\n|-resisted|p1a: Perrserker\n|-damage|p1a: Perrserker|227/269\n|-damage|p2a: Mimikyu|195/216|[from] item: Life Orb\n|\n|-weather|SunnyDay|[upkeep]\n|upkeep\n|turn|3\n|\n|t:|1782739338\n|switch|p2a: Reshiram|Reshiram, L76|277/277\n|-ability|p2a: Reshiram|Turboblaze\n|move|p1a: Perrserker|Knock Off|p2a: Reshiram\n|-damage|p2a: Reshiram|126/277\n|-enditem|p2a: Reshiram|Heavy-Duty Boots|[from] move: Knock Off|[of] p1a: Perrserker\n|-damage|p1a: Perrserker|201/269|[from] item: Life Orb\n|\n|-weather|SunnyDay|[upkeep]\n|upkeep\n|turn|4\n|\n|t:|1782739348\n|switch|p1a: Politoed|Politoed, L88, F|302/302\n|-weather|RainDance|[from] ability: Drizzle|[of] p1a: Politoed\n|move|p2a: Reshiram|Will-O-Wisp|p1a: Politoed\n|-status|p1a: Politoed|brn\n|\n|-weather|RainDance|[upkeep]\n|-damage|p1a: Politoed|284/302 brn|[from] brn\n|upkeep\n|turn|5\n|\n|t:|1782739357\n|switch|p2a: Basculin|Basculin-Blue-Striped, L86, F|261/261\n|move|p1a: Politoed|Weather Ball|p2a: Basculin\n|-resisted|p2a: Basculin\n|-damage|p2a: Basculin|103/261\n|\n|-weather|RainDance|[upkeep]\n|-damage|p1a: Politoed|266/302 brn|[from] brn\n|upkeep\n|turn|6\n|\n|t:|1782739366\n|move|p2a: Basculin|Flip Turn|p1a: Politoed\n|-resisted|p1a: Politoed\n|-damage|p1a: Politoed|165/302 brn\n|\n|t:|1782739370\n|switch|p2a: Reshiram|Reshiram, L76|126/277|[from] Flip Turn\n|-ability|p2a: Reshiram|Turboblaze\n|move|p1a: Politoed|Weather Ball|p2a: Reshiram\n|-damage|p2a: Reshiram|0 fnt\n|faint|p2a: Reshiram\n|\n|-weather|RainDance|[upkeep]\n|-damage|p1a: Politoed|147/302 brn|[from] brn\n|upkeep\n|\n|t:|1782739373\n|switch|p2a: Ambipom|Ambipom, L84, F|263/263\n|turn|7\n|\n|t:|1782739396\n|switch|p1a: Misdreavus|Misdreavus, L90, M|254/254\n|move|p2a: Ambipom|Double-Edge|p1a: Misdreavus\n|-immune|p1a: Misdreavus\n|\n|-weather|RainDance|[upkeep]\n|upkeep\n|turn|8\n|\n|t:|1782739404\n|switch|p2a: Basculin|Basculin-Blue-Striped, L86, F|103/261\n|move|p1a: Misdreavus|Will-O-Wisp|p2a: Basculin\n|-status|p2a: Basculin|brn\n|\n|-weather|none\n|-damage|p2a: Basculin|87/261 brn|[from] brn\n|upkeep\n|turn|9\n|\n|t:|1782739423\n|switch|p1a: Farigiraf|Farigiraf, L90, F|362/362\n|move|p2a: Basculin|Wave Crash|p1a: Farigiraf\n|-damage|p1a: Farigiraf|220/362\n|-damage|p2a: Basculin|40/261 brn|[from] Recoil\n|\n|-heal|p1a: Farigiraf|242/362|[from] item: Leftovers\n|-damage|p2a: Basculin|24/261 brn|[from] brn\n|upkeep\n|turn|10\n|\n|t:|1782739444\n|move|p2a: Basculin|Wave Crash|p1a: Farigiraf\n|-damage|p1a: Farigiraf|91/362\n|-damage|p2a: Basculin|0 fnt|[from] Recoil\n|faint|p2a: Basculin\n|move|p1a: Farigiraf|Wish|p1a: Farigiraf\n|\n|-heal|p1a: Farigiraf|113/362|[from] item: Leftovers\n|upkeep\n|\n|t:|1782739456\n|switch|p2a: Blaziken|Blaziken, L76, M|247/247\n|turn|11\n|\n|t:|1782739465\n|-terastallize|p2a: Blaziken|Dark\n|move|p2a: Blaziken|Swords Dance|p2a: Blaziken\n|-boost|p2a: Blaziken|atk|2\n|move|p1a: Farigiraf|Body Slam|p2a: Blaziken\n|-damage|p2a: Blaziken|118/247\n|\n|-heal|p1a: Farigiraf|294/362|[from] move: Wish|[wisher] Farigiraf\n|-heal|p1a: Farigiraf|316/362|[from] item: Leftovers\n|-ability|p2a: Blaziken|Speed Boost|boost\n|-boost|p2a: Blaziken|spe|1\n|upkeep\n|turn|12\n|\n|t:|1782739480\n|switch|p1a: Politoed|Politoed, L88, F|147/302 brn\n|-weather|RainDance|[from] ability: Drizzle|[of] p1a: Politoed\n|move|p2a: Blaziken|Knock Off|p1a: Politoed\n|-damage|p1a: Politoed|0 fnt\n|-enditem|p1a: Politoed|Choice Specs|[from] move: Knock Off|[of] p2a: Blaziken\n|faint|p1a: Politoed\n|-damage|p2a: Blaziken|94/247|[from] item: Life Orb\n|\n|-weather|RainDance|[upkeep]\n|-ability|p2a: Blaziken|Speed Boost|boost\n|-boost|p2a: Blaziken|spe|1\n|upkeep\n|\n|t:|1782739482\n|switch|p1a: Misdreavus|Misdreavus, L90, M|254/254\n|turn|13\n|\n|t:|1782739488\n|-terastallize|p1a: Misdreavus|Fairy\n|move|p2a: Blaziken|Knock Off|p1a: Misdreavus\n|-resisted|p1a: Misdreavus\n|-damage|p1a: Misdreavus|149/254\n|-enditem|p1a: Misdreavus|Eviolite|[from] move: Knock Off|[of] p2a: Blaziken\n|-damage|p2a: Blaziken|70/247|[from] item: Life Orb\n|move|p1a: Misdreavus|Draining Kiss|p2a: Blaziken\n|-supereffective|p2a: Blaziken\n|-damage|p2a: Blaziken|0 fnt\n|-heal|p1a: Misdreavus|202/254|[from] drain|[of] p2a: Blaziken\n|faint|p2a: Blaziken\n|\n|-weather|RainDance|[upkeep]\n|upkeep\n|\n|t:|1782739493\n|switch|p2a: Ambipom|Ambipom, L84, F|263/263\n|turn|14\n|\n|t:|1782739508\n|move|p2a: Ambipom|U-turn|p1a: Misdreavus\n|-resisted|p1a: Misdreavus\n|-damage|p1a: Misdreavus|157/254\n|\n|t:|1782739511\n|switch|p2a: Spectrier|Spectrier, L75|274/274|[from] U-turn\n|move|p1a: Misdreavus|Will-O-Wisp|p2a: Spectrier|[miss]\n|-miss|p1a: Misdreavus|p2a: Spectrier\n|\n|-weather|RainDance|[upkeep]\n|upkeep\n|turn|15\n|\n|t:|1782739526\n|switch|p2a: Ambipom|Ambipom, L84, F|263/263\n|move|p1a: Misdreavus|Shadow Ball|p2a: Ambipom\n|-immune|p2a: Ambipom\n|\n|-weather|RainDance|[upkeep]\n|upkeep\n|turn|16\n|\n|t:|1782739531\n|move|p2a: Ambipom|U-turn|p1a: Misdreavus\n|-resisted|p1a: Misdreavus\n|-damage|p1a: Misdreavus|112/254\n|\n|t:|1782739534\n|switch|p2a: Spectrier|Spectrier, L75|274/274|[from] U-turn\n|move|p1a: Misdreavus|Draining Kiss|p2a: Spectrier\n|-damage|p2a: Spectrier|195/274\n|-heal|p1a: Misdreavus|171/254|[from] drain|[of] p2a: Spectrier\n|\n|-weather|none\n|-heal|p2a: Spectrier|212/274|[from] item: Leftovers\n|upkeep\n|turn|17\n|\n|t:|1782739541\n|move|p2a: Spectrier|Nasty Plot|p2a: Spectrier\n|-boost|p2a: Spectrier|spa|2\n|move|p1a: Misdreavus|Shadow Ball|p2a: Spectrier\n|-supereffective|p2a: Spectrier\n|-damage|p2a: Spectrier|0 fnt\n|faint|p2a: Spectrier\n|\n|upkeep\n|\n|t:|1782739548\n|switch|p2a: Ambipom|Ambipom, L84, F|263/263\n|turn|18\n|\n|t:|1782739554\n|move|p2a: Ambipom|Double-Edge|p1a: Misdreavus\n|-damage|p1a: Misdreavus|0 fnt\n|faint|p1a: Misdreavus\n|-damage|p2a: Ambipom|207/263|[from] Recoil\n|\n|upkeep\n|\n|t:|1782739563\n|switch|p1a: Perrserker|Perrserker, L89, F|201/269\n|turn|19\n|\n|t:|1782739566\n|move|p2a: Ambipom|Double-Edge|p1a: Perrserker\n|-resisted|p1a: Perrserker\n|-damage|p1a: Perrserker|119/269\n|-damage|p2a: Ambipom|180/263|[from] Recoil\n|move|p1a: Perrserker|Iron Head|p2a: Ambipom\n|-damage|p2a: Ambipom|0 fnt\n|faint|p2a: Ambipom\n|-damage|p1a: Perrserker|93/269|[from] item: Life Orb\n|\n|upkeep\n|\n|t:|1782739569\n|switch|p2a: Mimikyu|Mimikyu, L79, F|195/216\n|turn|20\n|\n|t:|1782739576\n|move|p2a: Mimikyu|Swords Dance|p2a: Mimikyu\n|-boost|p2a: Mimikyu|atk|2\n|move|p1a: Perrserker|Iron Head|p2a: Mimikyu\n|-activate|p2a: Mimikyu|ability: Disguise\n|-damage|p2a: Mimikyu|195/216\n|detailschange|p2a: Mimikyu|Mimikyu-Busted, L79, F\n|-damage|p2a: Mimikyu|168/216|[from] pokemon: Mimikyu-Busted\n|-damage|p1a: Perrserker|67/269|[from] item: Life Orb\n|\n|upkeep\n|turn|21\n|\n|t:|1782739580\n|move|p2a: Mimikyu|Shadow Claw|p1a: Perrserker\n|-crit|p1a: Perrserker\n|-damage|p1a: Perrserker|0 fnt\n|faint|p1a: Perrserker\n|-damage|p2a: Mimikyu|147/216|[from] item: Life Orb\n|\n|upkeep\n|\n|t:|1782739582\n|switch|p1a: Koraidon|Koraidon, L64|202/235\n|-weather|SunnyDay|[from] ability: Orichalcum Pulse|[of] p1a: Koraidon\n|-activate|p1a: Koraidon|Orichalcum Pulse|[source]\n|turn|22\n|\n|t:|1782739585\n|move|p1a: Koraidon|Flare Blitz|p2a: Mimikyu\n|-damage|p2a: Mimikyu|0 fnt\n|faint|p2a: Mimikyu\n|-damage|p1a: Koraidon|153/235|[from] Recoil\n|\n|win|matsya nyaya\n", "inputlog": ">version f8ac14003a5f27e1bdc8d8c59608a773c1cb96e5\n>start {\"formatid\":\"gen9randombattle\",\"seed\":\"sodium,1fc4a87372f78e2af87088d3374e216a\",\"rated\":\"Rated battle\"}\n>player p1 {\"name\":\"matsya nyaya\",\"avatar\":\"2\",\"rating\":2092,\"seed\":\"sodium,4573189a14c9a0acbea48c916f8dedc8\"}\n>player p2 {\"name\":\"Crysys1\",\"avatar\":\"102\",\"rating\":2057,\"seed\":\"sodium,31be88b7e143c42c97ef9c59a17cf80d\"}\n>p1 move swordsdance\n>p2 move flipturn\n>p2 switch 6\n>p1 switch 5\n>p2 move playrough\n>p1 move knockoff\n>p2 switch 3\n>p1 switch 4\n>p2 move willowisp\n>p1 move weatherball\n>p2 switch 6\n>p1 move weatherball\n>p2 move flipturn\n>p2 switch 6\n>p2 switch 4\n>p1 switch 6\n>p2 move doubleedge\n>p1 move willowisp\n>p2 switch 6\n>p1 switch 2\n>p2 move wavecrash\n>p1 move wish\n>p2 move wavecrash\n>p2 switch 5\n>p1 move bodyslam\n>p2 move swordsdance terastallize\n>p1 switch 6\n>p2 move knockoff\n>p1 switch 2\n>p1 move drainingkiss terastallize\n>p2 move knockoff\n>p2 switch 6\n>p1 move willowisp\n>p2 move uturn\n>p2 switch 2\n>p1 move shadowball\n>p2 switch 2\n>p1 move drainingkiss\n>p2 move uturn\n>p2 switch 2\n>p1 move shadowball\n>p2 move nastyplot\n>p2 switch 2\n>p1 move drainingkiss\n>p2 move doubleedge\n>p1 switch 4\n>p1 move ironhead\n>p2 move doubleedge\n>p2 switch 3\n>p1 move ironhead\n>p2 move swordsdance\n>p1 move ironhead\n>p2 move shadowclaw\n>p1 switch 5\n>p1 move flareblitz\n>p2 move playrough", "uploadtime": 1782739295, "views": 5, "formatid": "gen9randombattle", "rating": null, "private": 0, "password": null, "player_dets": [{"name": "matsya nyaya", "avatar": "2", "rating": 2092, "seed": "sodium,4573189a14c9a0acbea48c916f8dedc8"}, {"name": "Crysys1", "avatar": "102", "rating": 2057, "seed": "sodium,31be88b7e143c42c97ef9c59a17cf80d"}], "teams_full": [{"Koraidon": {"name": "Koraidon", "species": "Koraidon", "speciesId": "koraidon", "gender": "N", "shiny": false, "level": 64, "moves": ["swordsdance", "flareblitz", "scaleshot", "collisioncourse"], "ability": "Orichalcum Pulse", "evs": {"hp": 85, "atk": 85, "def": 85, "spa": 85, "spd": 85, "spe": 85}, "ivs": {"hp": 31, "atk": 31, "def": 31, "spa": 31, "spd": 31, "spe": 31}, "item": "Loaded Dice", "teraType": "Fire", "role": "Setup Sweeper", "bvs": {"hp": 100, "atk": 135, "def": 115, "spa": 85, "spd": 100, "spe": 135}, "stats": {"hp": 235, "atk": 211, "def": 185, "spa": 147, "spd": 166, "spe": 211}, "types": ["Fighting", "Dragon"]}, "Farigiraf": {"name": "Farigiraf", "species": "Farigiraf", "speciesId": "farigiraf", "gender": "F", "shiny": false, "level": 90, "moves": ["bodyslam", "psychicnoise", "wish", "protect"], "ability": "Sap Sipper", "evs": {"hp": 85, "atk": 85, "def": 85, "spa": 85, "spd": 85, "spe": 85}, "ivs": {"hp": 31, "atk": 31, "def": 31, "spa": 31, "spd": 31, "spe": 31}, "item": "Leftovers", "teraType": "Ground", "role": "Bulky Support", "bvs": {"hp": 120, "atk": 90, "def": 70, "spa": 110, "spd": 70, "spe": 60}, "stats": {"hp": 362, "atk": 213, "def": 177, "spa": 249, "spd": 177, "spe": 159}, "types": ["Normal", "Psychic"]}, "Beartic": {"name": "Beartic", "species": "Beartic", "speciesId": "beartic", "gender": "F", "shiny": false, "level": 91, "moves": ["swordsdance", "iciclecrash", "closecombat", "earthquake"], "ability": "Swift Swim", "evs": {"hp": 85, "atk": 85, "def": 85, "spa": 85, "spd": 85, "spe": 85}, "ivs": {"hp": 31, "atk": 31, "def": 31, "spa": 31, "spd": 31, "spe": 31}, "item": "Heavy-Duty Boots", "teraType": "Fighting", "role": "Wallbreaker", "bvs": {"hp": 95, "atk": 130, "def": 80, "spa": 70, "spd": 80, "spe": 50}, "stats": {"hp": 321, "atk": 288, "def": 197, "spa": 179, "spd": 197, "spe": 143}, "types": ["Ice"]}, "Politoed": {"name": "Politoed", "species": "Politoed", "speciesId": "politoed", "gender": "F", "shiny": false, "level": 88, "moves": ["focusblast", "weatherball", "icebeam", "hydropump"], "ability": "Drizzle", "evs": {"hp": 85, "atk": 0, "def": 85, "spa": 85, "spd": 85, "spe": 85}, "ivs": {"hp": 31, "atk": 0, "def": 31, "spa": 31, "spd": 31, "spe": 31}, "item": "Choice Specs", "teraType": "Water", "role": "Fast Attacker", "bvs": {"hp": 90, "atk": 75, "def": 75, "spa": 90, "spd": 100, "spe": 70}, "stats": {"hp": 302, "atk": 137, "def": 182, "spa": 209, "spd": 226, "spe": 173}, "types": ["Water"]}, "Perrserker": {"name": "Perrserker", "species": "Perrserker", "speciesId": "perrserker", "gender": "F", "shiny": false, "level": 89, "moves": ["stealthrock", "closecombat", "ironhead", "knockoff"], "ability": "Tough Claws", "evs": {"hp": 85, "atk": 85, "def": 85, "spa": 85, "spd": 85, "spe": 85}, "ivs": {"hp": 31, "atk": 31, "def": 31, "spa": 31, "spd": 31, "spe": 31}, "item": "Life Orb", "teraType": "Fighting", "role": "Fast Attacker", "bvs": {"hp": 70, "atk": 110, "def": 100, "spa": 50, "spd": 60, "spe": 50}, "stats": {"hp": 269, "atk": 247, "def": 229, "spa": 140, "spd": 158, "spe": 140}, "types": ["Steel"]}, "Misdreavus": {"name": "Misdreavus", "species": "Misdreavus", "speciesId": "misdreavus", "gender": "M", "shiny": false, "level": 90, "moves": ["shadowball", "willowisp", "drainingkiss", "calmmind"], "ability": "Levitate", "evs": {"hp": 85, "atk": 0, "def": 85, "spa": 85, "spd": 85, "spe": 85}, "ivs": {"hp": 31, "atk": 0, "def": 31, "spa": 31, "spd": 31, "spe": 31}, "item": "Eviolite", "teraType": "Fairy", "role": "Bulky Setup", "bvs": {"hp": 60, "atk": 60, "def": 60, "spa": 85, "spd": 85, "spe": 85}, "stats": {"hp": 254, "atk": 113, "def": 159, "spa": 204, "spd": 204, "spe": 204}, "types": ["Ghost"]}}, {"Basculin": {"name": "Basculin", "species": "Basculin-Blue-Striped", "speciesId": "basculin", "gender": "F", "shiny": false, "level": 86, "moves": ["aquajet", "doubleedge", "wavecrash", "flipturn"], "ability": "Adaptability", "evs": {"hp": 85, "atk": 85, "def": 85, "spa": 85, "spd": 85, "spe": 85}, "ivs": {"hp": 31, "atk": 31, "def": 31, "spa": 31, "spd": 31, "spe": 31}, "item": "Choice Band", "teraType": "Water", "role": "Wallbreaker", "bvs": {"hp": 70, "atk": 92, "def": 65, "spa": 80, "spd": 55, "spe": 98}, "stats": {"hp": 261, "atk": 207, "def": 161, "spa": 187, "spd": 144, "spe": 218}, "types": ["Water"]}, "Spectrier": {"name": "Spectrier", "species": "Spectrier", "speciesId": "spectrier", "gender": "N", "shiny": false, "level": 75, "moves": ["substitute", "shadowball", "nastyplot", "terablast"], "ability": "Grim Neigh", "evs": {"hp": 85, "atk": 0, "def": 85, "spa": 85, "spd": 85, "spe": 85}, "ivs": {"hp": 31, "atk": 0, "def": 31, "spa": 31, "spd": 31, "spe": 31}, "item": "Leftovers", "teraType": "Fighting", "role": "Tera Blast user", "bvs": {"hp": 100, "atk": 65, "def": 60, "spa": 145, "spd": 80, "spe": 130}, "stats": {"hp": 274, "atk": 102, "def": 134, "spa": 261, "spd": 164, "spe": 239}, "types": ["Ghost"]}, "Reshiram": {"name": "Reshiram", "species": "Reshiram", "speciesId": "reshiram", "gender": "N", "shiny": false, "level": 76, "moves": ["willowisp", "dragontail", "dracometeor", "blueflare"], "ability": "Turboblaze", "evs": {"hp": 85, "atk": 85, "def": 85, "spa": 85, "spd": 85, "spe": 85}, "ivs": {"hp": 31, "atk": 31, "def": 31, "spa": 31, "spd": 31, "spe": 31}, "item": "Heavy-Duty Boots", "teraType": "Fire", "role": "Fast Attacker", "bvs": {"hp": 100, "atk": 120, "def": 100, "spa": 150, "spd": 120, "spe": 90}, "stats": {"hp": 277, "atk": 226, "def": 196, "spa": 272, "spd": 226, "spe": 181}, "types": ["Dragon", "Fire"]}, "Ambipom": {"name": "Ambipom", "species": "Ambipom", "speciesId": "ambipom", "gender": "F", "shiny": false, "level": 84, "moves": ["tripleaxel", "knockoff", "uturn", "doubleedge"], "ability": "Technician", "evs": {"hp": 85, "atk": 85, "def": 85, "spa": 85, "spd": 85, "spe": 85}, "ivs": {"hp": 31, "atk": 31, "def": 31, "spa": 31, "spd": 31, "spe": 31}, "item": "Choice Band", "teraType": "Ice", "role": "Fast Attacker", "bvs": {"hp": 75, "atk": 100, "def": 66, "spa": 60, "spd": 66, "spe": 115}, "stats": {"hp": 263, "atk": 216, "def": 159, "spa": 149, "spd": 159, "spe": 241}, "types": ["Normal"]}, "Blaziken": {"name": "Blaziken", "species": "Blaziken", "speciesId": "blaziken", "gender": "M", "shiny": false, "level": 76, "moves": ["flareblitz", "knockoff", "swordsdance", "closecombat"], "ability": "Speed Boost", "evs": {"hp": 85, "atk": 85, "def": 85, "spa": 85, "spd": 85, "spe": 85}, "ivs": {"hp": 31, "atk": 31, "def": 31, "spa": 31, "spd": 31, "spe": 31}, "item": "Life Orb", "teraType": "Dark", "role": "Setup Sweeper", "bvs": {"hp": 80, "atk": 120, "def": 70, "spa": 110, "spd": 70, "spe": 80}, "stats": {"hp": 247, "atk": 226, "def": 150, "spa": 211, "spd": 150, "spe": 166}, "types": ["Fire", "Fighting"]}, "Mimikyu": {"name": "Mimikyu", "species": "Mimikyu", "speciesId": "mimikyu", "gender": "F", "shiny": false, "level": 79, "moves": ["shadowsneak", "shadowclaw", "playrough", "swordsdance"], "ability": "Disguise", "evs": {"hp": 85, "atk": 85, "def": 85, "spa": 85, "spd": 85, "spe": 85}, "ivs": {"hp": 31, "atk": 31, "def": 31, "spa": 31, "spd": 31, "spe": 31}, "item": "Life Orb", "teraType": "Ghost", "role": "Fast Bulky Setup", "bvs": {"hp": 55, "atk": 90, "def": 80, "spa": 50, "spd": 105, "spe": 96}, "stats": {"hp": 216, "atk": 188, "def": 172, "spa": 125, "spd": 211, "spe": 197}, "types": ["Ghost", "Fairy"]}}]}