{"id": "gen9randombattle-2641431690", "format": "[Gen 9] Random Battle", "players": ["Pranith98", "7R1N17Y"], "log": "|j|\u2606Pranith98\n|j|\u203d7R1N17Y\n|t:|1782783826\n|gametype|singles\n|player|p1|Pranith98|2|2018\n|player|p2|7R1N17Y|dawn|2036\n|gen|9\n|tier|[Gen 9] Random Battle\n|rated|\n|rule|Species Clause: Limit one of each Pok\u00e9mon\n|rule|HP Percentage Mod: HP is shown in percentages\n|rule|Sleep Clause Mod: Limit one foe put to sleep\n|rule|Illusion Level Mod: Illusion disguises the Pok\u00e9mon's true level\n|\n|t:|1782783826\n|teamsize|p1|6\n|teamsize|p2|6\n|start\n|switch|p1a: Rotom|Rotom-Frost, L87|229/229\n|switch|p2a: Glimmora|Glimmora, L75, M|248/248\n|turn|1\n|inactive|Battle timer is ON: inactive players will automatically lose when time's up. (requested by 7R1N17Y)\n|\n|t:|1782783833\n|switch|p1a: Palossand|Palossand, L89, F|296/296\n|move|p2a: Glimmora|Meteor Beam||[still]\n|-prepare|p2a: Glimmora|Meteor Beam\n|-boost|p2a: Glimmora|spa|1\n|-enditem|p2a: Glimmora|Power Herb\n|-anim|p2a: Glimmora|Meteor Beam|p1a: Palossand\n|-resisted|p1a: Palossand\n|-crit|p1a: Palossand\n|-damage|p1a: Palossand|144/296\n|\n|-heal|p1a: Palossand|162/296|[from] item: Leftovers\n|upkeep\n|turn|2\n|\n|t:|1782783848\n|-terastallize|p1a: Palossand|Poison\n|move|p2a: Glimmora|Energy Ball|p1a: Palossand\n|-resisted|p1a: Palossand\n|-damage|p1a: Palossand|107/296\n|move|p1a: Palossand|Earth Power|p2a: Glimmora\n|-supereffective|p2a: Glimmora\n|-damage|p2a: Glimmora|0 fnt\n|faint|p2a: Glimmora\n|\n|-heal|p1a: Palossand|125/296|[from] item: Leftovers\n|upkeep\n|\n|t:|1782783854\n|switch|p2a: Sandslash|Sandslash, L89, M|278/278\n|turn|3\n|\n|t:|1782783862\n|move|p2a: Sandslash|Knock Off|p1a: Palossand\n|-damage|p1a: Palossand|59/296\n|-enditem|p1a: Palossand|Leftovers|[from] move: Knock Off|[of] p2a: Sandslash\n|move|p1a: Palossand|Shore Up|p1a: Palossand\n|-heal|p1a: Palossand|207/296\n|\n|upkeep\n|turn|4\n|\n|t:|1782783867\n|switch|p1a: Rotom|Rotom-Frost, L87|229/229\n|move|p2a: Sandslash|Rapid Spin|p1a: Rotom\n|-crit|p1a: Rotom\n|-damage|p1a: Rotom|180/229\n|-boost|p2a: Sandslash|spe|1\n|\n|upkeep\n|turn|5\n|\n|t:|1782783872\n|move|p2a: Sandslash|Knock Off|p1a: Rotom\n|-damage|p1a: Rotom|119/229\n|-enditem|p1a: Rotom|Heavy-Duty Boots|[from] move: Knock Off|[of] p2a: Sandslash\n|move|p1a: Rotom|Will-O-Wisp|p2a: Sandslash\n|-status|p2a: Sandslash|brn\n|\n|-damage|p2a: Sandslash|261/278 brn|[from] brn\n|upkeep\n|turn|6\n|\n|t:|1782783875\n|switch|p2a: Rotom|Rotom, L88|231/231\n|move|p1a: Rotom|Blizzard|p2a: Rotom|[miss]\n|-miss|p1a: Rotom|p2a: Rotom\n|\n|upkeep\n|turn|7\n|\n|t:|1782783882\n|switch|p1a: Sawsbuck|Sawsbuck-Autumn, L88, F|284/284\n|move|p2a: Rotom|Trick|p1a: Sawsbuck\n|-activate|p2a: Rotom|move: Trick|[of] p1a: Sawsbuck\n|-item|p1a: Sawsbuck|Choice Scarf|[from] move: Trick\n|-item|p2a: Rotom|Life Orb|[from] move: Trick\n|\n|upkeep\n|turn|8\n|\n|t:|1782783888\n|move|p1a: Sawsbuck|Horn Leech|p2a: Rotom\n|-damage|p2a: Rotom|141/231\n|move|p2a: Rotom|Volt Switch|p1a: Sawsbuck\n|-resisted|p1a: Sawsbuck\n|-damage|p1a: Sawsbuck|229/284\n|-damage|p2a: Rotom|118/231|[from] item: Life Orb\n|\n|t:|1782783893\n|switch|p2a: Ampharos|Ampharos, L88, M|302/302|[from] Volt Switch\n|\n|upkeep\n|turn|9\n|\n|t:|1782783899\n|switch|p1a: Palossand|Palossand, L89, F, tera:Poison|207/296\n|move|p2a: Ampharos|Focus Blast|p1a: Palossand\n|-resisted|p1a: Palossand\n|-damage|p1a: Palossand|125/296\n|\n|upkeep\n|turn|10\n|\n|t:|1782783909\n|switch|p2a: Rotom|Rotom, L88|118/231\n|move|p1a: Palossand|Shore Up|p1a: Palossand\n|-heal|p1a: Palossand|273/296\n|\n|upkeep\n|turn|11\n|\n|t:|1782783912\n|move|p2a: Rotom|Shadow Ball|p1a: Palossand\n|-damage|p1a: Palossand|139/296\n|-damage|p2a: Rotom|95/231|[from] item: Life Orb\n|move|p1a: Palossand|Shadow Ball|p2a: Rotom\n|-supereffective|p2a: Rotom\n|-damage|p2a: Rotom|0 fnt\n|faint|p2a: Rotom\n|\n|upkeep\n|\n|t:|1782783919\n|switch|p2a: Mewtwo|Mewtwo, L72|272/272\n|-ability|p2a: Mewtwo|Pressure\n|turn|12\n|\n|t:|1782783923\n|switch|p1a: Chi-Yu|Chi-Yu, L77|211/211\n|-ability|p1a: Chi-Yu|Beads of Ruin\n|move|p2a: Mewtwo|Nasty Plot|p2a: Mewtwo\n|-boost|p2a: Mewtwo|spa|2\n|\n|upkeep\n|turn|13\n|\n|t:|1782783939\n|switch|p1a: Palossand|Palossand, L89, F, tera:Poison|139/296\n|-terastallize|p2a: Mewtwo|Fighting\n|move|p2a: Mewtwo|Aura Sphere|p1a: Palossand\n|-resisted|p1a: Palossand\n|-damage|p1a: Palossand|21/296\n|-damage|p2a: Mewtwo|245/272|[from] item: Life Orb\n|\n|upkeep\n|turn|14\n|\n|t:|1782783944\n|move|p2a: Mewtwo|Psystrike|p1a: Palossand\n|-supereffective|p1a: Palossand\n|-damage|p1a: Palossand|0 fnt\n|faint|p1a: Palossand\n|-damage|p2a: Mewtwo|218/272|[from] item: Life Orb\n|\n|upkeep\n|\n|t:|1782783947\n|switch|p1a: Sawsbuck|Sawsbuck-Autumn, L88, F|229/284\n|turn|15\n|\n|t:|1782783950\n|move|p1a: Sawsbuck|Headbutt|p2a: Mewtwo\n|-damage|p2a: Mewtwo|121/272\n|move|p2a: Mewtwo|Aura Sphere|p1a: Sawsbuck\n|-supereffective|p1a: Sawsbuck\n|-damage|p1a: Sawsbuck|0 fnt\n|faint|p1a: Sawsbuck\n|-damage|p2a: Mewtwo|94/272|[from] item: Life Orb\n|\n|upkeep\n|\n|t:|1782783954\n|switch|p1a: Chi-Yu|Chi-Yu, L77|211/211\n|-ability|p1a: Chi-Yu|Beads of Ruin\n|turn|16\n|\n|t:|1782783959\n|move|p1a: Chi-Yu|Psychic|p2a: Mewtwo\n|-supereffective|p2a: Mewtwo\n|-damage|p2a: Mewtwo|0 fnt\n|faint|p2a: Mewtwo\n|\n|upkeep\n|\n|t:|1782783963\n|switch|p2a: Florges|Florges-Orange, L85, F|271/271\n|turn|17\n|\n|t:|1782783969\n|switch|p1a: Toxicroak|Toxicroak, L84, F|277/277\n|move|p2a: Florges|Calm Mind|p2a: Florges\n|-boost|p2a: Florges|spa|1\n|-boost|p2a: Florges|spd|1\n|\n|upkeep\n|turn|18\n|\n|t:|1782783973\n|switch|p2a: Sandslash|Sandslash, L89, M|261/278 brn\n|move|p1a: Toxicroak|Gunk Shot|p2a: Sandslash|[miss]\n|-miss|p1a: Toxicroak|p2a: Sandslash\n|\n|-heal|p2a: Sandslash|278/278 brn|[from] item: Leftovers\n|-damage|p2a: Sandslash|261/278 brn|[from] brn\n|upkeep\n|turn|19\n|\n|t:|1782783977\n|switch|p1a: Rotom|Rotom-Frost, L87|119/229\n|switch|p2a: Florges|Florges-Orange, L85, F|271/271\n|\n|upkeep\n|turn|20\n|\n|t:|1782783981\n|move|p1a: Rotom|Volt Switch|p2a: Florges\n|-damage|p2a: Florges|216/271\n|\n|t:|1782783988\n|switch|p1a: Toxicroak|Toxicroak, L84, F|277/277|[from] Volt Switch\n|move|p2a: Florges|Moonblast|p1a: Toxicroak\n|-damage|p1a: Toxicroak|141/277\n|\n|-heal|p2a: Florges|232/271|[from] item: Leftovers\n|upkeep\n|turn|21\n|\n|t:|1782783991\n|switch|p2a: Sandslash|Sandslash, L89, M|261/278 brn\n|move|p1a: Toxicroak|Gunk Shot|p2a: Sandslash\n|-resisted|p2a: Sandslash\n|-damage|p2a: Sandslash|193/278 brn\n|-damage|p1a: Toxicroak|114/277|[from] item: Life Orb\n|\n|-heal|p2a: Sandslash|210/278 brn|[from] item: Leftovers\n|-damage|p2a: Sandslash|193/278 brn|[from] brn\n|upkeep\n|turn|22\n|\n|t:|1782783996\n|switch|p1a: Rotom|Rotom-Frost, L87|119/229\n|move|p2a: Sandslash|Earthquake|p1a: Rotom\n|-immune|p1a: Rotom|[from] ability: Levitate\n|\n|-heal|p2a: Sandslash|210/278 brn|[from] item: Leftovers\n|-damage|p2a: Sandslash|193/278 brn|[from] brn\n|upkeep\n|turn|23\n|\n|t:|1782784000\n|switch|p2a: Florges|Florges-Orange, L85, F|232/271\n|move|p1a: Rotom|Blizzard|p2a: Florges|[miss]\n|-miss|p1a: Rotom|p2a: Florges\n|\n|-heal|p2a: Florges|248/271|[from] item: Leftovers\n|upkeep\n|turn|24\n|\n|t:|1782784005\n|move|p1a: Rotom|Thunderbolt|p2a: Florges\n|-damage|p2a: Florges|184/271\n|move|p2a: Florges|Moonblast|p1a: Rotom\n|-damage|p1a: Rotom|20/229\n|\n|-heal|p2a: Florges|200/271|[from] item: Leftovers\n|upkeep\n|turn|25\n|\n|t:|1782784008\n|move|p1a: Rotom|Thunderbolt|p2a: Florges\n|-damage|p2a: Florges|136/271\n|move|p2a: Florges|Moonblast|p1a: Rotom\n|-damage|p1a: Rotom|0 fnt\n|faint|p1a: Rotom\n|\n|-heal|p2a: Florges|152/271|[from] item: Leftovers\n|upkeep\n|\n|t:|1782784012\n|switch|p1a: Toxicroak|Toxicroak, L84, F|114/277\n|turn|26\n|\n|t:|1782784014\n|switch|p2a: Sandslash|Sandslash, L89, M|193/278 brn\n|move|p1a: Toxicroak|Close Combat|p2a: Sandslash\n|-damage|p2a: Sandslash|60/278 brn\n|-unboost|p1a: Toxicroak|def|1\n|-unboost|p1a: Toxicroak|spd|1\n|-damage|p1a: Toxicroak|87/277|[from] item: Life Orb\n|\n|-heal|p2a: Sandslash|77/278 brn|[from] item: Leftovers\n|-damage|p2a: Sandslash|60/278 brn|[from] brn\n|upkeep\n|turn|27\n|\n|t:|1782784016\n|move|p1a: Toxicroak|Close Combat|p2a: Sandslash\n|-damage|p2a: Sandslash|0 fnt\n|-unboost|p1a: Toxicroak|def|1\n|-unboost|p1a: Toxicroak|spd|1\n|faint|p2a: Sandslash\n|-damage|p1a: Toxicroak|60/277|[from] item: Life Orb\n|\n|upkeep\n|\n|t:|1782784019\n|switch|p2a: Ampharos|Ampharos, L88, M|302/302\n|turn|28\n|\n|t:|1782784024\n|switch|p1a: Chi-Yu|Chi-Yu, L77|211/211\n|-ability|p1a: Chi-Yu|Beads of Ruin\n|move|p2a: Ampharos|Volt Switch|p1a: Chi-Yu\n|-damage|p1a: Chi-Yu|88/211\n|\n|t:|1782784026\n|switch|p2a: Florges|Florges-Orange, L85, F|152/271|[from] Volt Switch\n|\n|-heal|p2a: Florges|168/271|[from] item: Leftovers\n|upkeep\n|turn|29\n|\n|t:|1782784030\n|move|p1a: Chi-Yu|Overheat|p2a: Florges\n|-damage|p2a: Florges|47/271\n|-unboost|p1a: Chi-Yu|spa|2\n|move|p2a: Florges|Wish|p2a: Florges\n|\n|-heal|p2a: Florges|63/271|[from] item: Leftovers\n|upkeep\n|turn|30\n|\n|t:|1782784034\n|switch|p1a: Toxicroak|Toxicroak, L84, F|60/277\n|move|p2a: Florges|Protect||[still]\n|-fail|p2a: Florges\n|\n|-heal|p2a: Florges|198/271|[from] move: Wish|[wisher] Florges\n|-heal|p2a: Florges|214/271|[from] item: Leftovers\n|upkeep\n|turn|31\n|\n|t:|1782784038\n|switch|p2a: Ampharos|Ampharos, L88, M|302/302\n|move|p1a: Toxicroak|Gunk Shot|p2a: Ampharos\n|-damage|p2a: Ampharos|123/302\n|-status|p2a: Ampharos|psn\n|-damage|p1a: Toxicroak|33/277|[from] item: Life Orb\n|\n|-damage|p2a: Ampharos|86/302 psn|[from] psn\n|upkeep\n|turn|32\n|\n|t:|1782784048\n|switch|p1a: Chi-Yu|Chi-Yu, L77|88/211\n|-ability|p1a: Chi-Yu|Beads of Ruin\n|move|p2a: Ampharos|Volt Switch|p1a: Chi-Yu\n|-crit|p1a: Chi-Yu\n|-damage|p1a: Chi-Yu|0 fnt\n|faint|p1a: Chi-Yu\n|\n|t:|1782784050\n|switch|p2a: Florges|Florges-Orange, L85, F|214/271|[from] Volt Switch\n|\n|-heal|p2a: Florges|230/271|[from] item: Leftovers\n|upkeep\n|\n|t:|1782784052\n|switch|p1a: Toxicroak|Toxicroak, L84, F|33/277\n|turn|33\n|\n|t:|1782784054\n|switch|p2a: Ampharos|Ampharos, L88, M|86/302 psn\n|move|p1a: Toxicroak|Gunk Shot|p2a: Ampharos\n|-damage|p2a: Ampharos|0 fnt\n|faint|p2a: Ampharos\n|-damage|p1a: Toxicroak|6/277|[from] item: Life Orb\n|\n|upkeep\n|\n|t:|1782784055\n|switch|p2a: Florges|Florges-Orange, L85, F|230/271\n|turn|34\n|\n|t:|1782784057\n|move|p2a: Florges|Protect|p2a: Florges\n|-singleturn|p2a: Florges|Protect\n|move|p1a: Toxicroak|Gunk Shot|p2a: Florges\n|-activate|p2a: Florges|move: Protect\n|\n|-heal|p2a: Florges|246/271|[from] item: Leftovers\n|upkeep\n|turn|35\n|\n|t:|1782784059\n|move|p1a: Toxicroak|Gunk Shot|p2a: Florges\n|-supereffective|p2a: Florges\n|-damage|p2a: Florges|0 fnt\n|faint|p2a: Florges\n|-damage|p1a: Toxicroak|0 fnt|[from] item: Life Orb\n|faint|p1a: Toxicroak\n|\n|win|Pranith98\n", "inputlog": ">version f8ac14003a5f27e1bdc8d8c59608a773c1cb96e5\n>start {\"formatid\":\"gen9randombattle\",\"seed\":\"sodium,8400bc4015bace32b32ff2ed21682e19\",\"rated\":\"Rated battle\"}\n>player p1 {\"name\":\"Pranith98\",\"avatar\":\"2\",\"rating\":2018,\"seed\":\"sodium,a7f97dfea05eed64e5da53fd1726cdb4\"}\n>player p2 {\"name\":\"7R1N17Y\",\"avatar\":\"dawn\",\"rating\":2036,\"seed\":\"sodium,3fd7080bc60ad66142e028507959645a\"}\n>p1 switch 2\n>p2 move meteorbeam\n>p1 move earthpower terastallize\n>p2 move energyball\n>p2 switch 4\n>p1 move shoreup\n>p2 move knockoff\n>p1 switch 2\n>p2 move rapidspin\n>p1 move willowisp\n>p2 move knockoff\n>p1 move blizzard\n>p2 switch 3\n>p1 switch 3\n>p2 move trick\n>p1 move hornleech\n>p2 move voltswitch\n>p2 switch 6\n>p1 switch 2\n>p2 move focusblast\n>p1 move shoreup\n>p2 switch 6\n>p1 move shadowball\n>p2 move shadowball\n>p2 switch 5\n>p1 switch 6\n>p2 move nastyplot\n>p1 switch 6\n>p2 move aurasphere terastallize\n>p1 move shoreup\n>p2 move psystrike\n>p1 switch 2\n>p1 move headbutt\n>p2 move aurasphere\n>p1 switch 6\n>p1 move psychic\n>p2 move aurasphere\n>p2 switch 2\n>p1 switch 4\n>p2 move calmmind\n>p1 move gunkshot\n>p2 switch 3\n>p1 switch 3\n>p2 switch 3\n>p1 move voltswitch\n>p2 move moonblast\n>p1 switch 3\n>p1 move gunkshot\n>p2 switch 3\n>p1 switch 3\n>p2 move earthquake\n>p1 move blizzard\n>p2 switch 3\n>p1 move thunderbolt\n>p2 move moonblast\n>p1 move thunderbolt\n>p2 move moonblast\n>p1 switch 3\n>p1 move closecombat\n>p2 switch 3\n>p1 move closecombat\n>p2 move earthquake\n>p2 switch 6\n>p1 switch 4\n>p2 move voltswitch\n>p2 switch 3\n>p1 move overheat\n>p2 move wish\n>p1 switch 4\n>p2 move protect\n>p1 move gunkshot\n>p2 switch 3\n>p1 switch 4\n>p2 move voltswitch\n>p2 switch 3\n>p1 switch 4\n>p1 move gunkshot\n>p2 switch 3\n>p2 switch 3\n>p1 move gunkshot\n>p2 move protect\n>p1 move gunkshot\n>p2 move moonblast", "uploadtime": 1782783828, "views": 4, "formatid": "gen9randombattle", "rating": null, "private": 0, "password": null, "player_dets": [{"name": "Pranith98", "avatar": "2", "rating": 2018, "seed": "sodium,a7f97dfea05eed64e5da53fd1726cdb4"}, {"name": "7R1N17Y", "avatar": "dawn", "rating": 2036, "seed": "sodium,3fd7080bc60ad66142e028507959645a"}], "teams_full": [{"Rotom": {"name": "Rotom", "species": "Rotom-Frost", "speciesId": "rotomfrost", "gender": "N", "shiny": false, "level": 87, "moves": ["voltswitch", "willowisp", "thunderbolt", "blizzard"], "ability": "Levitate", "evs": {"hp": 85, "atk": 0, "def": 85, "spa": 85, "spd": 85, "spe": 85}, "ivs": {"hp": 31, "atk": 0, "def": 31, "spa": 31, "spd": 31, "spe": 31}, "item": "Heavy-Duty Boots", "teraType": "Electric", "role": "Fast Attacker", "bvs": {"hp": 50, "atk": 65, "def": 107, "spa": 105, "spd": 107, "spe": 86}, "stats": {"hp": 229, "atk": 118, "def": 236, "spa": 232, "spd": 236, "spe": 199}, "types": ["Electric", "Ice"]}, "Palossand": {"name": "Palossand", "species": "Palossand", "speciesId": "palossand", "gender": "F", "shiny": false, "level": 89, "moves": ["sludgebomb", "shadowball", "shoreup", "earthpower"], "ability": "Water Compaction", "evs": {"hp": 85, "atk": 0, "def": 85, "spa": 85, "spd": 85, "spe": 85}, "ivs": {"hp": 31, "atk": 0, "def": 31, "spa": 31, "spd": 31, "spe": 31}, "item": "Leftovers", "teraType": "Poison", "role": "Bulky Support", "bvs": {"hp": 85, "atk": 75, "def": 110, "spa": 100, "spd": 75, "spe": 35}, "stats": {"hp": 296, "atk": 138, "def": 247, "spa": 229, "spd": 184, "spe": 113}, "types": ["Ghost", "Ground"]}, "Sawsbuck": {"name": "Sawsbuck", "species": "Sawsbuck-Autumn", "speciesId": "sawsbuck", "gender": "F", "shiny": false, "level": 88, "moves": ["headbutt", "swordsdance", "hornleech", "highhorsepower"], "ability": "Serene Grace", "evs": {"hp": 85, "atk": 85, "def": 85, "spa": 85, "spd": 85, "spe": 85}, "ivs": {"hp": 31, "atk": 31, "def": 31, "spa": 31, "spd": 31, "spe": 31}, "item": "Life Orb", "teraType": "Normal", "role": "Fast Attacker", "bvs": {"hp": 80, "atk": 100, "def": 70, "spa": 60, "spd": 70, "spe": 95}, "stats": {"hp": 284, "atk": 226, "def": 173, "spa": 156, "spd": 173, "spe": 217}, "types": ["Normal", "Grass"]}, "Toxicroak": {"name": "Toxicroak", "species": "Toxicroak", "speciesId": "toxicroak", "gender": "F", "shiny": false, "level": 84, "moves": ["earthquake", "swordsdance", "gunkshot", "closecombat"], "ability": "Dry Skin", "evs": {"hp": 85, "atk": 85, "def": 85, "spa": 85, "spd": 85, "spe": 85}, "ivs": {"hp": 31, "atk": 31, "def": 31, "spa": 31, "spd": 31, "spe": 31}, "item": "Life Orb", "teraType": "Ground", "role": "Setup Sweeper", "bvs": {"hp": 83, "atk": 106, "def": 65, "spa": 86, "spd": 65, "spe": 85}, "stats": {"hp": 277, "atk": 226, "def": 157, "spa": 193, "spd": 157, "spe": 191}, "types": ["Poison", "Fighting"]}, "Annihilape": {"name": "Annihilape", "species": "Annihilape", "speciesId": "annihilape", "gender": "M", "shiny": false, "level": 76, "moves": ["drainpunch", "ragefist", "bulkup", "rest"], "ability": "Defiant", "evs": {"hp": 85, "atk": 85, "def": 85, "spa": 85, "spd": 85, "spe": 85}, "ivs": {"hp": 31, "atk": 31, "def": 31, "spa": 31, "spd": 31, "spe": 31}, "item": "Chesto Berry", "teraType": "Fairy", "role": "Bulky Setup", "bvs": {"hp": 110, "atk": 115, "def": 80, "spa": 50, "spd": 90, "spe": 90}, "stats": {"hp": 292, "atk": 219, "def": 166, "spa": 120, "spd": 181, "spe": 181}, "types": ["Fighting", "Ghost"]}, "Chi-Yu": {"name": "Chi-Yu", "species": "Chi-Yu", "speciesId": "chiyu", "gender": "N", "shiny": false, "level": 77, "moves": ["darkpulse", "flamethrower", "overheat", "psychic"], "ability": "Beads of Ruin", "evs": {"hp": 85, "atk": 0, "def": 85, "spa": 85, "spd": 85, "spe": 85}, "ivs": {"hp": 31, "atk": 0, "def": 31, "spa": 31, "spd": 31, "spe": 31}, "item": "Choice Scarf", "teraType": "Dark", "role": "Fast Attacker", "bvs": {"hp": 55, "atk": 80, "def": 80, "spa": 135, "spd": 120, "spe": 100}, "stats": {"hp": 211, "atk": 128, "def": 168, "spa": 252, "spd": 229, "spe": 199}, "types": ["Dark", "Fire"]}}, {"Glimmora": {"name": "Glimmora", "species": "Glimmora", "speciesId": "glimmora", "gender": "M", "shiny": false, "level": 75, "moves": ["sludgewave", "meteorbeam", "energyball", "earthpower"], "ability": "Toxic Debris", "evs": {"hp": 85, "atk": 0, "def": 85, "spa": 85, "spd": 85, "spe": 85}, "ivs": {"hp": 31, "atk": 0, "def": 31, "spa": 31, "spd": 31, "spe": 31}, "item": "Power Herb", "teraType": "Grass", "role": "Setup Sweeper", "bvs": {"hp": 83, "atk": 55, "def": 90, "spa": 130, "spd": 81, "spe": 86}, "stats": {"hp": 248, "atk": 87, "def": 179, "spa": 239, "spd": 165, "spe": 173}, "types": ["Rock", "Poison"]}, "Florges": {"name": "Florges", "species": "Florges-Orange", "speciesId": "florges", "gender": "F", "shiny": false, "level": 85, "moves": ["wish", "moonblast", "calmmind", "protect"], "ability": "Flower Veil", "evs": {"hp": 85, "atk": 0, "def": 85, "spa": 85, "spd": 85, "spe": 85}, "ivs": {"hp": 31, "atk": 0, "def": 31, "spa": 31, "spd": 31, "spe": 31}, "item": "Leftovers", "teraType": "Steel", "role": "Bulky Setup", "bvs": {"hp": 78, "atk": 65, "def": 68, "spa": 112, "spd": 154, "spe": 75}, "stats": {"hp": 271, "atk": 115, "def": 164, "spa": 239, "spd": 311, "spe": 176}, "types": ["Fairy"]}, "Rotom": {"name": "Rotom", "species": "Rotom", "speciesId": "rotom", "gender": "N", "shiny": false, "level": 88, "moves": ["voltswitch", "thunderbolt", "shadowball", "trick"], "ability": "Levitate", "evs": {"hp": 85, "atk": 0, "def": 85, "spa": 85, "spd": 85, "spe": 85}, "ivs": {"hp": 31, "atk": 0, "def": 31, "spa": 31, "spd": 31, "spe": 31}, "item": "Choice Scarf", "teraType": "Electric", "role": "Fast Attacker", "bvs": {"hp": 50, "atk": 50, "def": 77, "spa": 95, "spd": 77, "spe": 91}, "stats": {"hp": 231, "atk": 93, "def": 186, "spa": 217, "spd": 186, "spe": 210}, "types": ["Electric", "Ghost"]}, "Sandslash": {"name": "Sandslash", "species": "Sandslash", "speciesId": "sandslash", "gender": "M", "shiny": false, "level": 89, "moves": ["earthquake", "knockoff", "swordsdance", "rapidspin"], "ability": "Sand Rush", "evs": {"hp": 85, "atk": 85, "def": 85, "spa": 85, "spd": 85, "spe": 85}, "ivs": {"hp": 31, "atk": 31, "def": 31, "spa": 31, "spd": 31, "spe": 31}, "item": "Leftovers", "teraType": "Dragon", "role": "Bulky Support", "bvs": {"hp": 75, "atk": 100, "def": 110, "spa": 45, "spd": 55, "spe": 65}, "stats": {"hp": 278, "atk": 229, "def": 247, "spa": 131, "spd": 149, "spe": 166}, "types": ["Ground"]}, "Mewtwo": {"name": "Mewtwo", "species": "Mewtwo", "speciesId": "mewtwo", "gender": "N", "shiny": false, "level": 72, "moves": ["nastyplot", "aurasphere", "psystrike", "recover"], "ability": "Pressure", "evs": {"hp": 85, "atk": 0, "def": 85, "spa": 85, "spd": 85, "spe": 85}, "ivs": {"hp": 31, "atk": 0, "def": 31, "spa": 31, "spd": 31, "spe": 31}, "item": "Life Orb", "teraType": "Fighting", "role": "Setup Sweeper", "bvs": {"hp": 106, "atk": 110, "def": 90, "spa": 154, "spd": 90, "spe": 130}, "stats": {"hp": 272, "atk": 163, "def": 172, "spa": 264, "spd": 172, "spe": 229}, "types": ["Psychic"]}, "Ampharos": {"name": "Ampharos", "species": "Ampharos", "speciesId": "ampharos", "gender": "M", "shiny": false, "level": 88, "moves": ["voltswitch", "thunderbolt", "dazzlinggleam", "focusblast"], "ability": "Static", "evs": {"hp": 85, "atk": 0, "def": 85, "spa": 85, "spd": 85, "spe": 85}, "ivs": {"hp": 31, "atk": 0, "def": 31, "spa": 31, "spd": 31, "spe": 31}, "item": "Choice Specs", "teraType": "Fairy", "role": "Wallbreaker", "bvs": {"hp": 90, "atk": 75, "def": 85, "spa": 115, "spd": 90, "spe": 55}, "stats": {"hp": 302, "atk": 137, "def": 200, "spa": 253, "spd": 209, "spe": 147}, "types": ["Electric"]}}]}