{"id": "gen9randombattle-2641466296", "format": "[Gen 9] Random Battle", "players": ["JayCroc", "mr012"], "log": "|j|\u2606JayCroc\n|j|\u2606mr012\n|t:|1782789155\n|gametype|singles\n|player|p1|JayCroc|ivor|1963\n|player|p2|mr012|169|1965\n|gen|9\n|tier|[Gen 9] Random Battle\n|rated|\n|rule|Species Clause: Limit one of each Pok\u00e9mon\n|rule|HP Percentage Mod: HP is shown in percentages\n|rule|Sleep Clause Mod: Limit one foe put to sleep\n|rule|Illusion Level Mod: Illusion disguises the Pok\u00e9mon's true level\n|\n|t:|1782789155\n|teamsize|p1|6\n|teamsize|p2|6\n|start\n|switch|p1a: Toedscruel|Toedscruel, L87, F|281/281\n|switch|p2a: Ribombee|Ribombee, L83, M|235/235\n|turn|1\n|inactive|Battle timer is ON: inactive players will automatically lose when time's up. (requested by mr012)\n|\n|t:|1782789163\n|move|p2a: Ribombee|Bug Buzz|p1a: Toedscruel\n|-supereffective|p1a: Toedscruel\n|-damage|p1a: Toedscruel|153/281\n|-unboost|p1a: Toedscruel|spd|1\n|move|p1a: Toedscruel|Toxic|p2a: Ribombee\n|-status|p2a: Ribombee|tox\n|\n|-heal|p1a: Toedscruel|170/281|[from] item: Leftovers\n|-damage|p2a: Ribombee|221/235 tox|[from] psn\n|upkeep\n|turn|2\n|\n|t:|1782789182\n|switch|p1a: Jolteon|Jolteon, L84, M|246/246\n|move|p2a: Ribombee|Bug Buzz|p1a: Jolteon\n|-damage|p1a: Jolteon|150/246\n|\n|-damage|p2a: Ribombee|193/235 tox|[from] psn\n|upkeep\n|turn|3\n|l|\u2606mr012\n|inactive|mr012 disconnected and has a minute to reconnect!\n|player|p2|\n|inactive|mr012 has 30 seconds to reconnect!\n|inactive|mr012 has 20 seconds to reconnect!\n|j|\u2606mr012\n|inactive|mr012 reconnected and has 110 seconds left.\n|player|p2|mr012|169|\n|\n|t:|1782789225\n|move|p1a: Jolteon|Calm Mind|p1a: Jolteon\n|-boost|p1a: Jolteon|spa|1\n|-boost|p1a: Jolteon|spd|1\n|move|p2a: Ribombee|Sticky Web|p1a: Jolteon\n|-sidestart|p1: JayCroc|move: Sticky Web\n|\n|-damage|p2a: Ribombee|151/235 tox|[from] psn\n|upkeep\n|turn|4\n|\n|t:|1782789236\n|switch|p2a: Electivire|Electivire, L84, M|263/263\n|move|p1a: Jolteon|Thunderbolt|p2a: Electivire\n|-ability|p2a: Electivire|Motor Drive|boost\n|-boost|p2a: Electivire|spe|1\n|\n|upkeep\n|turn|5\n|\n|t:|1782789244\n|switch|p1a: Kommo-o|Kommo-o, L78, F|245/245\n|-activate|p1a: Kommo-o|move: Sticky Web\n|-unboost|p1a: Kommo-o|spe|1\n|move|p2a: Electivire|Earthquake|p1a: Kommo-o\n|-damage|p1a: Kommo-o|148/245\n|-damage|p2a: Electivire|237/263|[from] item: Life Orb\n|\n|upkeep\n|turn|6\n|\n|t:|1782789252\n|switch|p1a: Gothitelle|Gothitelle, L90, M|272/272\n|-activate|p1a: Gothitelle|move: Sticky Web\n|-unboost|p1a: Gothitelle|spe|1\n|move|p2a: Electivire|Ice Punch|p1a: Gothitelle\n|-damage|p1a: Gothitelle|204/272\n|-damage|p2a: Electivire|211/263|[from] item: Life Orb\n|\n|-heal|p1a: Gothitelle|221/272|[from] item: Leftovers\n|upkeep\n|turn|7\n|\n|t:|1782789268\n|move|p2a: Electivire|Supercell Slam|p1a: Gothitelle\n|-damage|p1a: Gothitelle|68/272\n|-damage|p2a: Electivire|185/263|[from] item: Life Orb\n|move|p1a: Gothitelle|Focus Blast|p2a: Electivire|[miss]\n|-miss|p1a: Gothitelle|p2a: Electivire\n|\n|-heal|p1a: Gothitelle|85/272|[from] item: Leftovers\n|upkeep\n|turn|8\n|\n|t:|1782789276\n|move|p2a: Electivire|Earthquake|p1a: Gothitelle\n|-damage|p1a: Gothitelle|0 fnt\n|faint|p1a: Gothitelle\n|-damage|p2a: Electivire|159/263|[from] item: Life Orb\n|\n|upkeep\n|\n|t:|1782789286\n|switch|p1a: Heatran|Heatran, L79, M|273/273\n|-item|p1a: Heatran|Air Balloon\n|turn|9\n|\n|t:|1782789293\n|move|p2a: Electivire|Supercell Slam|p1a: Heatran|[miss]\n|-miss|p2a: Electivire|p1a: Heatran\n|-damage|p2a: Electivire|28/263|[from] supercellslam\n|move|p1a: Heatran|Earth Power|p2a: Electivire\n|-supereffective|p2a: Electivire\n|-damage|p2a: Electivire|0 fnt\n|faint|p2a: Electivire\n|\n|upkeep\n|\n|t:|1782789303\n|switch|p2a: Girafarig|Girafarig, L89, M|269/269\n|turn|10\n|\n|t:|1782789309\n|move|p2a: Girafarig|Nasty Plot|p2a: Girafarig\n|-boost|p2a: Girafarig|spa|2\n|move|p1a: Heatran|Lava Plume|p2a: Girafarig\n|-damage|p2a: Girafarig|199/269\n|-status|p2a: Girafarig|brn\n|\n|-damage|p2a: Girafarig|183/269 brn|[from] brn\n|upkeep\n|turn|11\n|\n|t:|1782789325\n|switch|p1a: Jolteon|Jolteon, L84, M|150/246\n|-activate|p1a: Jolteon|move: Sticky Web\n|-unboost|p1a: Jolteon|spe|1\n|move|p2a: Girafarig|Shadow Ball|p1a: Jolteon\n|-damage|p1a: Jolteon|33/246\n|\n|-damage|p2a: Girafarig|167/269 brn|[from] brn\n|upkeep\n|turn|12\n|\n|t:|1782789335\n|move|p2a: Girafarig|Shadow Ball|p1a: Jolteon\n|-damage|p1a: Jolteon|0 fnt\n|faint|p1a: Jolteon\n|\n|-damage|p2a: Girafarig|151/269 brn|[from] brn\n|upkeep\n|\n|t:|1782789341\n|switch|p1a: Toedscruel|Toedscruel, L87, F|170/281\n|-activate|p1a: Toedscruel|move: Sticky Web\n|-unboost|p1a: Toedscruel|spe|1\n|turn|13\n|\n|t:|1782789345\n|move|p2a: Girafarig|Psychic|p1a: Toedscruel\n|-damage|p1a: Toedscruel|13/281\n|move|p1a: Toedscruel|Rapid Spin|p2a: Girafarig\n|-damage|p2a: Girafarig|126/269 brn\n|-boost|p1a: Toedscruel|spe|1\n|-sideend|p1: JayCroc|Sticky Web|[from] move: Rapid Spin|[of] p1a: Toedscruel\n|\n|-heal|p1a: Toedscruel|30/281|[from] item: Leftovers\n|-damage|p2a: Girafarig|110/269 brn|[from] brn\n|upkeep\n|turn|14\n|\n|t:|1782789354\n|move|p1a: Toedscruel|Giga Drain|p2a: Girafarig\n|-ability|p2a: Girafarig|Sap Sipper|boost\n|-boost|p2a: Girafarig|atk|1\n|move|p2a: Girafarig|Psychic|p1a: Toedscruel\n|-damage|p1a: Toedscruel|0 fnt\n|faint|p1a: Toedscruel\n|\n|-damage|p2a: Girafarig|94/269 brn|[from] brn\n|upkeep\n|\n|t:|1782789375\n|switch|p1a: Mewtwo|Mewtwo, L72|272/272\n|-ability|p1a: Mewtwo|Unnerve\n|turn|15\n|\n|t:|1782789381\n|-terastallize|p1a: Mewtwo|Fire\n|move|p1a: Mewtwo|Fire Blast|p2a: Girafarig\n|-crit|p2a: Girafarig\n|-damage|p2a: Girafarig|0 fnt\n|faint|p2a: Girafarig\n|-damage|p1a: Mewtwo|245/272|[from] item: Life Orb\n|\n|upkeep\n|\n|t:|1782789395\n|switch|p2a: Regigigas|Regigigas, L84|322/322\n|-start|p2a: Regigigas|ability: Slow Start\n|turn|16\n|\n|t:|1782789399\n|move|p1a: Mewtwo|Nasty Plot|p1a: Mewtwo\n|-boost|p1a: Mewtwo|spa|2\n|move|p2a: Regigigas|Body Slam|p1a: Mewtwo\n|-damage|p1a: Mewtwo|166/272\n|-status|p1a: Mewtwo|par\n|\n|upkeep\n|turn|17\n|\n|t:|1782789406\n|move|p1a: Mewtwo|Fire Blast|p2a: Regigigas\n|-damage|p2a: Regigigas|53/322\n|-damage|p1a: Mewtwo|139/272 par|[from] item: Life Orb\n|move|p2a: Regigigas|Body Slam|p1a: Mewtwo\n|-damage|p1a: Mewtwo|60/272 par\n|\n|-heal|p2a: Regigigas|73/322|[from] item: Leftovers\n|upkeep\n|turn|18\n|\n|t:|1782789415\n|move|p1a: Mewtwo|Psystrike|p2a: Regigigas\n|-damage|p2a: Regigigas|0 fnt\n|faint|p2a: Regigigas\n|-end|p2a: Regigigas|Slow Start|[silent]\n|-damage|p1a: Mewtwo|33/272 par|[from] item: Life Orb\n|\n|upkeep\n|\n|t:|1782789425\n|switch|p2a: Ribombee|Ribombee, L83, M|151/235 tox\n|turn|19\n|\n|t:|1782789429\n|switch|p1a: Heatran|Heatran, L79, M|273/273\n|-item|p1a: Heatran|Air Balloon\n|move|p2a: Ribombee|Moonblast|p1a: Heatran\n|-resisted|p1a: Heatran\n|-damage|p1a: Heatran|251/273\n|-enditem|p1a: Heatran|Air Balloon\n|\n|-damage|p2a: Ribombee|137/235 tox|[from] psn\n|upkeep\n|turn|20\n|\n|t:|1782789439\n|move|p2a: Ribombee|Sticky Web|p1a: Heatran\n|-sidestart|p1: JayCroc|move: Sticky Web\n|move|p1a: Heatran|Heavy Slam|p2a: Ribombee\n|-supereffective|p2a: Ribombee\n|-damage|p2a: Ribombee|0 fnt\n|faint|p2a: Ribombee\n|\n|upkeep\n|\n|t:|1782789445\n|switch|p2a: Cloyster|Cloyster, L80, F|211/211\n|turn|21\n|\n|t:|1782789457\n|move|p1a: Heatran|Lava Plume|p2a: Cloyster\n|-damage|p2a: Cloyster|57/211\n|move|p2a: Cloyster|Shell Smash|p2a: Cloyster\n|-unboost|p2a: Cloyster|def|1\n|-unboost|p2a: Cloyster|spd|1\n|-boost|p2a: Cloyster|atk|2\n|-boost|p2a: Cloyster|spa|2\n|-boost|p2a: Cloyster|spe|2\n|-enditem|p2a: Cloyster|White Herb\n|-clearnegativeboost|p2a: Cloyster|[silent]\n|\n|upkeep\n|turn|22\n|\n|t:|1782789466\n|move|p2a: Cloyster|Hydro Pump|p1a: Heatran\n|-supereffective|p1a: Heatran\n|-damage|p1a: Heatran|0 fnt\n|faint|p1a: Heatran\n|\n|upkeep\n|-message|JayCroc forfeited.\n|\n|win|mr012\n", "inputlog": ">version f8ac14003a5f27e1bdc8d8c59608a773c1cb96e5\n>start {\"formatid\":\"gen9randombattle\",\"seed\":\"sodium,b8164e2a3c21398680a879ca9a8e2ae6\",\"rated\":\"Rated battle\"}\n>player p1 {\"name\":\"JayCroc\",\"avatar\":\"ivor\",\"rating\":1963,\"seed\":\"sodium,263d597c808b57520ff5fd088f6d0492\"}\n>player p2 {\"name\":\"mr012\",\"avatar\":\"169\",\"rating\":1965,\"seed\":\"sodium,771a5f9e11b854263fc48d6126e0727d\"}\n>p1 move toxic\n>p2 move bugbuzz\n>p1 switch 5\n>p2 move bugbuzz\n>p1 move calmmind\n>p2 move stickyweb\n>p1 move thunderbolt\n>p2 switch 5\n>p1 switch 3\n>p2 move earthquake\n>p1 switch 6\n>p2 move icepunch\n>p1 move focusblast\n>p2 move supercellslam\n>p1 move psychicnoise\n>p2 move earthquake\n>p1 switch 4\n>p1 move earthpower\n>p2 move supercellslam\n>p2 switch 4\n>p1 move lavaplume\n>p2 move nastyplot\n>p1 switch 3\n>p2 move shadowball\n>p1 move shadowball\n>p2 move shadowball\n>p1 switch 5\n>p1 move rapidspin\n>p2 move psychic\n>p1 move gigadrain\n>p2 move psychic\n>p1 switch 2\n>p1 move fireblast terastallize\n>p2 move dazzlinggleam\n>p2 switch 3\n>p1 move nastyplot\n>p2 move bodyslam\n>p1 move fireblast\n>p2 move bodyslam\n>p1 move psystrike\n>p2 move bodyslam\n>p2 switch 5\n>p1 switch 3\n>p2 move moonblast\n>p1 move heavyslam\n>p2 move stickyweb\n>p2 switch 6\n>p1 move lavaplume\n>p2 move shellsmash\n>p1 move lavaplume\n>p2 move hydropump\n>forcelose p1", "uploadtime": 1782789158, "views": 4, "formatid": "gen9randombattle", "rating": null, "private": 0, "password": null, "player_dets": [{"name": "JayCroc", "avatar": "ivor", "rating": 1963, "seed": "sodium,263d597c808b57520ff5fd088f6d0492"}, {"name": "mr012", "avatar": "169", "rating": 1965, "seed": "sodium,771a5f9e11b854263fc48d6126e0727d"}], "teams_full": [{"Toedscruel": {"name": "Toedscruel", "species": "Toedscruel", "speciesId": "toedscruel", "gender": "F", "shiny": false, "level": 87, "moves": ["toxic", "earthpower", "rapidspin", "gigadrain"], "ability": "Mycelium Might", "evs": {"hp": 85, "atk": 85, "def": 85, "spa": 85, "spd": 85, "spe": 85}, "ivs": {"hp": 31, "atk": 31, "def": 31, "spa": 31, "spd": 31, "spe": 31}, "item": "Leftovers", "teraType": "Water", "role": "Bulky Support", "bvs": {"hp": 80, "atk": 70, "def": 65, "spa": 80, "spd": 120, "spe": 100}, "stats": {"hp": 281, "atk": 172, "def": 163, "spa": 189, "spd": 259, "spe": 224}, "types": ["Ground", "Grass"]}, "Mewtwo": {"name": "Mewtwo", "species": "Mewtwo", "speciesId": "mewtwo", "gender": "N", "shiny": false, "level": 72, "moves": ["fireblast", "nastyplot", "psystrike", "recover"], "ability": "Unnerve", "evs": {"hp": 85, "atk": 0, "def": 85, "spa": 85, "spd": 85, "spe": 85}, "ivs": {"hp": 31, "atk": 0, "def": 31, "spa": 31, "spd": 31, "spe": 31}, "item": "Life Orb", "teraType": "Fire", "role": "Setup Sweeper", "bvs": {"hp": 106, "atk": 110, "def": 90, "spa": 154, "spd": 90, "spe": 130}, "stats": {"hp": 272, "atk": 163, "def": 172, "spa": 264, "spd": 172, "spe": 229}, "types": ["Psychic"]}, "Kommo-o": {"name": "Kommo-o", "species": "Kommo-o", "speciesId": "kommoo", "gender": "F", "shiny": false, "level": 78, "moves": ["closecombat", "ironhead", "swordsdance", "scaleshot"], "ability": "Soundproof", "evs": {"hp": 85, "atk": 85, "def": 85, "spa": 85, "spd": 85, "spe": 85}, "ivs": {"hp": 31, "atk": 31, "def": 31, "spa": 31, "spd": 31, "spe": 31}, "item": "Loaded Dice", "teraType": "Steel", "role": "Setup Sweeper", "bvs": {"hp": 75, "atk": 110, "def": 125, "spa": 100, "spd": 105, "spe": 85}, "stats": {"hp": 245, "atk": 217, "def": 240, "spa": 201, "spd": 209, "spe": 178}, "types": ["Dragon", "Fighting"]}, "Heatran": {"name": "Heatran", "species": "Heatran", "speciesId": "heatran", "gender": "M", "shiny": false, "level": 79, "moves": ["heavyslam", "lavaplume", "stealthrock", "earthpower"], "ability": "Flash Fire", "evs": {"hp": 85, "atk": 85, "def": 85, "spa": 85, "spd": 85, "spe": 85}, "ivs": {"hp": 31, "atk": 31, "def": 31, "spa": 31, "spd": 31, "spe": 31}, "item": "Air Balloon", "teraType": "Grass", "role": "Bulky Support", "bvs": {"hp": 91, "atk": 90, "def": 106, "spa": 130, "spd": 106, "spe": 77}, "stats": {"hp": 273, "atk": 188, "def": 213, "spa": 251, "spd": 213, "spe": 167}, "types": ["Fire", "Steel"]}, "Jolteon": {"name": "Jolteon", "species": "Jolteon", "speciesId": "jolteon", "gender": "M", "shiny": false, "level": 84, "moves": ["alluringvoice", "thunderbolt", "calmmind", "shadowball"], "ability": "Volt Absorb", "evs": {"hp": 85, "atk": 0, "def": 85, "spa": 85, "spd": 85, "spe": 85}, "ivs": {"hp": 31, "atk": 0, "def": 31, "spa": 31, "spd": 31, "spe": 31}, "item": "Life Orb", "teraType": "Fairy", "role": "Fast Attacker", "bvs": {"hp": 65, "atk": 65, "def": 60, "spa": 110, "spd": 95, "spe": 130}, "stats": {"hp": 246, "atk": 114, "def": 149, "spa": 233, "spd": 208, "spe": 267}, "types": ["Electric"]}, "Gothitelle": {"name": "Gothitelle", "species": "Gothitelle", "speciesId": "gothitelle", "gender": "M", "shiny": false, "level": 90, "moves": ["calmmind", "focusblast", "psychicnoise", "darkpulse"], "ability": "Shadow Tag", "evs": {"hp": 85, "atk": 0, "def": 85, "spa": 85, "spd": 85, "spe": 85}, "ivs": {"hp": 31, "atk": 0, "def": 31, "spa": 31, "spd": 31, "spe": 31}, "item": "Leftovers", "teraType": "Flying", "role": "Bulky Setup", "bvs": {"hp": 70, "atk": 55, "def": 95, "spa": 95, "spd": 110, "spe": 65}, "stats": {"hp": 272, "atk": 104, "def": 222, "spa": 222, "spd": 249, "spe": 168}, "types": ["Psychic"]}}, {"Ribombee": {"name": "Ribombee", "species": "Ribombee", "speciesId": "ribombee", "gender": "M", "shiny": false, "level": 83, "moves": ["uturn", "bugbuzz", "moonblast", "stickyweb"], "ability": "Shield Dust", "evs": {"hp": 85, "atk": 85, "def": 85, "spa": 85, "spd": 85, "spe": 85}, "ivs": {"hp": 31, "atk": 31, "def": 31, "spa": 31, "spd": 31, "spe": 31}, "item": "Focus Sash", "teraType": "Ghost", "role": "Fast Support", "bvs": {"hp": 60, "atk": 55, "def": 60, "spa": 95, "spd": 70, "spe": 124}, "stats": {"hp": 235, "atk": 139, "def": 147, "spa": 205, "spd": 164, "spe": 254}, "types": ["Bug", "Fairy"]}, "Kingambit": {"name": "Kingambit", "species": "Kingambit", "speciesId": "kingambit", "gender": "F", "shiny": false, "level": 74, "moves": ["suckerpunch", "swordsdance", "ironhead", "kowtowcleave"], "ability": "Supreme Overlord", "evs": {"hp": 85, "atk": 85, "def": 85, "spa": 85, "spd": 85, "spe": 85}, "ivs": {"hp": 31, "atk": 31, "def": 31, "spa": 31, "spd": 31, "spe": 31}, "item": "Leftovers", "teraType": "Flying", "role": "Bulky Attacker", "bvs": {"hp": 100, "atk": 135, "def": 120, "spa": 60, "spd": 85, "spe": 50}, "stats": {"hp": 270, "atk": 243, "def": 221, "spa": 132, "spd": 169, "spe": 117}, "types": ["Dark", "Steel"]}, "Regigigas": {"name": "Regigigas", "species": "Regigigas", "speciesId": "regigigas", "gender": "N", "shiny": false, "level": 84, "moves": ["rest", "knockoff", "bodyslam", "sleeptalk"], "ability": "Slow Start", "evs": {"hp": 85, "atk": 85, "def": 85, "spa": 85, "spd": 85, "spe": 85}, "ivs": {"hp": 31, "atk": 31, "def": 31, "spa": 31, "spd": 31, "spe": 31}, "item": "Leftovers", "teraType": "Ghost", "role": "Bulky Support", "bvs": {"hp": 110, "atk": 160, "def": 110, "spa": 80, "spd": 110, "spe": 100}, "stats": {"hp": 322, "atk": 317, "def": 233, "spa": 183, "spd": 233, "spe": 216}, "types": ["Normal"]}, "Girafarig": {"name": "Girafarig", "species": "Girafarig", "speciesId": "girafarig", "gender": "M", "shiny": false, "level": 89, "moves": ["dazzlinggleam", "psychic", "nastyplot", "shadowball"], "ability": "Sap Sipper", "evs": {"hp": 85, "atk": 0, "def": 85, "spa": 85, "spd": 85, "spe": 85}, "ivs": {"hp": 31, "atk": 0, "def": 31, "spa": 31, "spd": 31, "spe": 31}, "item": "Eviolite", "teraType": "Fairy", "role": "Bulky Setup", "bvs": {"hp": 70, "atk": 80, "def": 65, "spa": 90, "spd": 65, "spe": 85}, "stats": {"hp": 269, "atk": 147, "def": 166, "spa": 211, "spd": 166, "spe": 202}, "types": ["Normal", "Psychic"]}, "Electivire": {"name": "Electivire", "species": "Electivire", "speciesId": "electivire", "gender": "M", "shiny": false, "level": 84, "moves": ["bulkup", "supercellslam", "earthquake", "icepunch"], "ability": "Motor Drive", "evs": {"hp": 85, "atk": 85, "def": 85, "spa": 85, "spd": 85, "spe": 85}, "ivs": {"hp": 31, "atk": 31, "def": 31, "spa": 31, "spd": 31, "spe": 31}, "item": "Life Orb", "teraType": "Ground", "role": "Setup Sweeper", "bvs": {"hp": 75, "atk": 123, "def": 67, "spa": 95, "spd": 85, "spe": 95}, "stats": {"hp": 263, "atk": 255, "def": 161, "spa": 208, "spd": 191, "spe": 208}, "types": ["Electric"]}, "Cloyster": {"name": "Cloyster", "species": "Cloyster", "speciesId": "cloyster", "gender": "F", "shiny": false, "level": 80, "moves": ["iciclespear", "hydropump", "shellsmash", "rockblast"], "ability": "Skill Link", "evs": {"hp": 85, "atk": 85, "def": 85, "spa": 85, "spd": 85, "spe": 85}, "ivs": {"hp": 31, "atk": 31, "def": 31, "spa": 31, "spd": 31, "spe": 31}, "item": "White Herb", "teraType": "Rock", "role": "Setup Sweeper", "bvs": {"hp": 50, "atk": 95, "def": 180, "spa": 85, "spd": 45, "spe": 70}, "stats": {"hp": 211, "atk": 198, "def": 334, "spa": 182, "spd": 118, "spe": 158}, "types": ["Water", "Ice"]}}]}