{"id": "gen9randombattle-2641732864", "format": "[Gen 9] Random Battle", "players": ["rields121", "Mr.Superfreak"], "log": "|j|\u2606rields121\n|j|\u2606Mr.Superfreak\n|t:|1782835402\n|gametype|singles\n|player|p1|rields121|169|2187\n|player|p2|Mr.Superfreak|ballguy|2238\n|gen|9\n|tier|[Gen 9] Random Battle\n|rated|\n|rule|Species Clause: Limit one of each Pok\u00e9mon\n|rule|HP Percentage Mod: HP is shown in percentages\n|rule|Sleep Clause Mod: Limit one foe put to sleep\n|rule|Illusion Level Mod: Illusion disguises the Pok\u00e9mon's true level\n|\n|t:|1782835402\n|teamsize|p1|6\n|teamsize|p2|6\n|start\n|switch|p1a: Skarmory|Skarmory, L80, F|235/235\n|switch|p2a: Medicham|Medicham, L86, M|243/243\n|turn|1\n|\n|t:|1782835430\n|switch|p2a: Inteleon|Inteleon, L81, M|246/246\n|switch|p1a: Sableye|Sableye, L88, F|231/231\n|\n|upkeep\n|turn|2\n|\n|t:|1782835440\n|switch|p2a: Arceus|Arceus-Ground, L70|284/284\n|switch|p1a: Cramorant|Cramorant, L86, M|261/261\n|\n|upkeep\n|turn|3\n|\n|t:|1782835446\n|switch|p2a: Oinkologne|Oinkologne-F, L92, F|361/361\n|move|p1a: Cramorant|Surf|p2a: Oinkologne\n|-formechange|p1a: Cramorant|Cramorant-Gulping|\n|-damage|p2a: Oinkologne|283/361\n|\n|-heal|p2a: Oinkologne|305/361|[from] item: Leftovers\n|upkeep\n|turn|4\n|\n|t:|1782835459\n|switch|p1a: Sableye|Sableye, L88, F|231/231\n|move|p2a: Oinkologne|Curse|p2a: Oinkologne\n|-unboost|p2a: Oinkologne|spe|1\n|-boost|p2a: Oinkologne|atk|1\n|-boost|p2a: Oinkologne|def|1\n|\n|-heal|p2a: Oinkologne|327/361|[from] item: Leftovers\n|upkeep\n|turn|5\n|\n|t:|1782835463\n|switch|p2a: Grimmsnarl|Grimmsnarl, L83, M|293/293\n|move|p1a: Sableye|Encore|p2a: Grimmsnarl\n|-hint|Since gen 7, Dark is immune to Prankster moves.\n|-immune|p2a: Grimmsnarl\n|\n|upkeep\n|turn|6\n|\n|t:|1782835485\n|switch|p1a: Skarmory|Skarmory, L80, F|235/235\n|move|p2a: Grimmsnarl|Spirit Break|p1a: Skarmory\n|-resisted|p1a: Skarmory\n|-damage|p1a: Skarmory|202/235\n|-unboost|p1a: Skarmory|spa|1\n|-damage|p2a: Grimmsnarl|245/293|[from] item: Rocky Helmet|[of] p1a: Skarmory\n|\n|upkeep\n|turn|7\n|inactive|Battle timer is ON: inactive players will automatically lose when time's up. (requested by rields121)\n|\n|t:|1782835510\n|move|p2a: Grimmsnarl|Reflect|p2a: Grimmsnarl\n|-sidestart|p2: Mr.Superfreak|Reflect\n|move|p1a: Skarmory|Spikes|p2a: Grimmsnarl\n|-sidestart|p2: Mr.Superfreak|Spikes\n|\n|upkeep\n|turn|8\n|\n|t:|1782835517\n|switch|p2a: Inteleon|Inteleon, L81, M|246/246\n|-damage|p2a: Inteleon|216/246|[from] Spikes\n|move|p1a: Skarmory|Spikes|p2a: Inteleon\n|-sidestart|p2: Mr.Superfreak|Spikes\n|\n|upkeep\n|turn|9\n|\n|t:|1782835526\n|switch|p1a: Cramorant|Cramorant, L86, M|261/261\n|move|p2a: Inteleon|Scald|p1a: Cramorant\n|-resisted|p1a: Cramorant\n|-damage|p1a: Cramorant|195/261\n|\n|upkeep\n|turn|10\n|\n|t:|1782835528\n|move|p2a: Inteleon|Scald|p1a: Cramorant\n|-resisted|p1a: Cramorant\n|-damage|p1a: Cramorant|129/261\n|move|p1a: Cramorant|Surf|p2a: Inteleon\n|-formechange|p1a: Cramorant|Cramorant-Gorging|\n|-resisted|p2a: Inteleon\n|-damage|p2a: Inteleon|153/246\n|\n|upkeep\n|turn|11\n|\n|t:|1782835535\n|switch|p2a: Oinkologne|Oinkologne-F, L92, F|327/361\n|-damage|p2a: Oinkologne|267/361|[from] Spikes\n|move|p1a: Cramorant|Roost|p1a: Cramorant\n|-heal|p1a: Cramorant|260/261\n|-singleturn|p1a: Cramorant|move: Roost\n|\n|-heal|p2a: Oinkologne|289/361|[from] item: Leftovers\n|upkeep\n|turn|12\n|\n|t:|1782835543\n|switch|p1a: Sableye|Sableye, L88, F|231/231\n|move|p2a: Oinkologne|Curse|p2a: Oinkologne\n|-unboost|p2a: Oinkologne|spe|1\n|-boost|p2a: Oinkologne|atk|1\n|-boost|p2a: Oinkologne|def|1\n|\n|-heal|p2a: Oinkologne|311/361|[from] item: Leftovers\n|upkeep\n|turn|13\n|\n|t:|1782835551\n|switch|p2a: Inteleon|Inteleon, L81, M|153/246\n|-damage|p2a: Inteleon|112/246|[from] Spikes\n|move|p1a: Sableye|Knock Off|p2a: Inteleon\n|-damage|p2a: Inteleon|52/246\n|-enditem|p2a: Inteleon|Choice Specs|[from] move: Knock Off|[of] p1a: Sableye\n|\n|upkeep\n|turn|14\n|\n|t:|1782835558\n|switch|p1a: Cramorant|Cramorant, L86, M|260/261\n|move|p2a: Inteleon|Scald|p1a: Cramorant\n|-resisted|p1a: Cramorant\n|-damage|p1a: Cramorant|191/261\n|-status|p1a: Cramorant|brn\n|\n|-damage|p1a: Cramorant|175/261 brn|[from] brn\n|-sideend|p2: Mr.Superfreak|Reflect\n|upkeep\n|turn|15\n|\n|t:|1782835561\n|move|p2a: Inteleon|Hydro Pump|p1a: Cramorant\n|-resisted|p1a: Cramorant\n|-damage|p1a: Cramorant|91/261 brn\n|move|p1a: Cramorant|Surf|p2a: Inteleon\n|-formechange|p1a: Cramorant|Cramorant-Gorging|\n|-resisted|p2a: Inteleon\n|-damage|p2a: Inteleon|0 fnt\n|faint|p2a: Inteleon\n|\n|-damage|p1a: Cramorant|75/261 brn|[from] brn\n|upkeep\n|\n|t:|1782835566\n|switch|p2a: Oinkologne|Oinkologne-F, L92, F|311/361\n|-damage|p2a: Oinkologne|251/361|[from] Spikes\n|turn|16\n|\n|t:|1782835569\n|move|p1a: Cramorant|Roost|p1a: Cramorant\n|-heal|p1a: Cramorant|206/261 brn\n|-singleturn|p1a: Cramorant|move: Roost\n|move|p2a: Oinkologne|Double-Edge|p1a: Cramorant\n|-damage|p1a: Cramorant|25/261 brn\n|-damage|p2a: Oinkologne|161/361|[from] ability: Gulp Missile|[of] p1a: Cramorant\n|-status|p2a: Oinkologne|par\n|-formechange|p1a: Cramorant|Cramorant|\n|-damage|p2a: Oinkologne|101/361 par|[from] Recoil\n|\n|-heal|p2a: Oinkologne|123/361 par|[from] item: Leftovers\n|-damage|p1a: Cramorant|9/261 brn|[from] brn\n|upkeep\n|turn|17\n|\n|t:|1782835582\n|switch|p1a: Sableye|Sableye, L88, F|231/231\n|move|p2a: Oinkologne|Double-Edge|p1a: Sableye\n|-immune|p1a: Sableye\n|\n|-heal|p2a: Oinkologne|145/361 par|[from] item: Leftovers\n|upkeep\n|turn|18\n|\n|t:|1782835589\n|switch|p2a: Grimmsnarl|Grimmsnarl, L83, M|245/293\n|-damage|p2a: Grimmsnarl|197/293|[from] Spikes\n|move|p1a: Sableye|Knock Off|p2a: Grimmsnarl\n|-resisted|p2a: Grimmsnarl\n|-damage|p2a: Grimmsnarl|169/293\n|-enditem|p2a: Grimmsnarl|Light Clay|[from] move: Knock Off|[of] p1a: Sableye\n|\n|upkeep\n|turn|19\n|\n|t:|1782835593\n|switch|p1a: Skarmory|Skarmory, L80, F|202/235\n|move|p2a: Grimmsnarl|Reflect|p2a: Grimmsnarl\n|-sidestart|p2: Mr.Superfreak|Reflect\n|\n|upkeep\n|turn|20\n|\n|t:|1782835597\n|switch|p2a: Gyarados|Gyarados, L79, M|280/280\n|-ability|p2a: Gyarados|Intimidate|boost\n|-unboost|p1a: Skarmory|atk|1\n|move|p1a: Skarmory|Spikes|p2a: Gyarados\n|-sidestart|p2: Mr.Superfreak|Spikes\n|\n|upkeep\n|turn|21\n|\n|t:|1782835601\n|move|p2a: Gyarados|Dragon Dance|p2a: Gyarados\n|-boost|p2a: Gyarados|atk|1\n|-boost|p2a: Gyarados|spe|1\n|move|p1a: Skarmory|Whirlwind|p2a: Gyarados\n|drag|p2a: Grimmsnarl|Grimmsnarl, L83, M|169/293\n|-damage|p2a: Grimmsnarl|96/293|[from] Spikes\n|\n|upkeep\n|turn|22\n|\n|t:|1782835605\n|move|p2a: Grimmsnarl|Thunder Wave|p1a: Skarmory\n|-status|p1a: Skarmory|par\n|move|p1a: Skarmory|Whirlwind|p2a: Grimmsnarl\n|drag|p2a: Oinkologne|Oinkologne-F, L92, F|145/361 par\n|-damage|p2a: Oinkologne|55/361 par|[from] Spikes\n|\n|-heal|p2a: Oinkologne|77/361 par|[from] item: Leftovers\n|upkeep\n|turn|23\n|\n|t:|1782835612\n|move|p2a: Oinkologne|Lash Out|p1a: Skarmory\n|-damage|p1a: Skarmory|155/235 par\n|-damage|p2a: Oinkologne|17/361 par|[from] item: Rocky Helmet|[of] p1a: Skarmory\n|move|p1a: Skarmory|Whirlwind|p2a: Oinkologne\n|drag|p2a: Gyarados|Gyarados, L79, M|280/280\n|-ability|p2a: Gyarados|Intimidate|boost\n|-unboost|p1a: Skarmory|atk|1\n|\n|-sideend|p2: Mr.Superfreak|Reflect\n|upkeep\n|turn|24\n|inactive|Mr.Superfreak has 120 seconds left.\n|l|\u2606Mr.Superfreak\n|inactive|Mr.Superfreak disconnected and has a minute to reconnect!\n|player|p2|\n|inactive|Mr.Superfreak has 30 seconds to reconnect!\n|j|\u2606Mr.Superfreak\n|inactive|Mr.Superfreak reconnected and has 90 seconds left.\n|player|p2|Mr.Superfreak|ballguy|\n|\n|t:|1782835678\n|move|p2a: Gyarados|Waterfall|p1a: Skarmory\n|-damage|p1a: Skarmory|85/235 par\n|-damage|p2a: Gyarados|234/280|[from] item: Rocky Helmet|[of] p1a: Skarmory\n|move|p1a: Skarmory|Whirlwind|p2a: Gyarados\n|drag|p2a: Oinkologne|Oinkologne-F, L92, F|17/361 par\n|-damage|p2a: Oinkologne|0 fnt|[from] Spikes\n|faint|p2a: Oinkologne\n|\n|upkeep\n|\n|t:|1782835687\n|switch|p2a: Arceus|Arceus-Ground, L70|284/284\n|-damage|p2a: Arceus|213/284|[from] Spikes\n|turn|25\n|\n|t:|1782835694\n|switch|p1a: Sableye|Sableye, L88, F|231/231\n|move|p2a: Arceus|Ice Beam|p1a: Sableye\n|-damage|p1a: Sableye|171/231\n|\n|-heal|p1a: Sableye|185/231|[from] item: Leftovers\n|upkeep\n|turn|26\n|\n|t:|1782835701\n|move|p1a: Sableye|Will-O-Wisp|p2a: Arceus\n|-status|p2a: Arceus|brn\n|move|p2a: Arceus|Judgment|p1a: Sableye\n|-damage|p1a: Sableye|49/231\n|\n|-heal|p1a: Sableye|63/231|[from] item: Leftovers\n|-damage|p2a: Arceus|196/284 brn|[from] brn\n|upkeep\n|turn|27\n|\n|t:|1782835714\n|move|p1a: Sableye|Recover|p1a: Sableye\n|-heal|p1a: Sableye|179/231\n|move|p2a: Arceus|Judgment|p1a: Sableye\n|-damage|p1a: Sableye|43/231\n|\n|-heal|p1a: Sableye|57/231|[from] item: Leftovers\n|-damage|p2a: Arceus|179/284 brn|[from] brn\n|upkeep\n|turn|28\n|inactive|Mr.Superfreak has 120 seconds left.\n|\n|t:|1782835721\n|switch|p1a: Skarmory|Skarmory, L80, F|85/235 par\n|move|p2a: Arceus|Judgment|p1a: Skarmory\n|-immune|p1a: Skarmory\n|\n|-damage|p2a: Arceus|162/284 brn|[from] brn\n|upkeep\n|turn|29\n|\n|t:|1782835724\n|move|p2a: Arceus|Ice Beam|p1a: Skarmory\n|-damage|p1a: Skarmory|16/235 par\n|move|p1a: Skarmory|Roost|p1a: Skarmory\n|-heal|p1a: Skarmory|134/235 par\n|-singleturn|p1a: Skarmory|move: Roost\n|\n|-damage|p2a: Arceus|145/284 brn|[from] brn\n|upkeep\n|turn|30\n|\n|t:|1782835729\n|move|p2a: Arceus|Recover|p2a: Arceus\n|-heal|p2a: Arceus|284/284 brn\n|move|p1a: Skarmory|Whirlwind|p2a: Arceus\n|drag|p2a: Grimmsnarl|Grimmsnarl, L83, M|96/293\n|-damage|p2a: Grimmsnarl|23/293|[from] Spikes\n|\n|upkeep\n|turn|31\n|\n|t:|1782835737\n|move|p2a: Grimmsnarl|Reflect|p2a: Grimmsnarl\n|-sidestart|p2: Mr.Superfreak|Reflect\n|move|p1a: Skarmory|Whirlwind|p2a: Grimmsnarl\n|drag|p2a: Arceus|Arceus-Ground, L70|284/284 brn\n|-damage|p2a: Arceus|213/284 brn|[from] Spikes\n|\n|-damage|p2a: Arceus|196/284 brn|[from] brn\n|upkeep\n|turn|32\n|\n|t:|1782835743\n|move|p2a: Arceus|Ice Beam|p1a: Skarmory\n|-damage|p1a: Skarmory|69/235 par\n|move|p1a: Skarmory|Roost|p1a: Skarmory\n|-heal|p1a: Skarmory|187/235 par\n|-singleturn|p1a: Skarmory|move: Roost\n|\n|-damage|p2a: Arceus|179/284 brn|[from] brn\n|upkeep\n|turn|33\n|\n|t:|1782835746\n|move|p2a: Arceus|Ice Beam|p1a: Skarmory\n|-damage|p1a: Skarmory|120/235 par\n|move|p1a: Skarmory|Whirlwind|p2a: Arceus\n|drag|p2a: Grimmsnarl|Grimmsnarl, L83, M|23/293\n|-damage|p2a: Grimmsnarl|0 fnt|[from] Spikes\n|faint|p2a: Grimmsnarl\n|\n|upkeep\n|\n|t:|1782835750\n|switch|p2a: Medicham|Medicham, L86, M|243/243\n|-damage|p2a: Medicham|183/243|[from] Spikes\n|turn|34\n|\n|t:|1782835762\n|switch|p1a: Pecharunt|Pecharunt, L77|262/262\n|move|p2a: Medicham|Trick|p1a: Pecharunt\n|-activate|p2a: Medicham|move: Trick|[of] p1a: Pecharunt\n|-item|p1a: Pecharunt|Choice Scarf|[from] move: Trick\n|-item|p2a: Medicham|Leftovers|[from] move: Trick\n|\n|-heal|p2a: Medicham|198/243|[from] item: Leftovers\n|upkeep\n|turn|35\n|\n|t:|1782835783\n|move|p1a: Pecharunt|Parting Shot|p2a: Medicham\n|-unboost|p2a: Medicham|atk|1\n|-unboost|p2a: Medicham|spa|1\n|\n|t:|1782835793\n|switch|p1a: Sableye|Sableye, L88, F|57/231|[from] Parting Shot\n|move|p2a: Medicham|Zen Headbutt|p1a: Sableye\n|-immune|p1a: Sableye\n|\n|-heal|p2a: Medicham|213/243|[from] item: Leftovers\n|-heal|p1a: Sableye|71/231|[from] item: Leftovers\n|-sideend|p2: Mr.Superfreak|Reflect\n|upkeep\n|turn|36\n|\n|t:|1782835800\n|switch|p2a: Arceus|Arceus-Ground, L70|179/284 brn\n|-damage|p2a: Arceus|108/284 brn|[from] Spikes\n|move|p1a: Sableye|Will-O-Wisp|p2a: Arceus|[miss]\n|-miss|p1a: Sableye|p2a: Arceus\n|\n|-heal|p1a: Sableye|85/231|[from] item: Leftovers\n|-damage|p2a: Arceus|91/284 brn|[from] brn\n|upkeep\n|turn|37\n|\n|t:|1782835806\n|move|p1a: Sableye|Recover|p1a: Sableye\n|-heal|p1a: Sableye|201/231\n|move|p2a: Arceus|Recover|p2a: Arceus\n|-heal|p2a: Arceus|233/284 brn\n|\n|-heal|p1a: Sableye|215/231|[from] item: Leftovers\n|-damage|p2a: Arceus|216/284 brn|[from] brn\n|upkeep\n|turn|38\n|\n|t:|1782835810\n|switch|p2a: Gyarados|Gyarados, L79, M|234/280\n|-ability|p2a: Gyarados|Intimidate|boost\n|-unboost|p1a: Sableye|atk|1\n|move|p1a: Sableye|Encore||[still]\n|-fail|p1a: Sableye\n|\n|-heal|p1a: Sableye|229/231|[from] item: Leftovers\n|upkeep\n|turn|39\n|\n|t:|1782835812\n|switch|p2a: Arceus|Arceus-Ground, L70|216/284 brn\n|-damage|p2a: Arceus|145/284 brn|[from] Spikes\n|move|p1a: Sableye|Will-O-Wisp|p2a: Arceus\n|-fail|p2a: Arceus|brn\n|\n|-heal|p1a: Sableye|231/231|[from] item: Leftovers\n|-damage|p2a: Arceus|128/284 brn|[from] brn\n|upkeep\n|turn|40\n|\n|t:|1782835817\n|switch|p1a: Skarmory|Skarmory, L80, F|120/235 par\n|move|p2a: Arceus|Calm Mind|p2a: Arceus\n|-boost|p2a: Arceus|spa|1\n|-boost|p2a: Arceus|spd|1\n|\n|-damage|p2a: Arceus|111/284 brn|[from] brn\n|upkeep\n|turn|41\n|\n|t:|1782835819\n|move|p2a: Arceus|Ice Beam|p1a: Skarmory\n|-damage|p1a: Skarmory|24/235 par\n|move|p1a: Skarmory|Whirlwind|p2a: Arceus\n|drag|p2a: Medicham|Medicham, L86, M|213/243\n|-damage|p2a: Medicham|153/243|[from] Spikes\n|\n|-heal|p2a: Medicham|168/243|[from] item: Leftovers\n|upkeep\n|turn|42\n|\n|t:|1782835825\n|switch|p2a: Arceus|Arceus-Ground, L70|111/284 brn\n|-damage|p2a: Arceus|40/284 brn|[from] Spikes\n|move|p1a: Skarmory|Whirlwind|p2a: Arceus\n|drag|p2a: Gyarados|Gyarados, L79, M|234/280\n|-ability|p2a: Gyarados|Intimidate|boost\n|-unboost|p1a: Skarmory|atk|1\n|\n|upkeep\n|turn|43\n|\n|t:|1782835830\n|move|p2a: Gyarados|Waterfall|p1a: Skarmory\n|-damage|p1a: Skarmory|0 fnt\n|-damage|p2a: Gyarados|188/280|[from] item: Rocky Helmet|[of] p1a: Skarmory\n|faint|p1a: Skarmory\n|\n|upkeep\n|\n|t:|1782835845\n|switch|p1a: Persian|Persian, L92, M|269/269\n|turn|44\n|\n|t:|1782835862\n|move|p1a: Persian|Fake Out|p2a: Gyarados\n|-damage|p2a: Gyarados|103/280\n|cant|p2a: Gyarados|flinch\n|\n|upkeep\n|turn|45\n|-message|Mr.Superfreak forfeited.\n|\n|win|rields121\n", "inputlog": ">version f8ac14003a5f27e1bdc8d8c59608a773c1cb96e5\n>start {\"formatid\":\"gen9randombattle\",\"seed\":\"sodium,85884ea72e95d8eb6b65f2f0830e0f4c\",\"rated\":\"Rated battle\"}\n>player p1 {\"name\":\"rields121\",\"avatar\":\"169\",\"rating\":2187,\"seed\":\"sodium,298a90cb22a6c605d9b99761732ec2af\"}\n>player p2 {\"name\":\"Mr.Superfreak\",\"avatar\":\"ballguy\",\"rating\":2238,\"seed\":\"sodium,4207b682aec18a0d3d7984a5bf3fd627\"}\n>p1 switch 6\n>p2 switch 2\n>p1 switch 2\n>p2 switch 4\n>p1 move surf\n>p2 switch 6\n>p1 switch 2\n>p2 move curse\n>p1 move encore\n>p2 switch 3\n>p1 switch 6\n>p2 move spiritbreak\n>p1 move spikes\n>p2 move reflect\n>p1 move spikes\n>p2 switch 4\n>p1 switch 2\n>p2 move scald\n>p1 move surf\n>p2 move scald\n>p1 move roost\n>p2 switch 3\n>p1 switch 6\n>p2 move curse\n>p1 move knockoff\n>p2 switch 3\n>p1 switch 6\n>p2 move scald\n>p1 move surf\n>p2 move hydropump\n>p2 switch 3\n>p1 move roost\n>p2 move doubleedge\n>p1 switch 6\n>p2 move doubleedge\n>p1 move knockoff\n>p2 switch 4\n>p1 switch 2\n>p2 move reflect\n>p1 move spikes\n>p2 switch 5\n>p1 move whirlwind\n>p2 move dragondance\n>p1 move whirlwind\n>p2 move thunderwave\n>p1 move whirlwind\n>p2 move lashout\n>p1 move whirlwind\n>p2 move waterfall\n>p2 switch 6\n>p1 switch 2\n>p2 move icebeam\n>p1 move willowisp\n>p2 move judgment\n>p1 move recover\n>p2 move judgment\n>p1 switch 2\n>p2 move judgment\n>p1 move roost\n>p2 move icebeam\n>p1 move whirlwind\n>p2 move recover\n>p1 move whirlwind\n>p2 move reflect\n>p1 move roost\n>p2 move icebeam\n>p1 move whirlwind\n>p2 move icebeam\n>p2 switch 2\n>p1 switch 5\n>p2 move trick\n>p1 move partingshot\n>p2 move zenheadbutt\n>p1 switch 2\n>p1 move willowisp\n>p2 switch 4\n>p1 move recover\n>p2 move recover\n>p1 move encore\n>p2 switch 5\n>p1 move willowisp\n>p2 switch 5\n>p1 switch 5\n>p2 move calmmind\n>p1 move whirlwind\n>p2 move icebeam\n>p1 move whirlwind\n>p2 switch 4\n>p1 move whirlwind\n>p2 move waterfall\n>p1 switch 4\n>p1 move fakeout\n>p2 move dragondance\n>forcelose p2", "uploadtime": 1782835406, "views": 8, "formatid": "gen9randombattle", "rating": null, "private": 0, "password": null, "player_dets": [{"name": "rields121", "avatar": "169", "rating": 2187, "seed": "sodium,298a90cb22a6c605d9b99761732ec2af"}, {"name": "Mr.Superfreak", "avatar": "ballguy", "rating": 2238, "seed": "sodium,4207b682aec18a0d3d7984a5bf3fd627"}], "teams_full": [{"Skarmory": {"name": "Skarmory", "species": "Skarmory", "speciesId": "skarmory", "gender": "F", "shiny": false, "level": 80, "moves": ["spikes", "roost", "whirlwind", "bravebird"], "ability": "Sturdy", "evs": {"hp": 85, "atk": 85, "def": 85, "spa": 85, "spd": 85, "spe": 85}, "ivs": {"hp": 31, "atk": 31, "def": 31, "spa": 31, "spd": 31, "spe": 31}, "item": "Rocky Helmet", "teraType": "Dragon", "role": "Bulky Support", "bvs": {"hp": 65, "atk": 80, "def": 140, "spa": 40, "spd": 70, "spe": 70}, "stats": {"hp": 235, "atk": 174, "def": 270, "spa": 110, "spd": 158, "spe": 158}, "types": ["Steel", "Flying"]}, "Cramorant": {"name": "Cramorant", "species": "Cramorant", "speciesId": "cramorant", "gender": "M", "shiny": false, "level": 86, "moves": ["roost", "defog", "bravebird", "surf"], "ability": "Gulp Missile", "evs": {"hp": 85, "atk": 85, "def": 85, "spa": 85, "spd": 85, "spe": 85}, "ivs": {"hp": 31, "atk": 31, "def": 31, "spa": 31, "spd": 31, "spe": 31}, "item": "Heavy-Duty Boots", "teraType": "Ground", "role": "Bulky Support", "bvs": {"hp": 70, "atk": 85, "def": 55, "spa": 85, "spd": 95, "spe": 85}, "stats": {"hp": 261, "atk": 195, "def": 144, "spa": 195, "spd": 213, "spe": 195}, "types": ["Flying", "Water"]}, "Duraludon": {"name": "Duraludon", "species": "Duraludon", "speciesId": "duraludon", "gender": "M", "shiny": false, "level": 82, "moves": ["dracometeor", "flashcannon", "bodypress", "irondefense"], "ability": "Light Metal", "evs": {"hp": 85, "atk": 0, "def": 85, "spa": 85, "spd": 85, "spe": 85}, "ivs": {"hp": 31, "atk": 0, "def": 31, "spa": 31, "spd": 31, "spe": 31}, "item": "Eviolite", "teraType": "Fighting", "role": "Bulky Attacker", "bvs": {"hp": 70, "atk": 95, "def": 115, "spa": 120, "spd": 50, "spe": 85}, "stats": {"hp": 249, "atk": 160, "def": 236, "spa": 244, "spd": 129, "spe": 187}, "types": ["Steel", "Dragon"]}, "Persian": {"name": "Persian", "species": "Persian", "speciesId": "persian", "gender": "M", "shiny": false, "level": 92, "moves": ["doubleedge", "uturn", "knockoff", "fakeout"], "ability": "Technician", "evs": {"hp": 85, "atk": 85, "def": 85, "spa": 85, "spd": 85, "spe": 85}, "ivs": {"hp": 31, "atk": 31, "def": 31, "spa": 31, "spd": 31, "spe": 31}, "item": "Silk Scarf", "teraType": "Normal", "role": "Fast Attacker", "bvs": {"hp": 65, "atk": 70, "def": 60, "spa": 65, "spd": 65, "spe": 115}, "stats": {"hp": 269, "atk": 181, "def": 163, "spa": 172, "spd": 172, "spe": 264}, "types": ["Normal"]}, "Pecharunt": {"name": "Pecharunt", "species": "Pecharunt", "speciesId": "pecharunt", "gender": "N", "shiny": false, "level": 77, "moves": ["shadowball", "partingshot", "malignantchain", "recover"], "ability": "Poison Puppeteer", "evs": {"hp": 85, "atk": 0, "def": 85, "spa": 85, "spd": 85, "spe": 85}, "ivs": {"hp": 31, "atk": 0, "def": 31, "spa": 31, "spd": 31, "spe": 31}, "item": "Leftovers", "teraType": "Dark", "role": "Bulky Attacker", "bvs": {"hp": 88, "atk": 88, "def": 160, "spa": 88, "spd": 88, "spe": 88}, "stats": {"hp": 262, "atk": 140, "def": 291, "spa": 180, "spd": 180, "spe": 180}, "types": ["Poison", "Ghost"]}, "Sableye": {"name": "Sableye", "species": "Sableye", "speciesId": "sableye", "gender": "F", "shiny": false, "level": 88, "moves": ["knockoff", "recover", "willowisp", "encore"], "ability": "Prankster", "evs": {"hp": 85, "atk": 85, "def": 85, "spa": 85, "spd": 85, "spe": 85}, "ivs": {"hp": 31, "atk": 31, "def": 31, "spa": 31, "spd": 31, "spe": 31}, "item": "Leftovers", "teraType": "Steel", "role": "Bulky Support", "bvs": {"hp": 50, "atk": 75, "def": 75, "spa": 65, "spd": 65, "spe": 50}, "stats": {"hp": 231, "atk": 182, "def": 182, "spa": 165, "spd": 165, "spe": 138}, "types": ["Dark", "Ghost"]}}, {"Medicham": {"name": "Medicham", "species": "Medicham", "speciesId": "medicham", "gender": "M", "shiny": false, "level": 86, "moves": ["closecombat", "poisonjab", "trick", "zenheadbutt"], "ability": "Pure Power", "evs": {"hp": 85, "atk": 85, "def": 85, "spa": 85, "spd": 85, "spe": 85}, "ivs": {"hp": 31, "atk": 31, "def": 31, "spa": 31, "spd": 31, "spe": 31}, "item": "Choice Scarf", "teraType": "Fighting", "role": "Fast Attacker", "bvs": {"hp": 60, "atk": 60, "def": 75, "spa": 60, "spd": 75, "spe": 80}, "stats": {"hp": 243, "atk": 152, "def": 178, "spa": 152, "spd": 178, "spe": 187}, "types": ["Fighting", "Psychic"]}, "Inteleon": {"name": "Inteleon", "species": "Inteleon", "speciesId": "inteleon", "gender": "M", "shiny": false, "level": 81, "moves": ["uturn", "scald", "icebeam", "hydropump"], "ability": "Torrent", "evs": {"hp": 85, "atk": 85, "def": 85, "spa": 85, "spd": 85, "spe": 85}, "ivs": {"hp": 31, "atk": 31, "def": 31, "spa": 31, "spd": 31, "spe": 31}, "item": "Choice Specs", "teraType": "Water", "role": "Wallbreaker", "bvs": {"hp": 70, "atk": 85, "def": 65, "spa": 125, "spd": 65, "spe": 120}, "stats": {"hp": 246, "atk": 184, "def": 152, "spa": 249, "spd": 152, "spe": 241}, "types": ["Water"]}, "Grimmsnarl": {"name": "Grimmsnarl", "species": "Grimmsnarl", "speciesId": "grimmsnarl", "gender": "M", "shiny": false, "level": 83, "moves": ["thunderwave", "reflect", "spiritbreak", "lightscreen"], "ability": "Prankster", "evs": {"hp": 85, "atk": 85, "def": 85, "spa": 85, "spd": 85, "spe": 85}, "ivs": {"hp": 31, "atk": 31, "def": 31, "spa": 31, "spd": 31, "spe": 31}, "item": "Light Clay", "teraType": "Steel", "role": "Bulky Support", "bvs": {"hp": 95, "atk": 120, "def": 65, "spa": 95, "spd": 75, "spe": 60}, "stats": {"hp": 293, "atk": 247, "def": 156, "spa": 205, "spd": 172, "spe": 147}, "types": ["Dark", "Fairy"]}, "Arceus": {"name": "Arceus", "species": "Arceus-Ground", "speciesId": "arceusground", "gender": "N", "shiny": false, "level": 70, "moves": ["recover", "calmmind", "judgment", "icebeam"], "ability": "Multitype", "evs": {"hp": 85, "atk": 0, "def": 85, "spa": 85, "spd": 85, "spe": 85}, "ivs": {"hp": 31, "atk": 0, "def": 31, "spa": 31, "spd": 31, "spe": 31}, "item": "Earth Plate", "teraType": "Dragon", "role": "Bulky Setup", "bvs": {"hp": 120, "atk": 120, "def": 120, "spa": 120, "spd": 120, "spe": 120}, "stats": {"hp": 284, "atk": 173, "def": 209, "spa": 209, "spd": 209, "spe": 209}, "types": ["Ground"]}, "Gyarados": {"name": "Gyarados", "species": "Gyarados", "speciesId": "gyarados", "gender": "M", "shiny": false, "level": 79, "moves": ["terablast", "dragondance", "earthquake", "waterfall"], "ability": "Intimidate", "evs": {"hp": 85, "atk": 85, "def": 85, "spa": 85, "spd": 85, "spe": 85}, "ivs": {"hp": 31, "atk": 31, "def": 31, "spa": 31, "spd": 31, "spe": 31}, "item": "Heavy-Duty Boots", "teraType": "Flying", "role": "Tera Blast user", "bvs": {"hp": 95, "atk": 125, "def": 79, "spa": 60, "spd": 100, "spe": 81}, "stats": {"hp": 280, "atk": 243, "def": 170, "spa": 140, "spd": 204, "spe": 174}, "types": ["Water", "Flying"]}, "Oinkologne": {"name": "Oinkologne", "species": "Oinkologne-F", "speciesId": "oinkolognef", "gender": "F", "shiny": false, "level": 92, "moves": ["curse", "lashout", "doubleedge", "highhorsepower"], "ability": "Thick Fat", "evs": {"hp": 85, "atk": 85, "def": 85, "spa": 85, "spd": 85, "spe": 85}, "ivs": {"hp": 31, "atk": 31, "def": 31, "spa": 31, "spd": 31, "spe": 31}, "item": "Leftovers", "teraType": "Ground", "role": "Bulky Setup", "bvs": {"hp": 115, "atk": 90, "def": 70, "spa": 59, "spd": 90, "spe": 65}, "stats": {"hp": 361, "atk": 218, "def": 181, "spa": 161, "spd": 218, "spe": 172}, "types": ["Normal"]}}]}