{"id": "gen9randombattle-2641107753", "format": "[Gen 9] Random Battle", "players": ["iaremoose", "notmetbh102"], "log": "|j|\u2606iaremoose\n|j|\u2606notmetbh102\n|t:|1782741395\n|gametype|singles\n|player|p1|iaremoose|acetrainerf-gen4|2111\n|player|p2|notmetbh102|2|2059\n|gen|9\n|tier|[Gen 9] Random Battle\n|rated|\n|rule|Species Clause: Limit one of each Pok\u00e9mon\n|rule|HP Percentage Mod: HP is shown in percentages\n|rule|Sleep Clause Mod: Limit one foe put to sleep\n|rule|Illusion Level Mod: Illusion disguises the Pok\u00e9mon's true level\n|\n|t:|1782741395\n|teamsize|p1|6\n|teamsize|p2|6\n|start\n|switch|p1a: Orthworm|Orthworm, L88, F|266/266\n|switch|p2a: Kleavor|Kleavor, L78, M|237/237\n|turn|1\n|inactive|Battle timer is ON: inactive players will automatically lose when time's up. (requested by notmetbh102)\n|c|\u2606notmetbh102|hf\n|\n|t:|1782741401\n|switch|p2a: Lunala|Lunala, L70|308/308\n|move|p1a: Orthworm|Iron Tail|p2a: Lunala\n|-damage|p2a: Lunala|240/308\n|\n|-heal|p2a: Lunala|259/308|[from] item: Leftovers\n|upkeep\n|turn|2\n|\n|t:|1782741407\n|switch|p1a: Banette|Banette, L93, M|270/270\n|move|p2a: Lunala|Calm Mind|p2a: Lunala\n|-boost|p2a: Lunala|spa|1\n|-boost|p2a: Lunala|spd|1\n|\n|-heal|p2a: Lunala|278/308|[from] item: Leftovers\n|upkeep\n|turn|3\n|\n|t:|1782741409\n|-terastallize|p2a: Lunala|Fairy\n|move|p1a: Banette|Shadow Sneak|p2a: Lunala\n|-damage|p2a: Lunala|183/308\n|-damage|p1a: Banette|243/270|[from] item: Life Orb\n|move|p2a: Lunala|Moongeist Beam|p1a: Banette\n|-supereffective|p1a: Banette\n|-damage|p1a: Banette|0 fnt\n|faint|p1a: Banette\n|\n|-heal|p2a: Lunala|202/308|[from] item: Leftovers\n|upkeep\n|\n|t:|1782741432\n|switch|p1a: Rayquaza|Rayquaza, L72|270/270\n|-ability|p1a: Rayquaza|Air Lock\n|turn|4\n|\n|t:|1782741433\n|move|p1a: Rayquaza|Dragon Ascent|p2a: Lunala\n|-damage|p2a: Lunala|0 fnt\n|-unboost|p1a: Rayquaza|def|1\n|-unboost|p1a: Rayquaza|spd|1\n|faint|p2a: Lunala\n|\n|upkeep\n|\n|t:|1782741434\n|switch|p2a: Kleavor|Kleavor, L78, M|237/237\n|turn|5\n|\n|t:|1782741441\n|switch|p1a: Orthworm|Orthworm, L88, F|266/266\n|move|p2a: Kleavor|Stone Axe|p1a: Orthworm\n|-resisted|p1a: Orthworm\n|-damage|p1a: Orthworm|227/266\n|-sidestart|p1: iaremoose|move: Stealth Rock\n|\n|upkeep\n|turn|6\n|\n|t:|1782741443\n|switch|p2a: Tornadus|Tornadus, L82, M|264/264\n|move|p1a: Orthworm|Iron Tail|p2a: Tornadus\n|-damage|p2a: Tornadus|129/264\n|-unboost|p2a: Tornadus|def|1\n|\n|upkeep\n|turn|7\n|\n|t:|1782741453\n|switch|p1a: Noctowl|Noctowl, L95, F|344/344\n|move|p2a: Tornadus|Focus Blast|p1a: Noctowl\n|-damage|p1a: Noctowl|268/344\n|\n|upkeep\n|turn|8\n|\n|t:|1782741459\n|move|p2a: Tornadus|Bleakwind Storm|p1a: Noctowl\n|-damage|p1a: Noctowl|166/344\n|move|p1a: Noctowl|Calm Mind|p1a: Noctowl\n|-boost|p1a: Noctowl|spa|1\n|-boost|p1a: Noctowl|spd|1\n|\n|upkeep\n|turn|9\n|\n|t:|1782741461\n|switch|p2a: Bruxish|Bruxish, L85, F|254/254\n|move|p1a: Noctowl|Roost|p1a: Noctowl\n|-heal|p1a: Noctowl|338/344\n|-singleturn|p1a: Noctowl|move: Roost\n|\n|upkeep\n|turn|10\n|\n|t:|1782741464\n|move|p2a: Bruxish|Psychic Fangs|p1a: Noctowl\n|-damage|p1a: Noctowl|145/344\n|move|p1a: Noctowl|Hurricane|p2a: Bruxish\n|-damage|p2a: Bruxish|2/254\n|\n|upkeep\n|turn|11\n|\n|t:|1782741472\n|switch|p1a: Orthworm|Orthworm, L88, F|227/266\n|-damage|p1a: Orthworm|211/266|[from] Stealth Rock\n|move|p2a: Bruxish|Psychic Fangs|p1a: Orthworm\n|-resisted|p1a: Orthworm\n|-damage|p1a: Orthworm|164/266\n|\n|upkeep\n|turn|12\n|\n|t:|1782741476\n|move|p2a: Bruxish|Psychic Fangs|p1a: Orthworm\n|-resisted|p1a: Orthworm\n|-damage|p1a: Orthworm|119/266\n|move|p1a: Orthworm|Coil|p1a: Orthworm\n|-boost|p1a: Orthworm|atk|1\n|-boost|p1a: Orthworm|def|1\n|-boost|p1a: Orthworm|accuracy|1\n|\n|upkeep\n|turn|13\n|\n|t:|1782741478\n|switch|p2a: Lumineon|Lumineon, L93, M|279/279\n|move|p1a: Orthworm|Rest|p1a: Orthworm\n|-status|p1a: Orthworm|slp|[from] move: Rest\n|-heal|p1a: Orthworm|266/266 slp|[silent]\n|-enditem|p1a: Orthworm|Chesto Berry|[eat]\n|-curestatus|p1a: Orthworm|slp|[msg]\n|\n|upkeep\n|turn|14\n|\n|t:|1782741484\n|switch|p1a: Porygon2|Porygon2, L81|270/270\n|-damage|p1a: Porygon2|237/270|[from] Stealth Rock\n|-ability|p1a: Porygon2|Download|boost\n|-boost|p1a: Porygon2|atk|1\n|move|p2a: Lumineon|Encore||[still]\n|-fail|p2a: Lumineon\n|\n|upkeep\n|turn|15\n|\n|t:|1782741487\n|move|p2a: Lumineon|U-turn|p1a: Porygon2\n|-damage|p1a: Porygon2|206/270\n|\n|t:|1782741488\n|switch|p2a: Bruxish|Bruxish, L85, F|2/254|[from] U-turn\n|move|p1a: Porygon2|Discharge|p2a: Bruxish\n|-supereffective|p2a: Bruxish\n|-damage|p2a: Bruxish|0 fnt\n|faint|p2a: Bruxish\n|\n|upkeep\n|\n|t:|1782741488\n|switch|p2a: Kleavor|Kleavor, L78, M|237/237\n|turn|16\n|\n|t:|1782741493\n|switch|p1a: Noctowl|Noctowl, L95, F|145/344\n|move|p2a: Kleavor|X-Scissor|p1a: Noctowl\n|-resisted|p1a: Noctowl\n|-damage|p1a: Noctowl|52/344\n|\n|upkeep\n|turn|17\n|\n|t:|1782741497\n|move|p1a: Noctowl|Hurricane|p2a: Kleavor\n|-damage|p2a: Kleavor|74/237\n|move|p2a: Kleavor|X-Scissor|p1a: Noctowl\n|-resisted|p1a: Noctowl\n|-damage|p1a: Noctowl|0 fnt\n|faint|p1a: Noctowl\n|\n|upkeep\n|\n|t:|1782741506\n|switch|p1a: Porygon2|Porygon2, L81|206/270\n|-damage|p1a: Porygon2|173/270|[from] Stealth Rock\n|-ability|p1a: Porygon2|Download|boost\n|-boost|p1a: Porygon2|spa|1\n|turn|18\n|\n|t:|1782741508\n|move|p2a: Kleavor|X-Scissor|p1a: Porygon2\n|-damage|p1a: Porygon2|74/270\n|move|p1a: Porygon2|Recover|p1a: Porygon2\n|-heal|p1a: Porygon2|209/270\n|\n|upkeep\n|turn|19\n|\n|t:|1782741511\n|move|p2a: Kleavor|Close Combat|p1a: Porygon2\n|-supereffective|p1a: Porygon2\n|-damage|p1a: Porygon2|69/270\n|-unboost|p2a: Kleavor|def|1\n|-unboost|p2a: Kleavor|spd|1\n|move|p1a: Porygon2|Recover|p1a: Porygon2\n|-heal|p1a: Porygon2|204/270\n|\n|upkeep\n|turn|20\n|\n|t:|1782741513\n|move|p2a: Kleavor|Close Combat|p1a: Porygon2\n|-supereffective|p1a: Porygon2\n|-damage|p1a: Porygon2|70/270\n|-unboost|p2a: Kleavor|def|1\n|-unboost|p2a: Kleavor|spd|1\n|move|p1a: Porygon2|Tri Attack|p2a: Kleavor\n|-resisted|p2a: Kleavor\n|-damage|p2a: Kleavor|0 fnt\n|faint|p2a: Kleavor\n|\n|upkeep\n|\n|t:|1782741514\n|switch|p2a: Tornadus|Tornadus, L82, M|129/264\n|turn|21\n|\n|t:|1782741516\n|move|p2a: Tornadus|Bleakwind Storm|p1a: Porygon2\n|-damage|p1a: Porygon2|0 fnt\n|faint|p1a: Porygon2\n|\n|upkeep\n|\n|t:|1782741528\n|switch|p1a: Reshiram|Reshiram, L76|277/277\n|-ability|p1a: Reshiram|Turboblaze\n|turn|22\n|\n|t:|1782741530\n|move|p2a: Tornadus|Bleakwind Storm|p1a: Reshiram|[miss]\n|-miss|p2a: Tornadus|p1a: Reshiram\n|move|p1a: Reshiram|Blue Flare|p2a: Tornadus\n|-damage|p2a: Tornadus|0 fnt\n|faint|p2a: Tornadus\n|\n|upkeep\n|\n|t:|1782741530\n|switch|p2a: Lumineon|Lumineon, L93, M|279/279\n|turn|23\n|\n|t:|1782741535\n|move|p2a: Lumineon|Hydro Pump|p1a: Reshiram\n|-damage|p1a: Reshiram|187/277\n|move|p1a: Reshiram|Draco Meteor|p2a: Lumineon\n|-crit|p2a: Lumineon\n|-damage|p2a: Lumineon|62/279\n|-unboost|p1a: Reshiram|spa|2\n|\n|upkeep\n|turn|24\n|\n|t:|1782741538\n|move|p2a: Lumineon|U-turn|p1a: Reshiram\n|-resisted|p1a: Reshiram\n|-damage|p1a: Reshiram|163/277\n|\n|t:|1782741538\n|switch|p2a: Sunflora|Sunflora, M|312/312|[from] U-turn\n|move|p1a: Reshiram|Draco Meteor|p2a: Sunflora\n|-damage|p2a: Sunflora|245/312\n|-unboost|p1a: Reshiram|spa|2\n|\n|upkeep\n|turn|25\n|\n|t:|1782741547\n|switch|p1a: Rayquaza|Rayquaza, L72|270/270\n|-damage|p1a: Rayquaza|203/270|[from] Stealth Rock\n|-ability|p1a: Rayquaza|Air Lock\n|move|p2a: Sunflora|Earth Power|p1a: Rayquaza\n|-immune|p1a: Rayquaza\n|\n|upkeep\n|turn|26\n|\n|t:|1782741550\n|switch|p2a: Lumineon|Lumineon, L93, M|62/279\n|move|p1a: Rayquaza|Dragon Ascent|p2a: Lumineon\n|-damage|p2a: Lumineon|0 fnt\n|-unboost|p1a: Rayquaza|def|1\n|-unboost|p1a: Rayquaza|spd|1\n|faint|p2a: Lumineon\n|\n|upkeep\n|\n|t:|1782741551\n|switch|p2a: Sunflora|Sunflora, M|245/312\n|turn|27\n|\n|t:|1782741552\n|move|p1a: Rayquaza|Dragon Ascent|p2a: Sunflora\n|-supereffective|p2a: Sunflora\n|-damage|p2a: Sunflora|0 fnt\n|-unboost|p1a: Rayquaza|def|1\n|-unboost|p1a: Rayquaza|spd|1\n|faint|p2a: Sunflora\n|\n|win|iaremoose\n|raw|iaremoose's rating: 2111 &rarr; <strong>2128</strong><br />(+17 for winning)\n|raw|notmetbh102's rating: 2059 &rarr; <strong>2042</strong><br />(-17 for losing)\n|c|\u2606notmetbh102|gg\n", "inputlog": ">version f8ac14003a5f27e1bdc8d8c59608a773c1cb96e5\n>start {\"formatid\":\"gen9randombattle\",\"seed\":\"sodium,a8770fd43ea2b08d7a65ed46fe2b1190\",\"rated\":\"Rated battle\"}\n>player p1 {\"name\":\"iaremoose\",\"avatar\":\"acetrainerf-gen4\",\"rating\":2111,\"seed\":\"sodium,241829f9dd7b8e42057bf5b29764c889\"}\n>player p2 {\"name\":\"notmetbh102\",\"avatar\":\"2\",\"rating\":2059,\"seed\":\"sodium,cd0f5f300f5d45463297164f30d12c7c\"}\n>chat \u2606notmetbh102|hf\n>p1 move irontail\n>p2 switch 2\n>p1 switch 2\n>p2 move calmmind\n>p1 move shadowsneak\n>p2 move moongeistbeam terastallize\n>p1 switch 3\n>p1 move dragonascent\n>p2 move moongeistbeam\n>p2 switch 2\n>p1 switch 2\n>p2 move stoneaxe\n>p1 move irontail\n>p2 switch 4\n>p1 switch 4\n>p2 move focusblast\n>p1 move calmmind\n>p2 move bleakwindstorm\n>p1 move roost\n>p2 switch 3\n>p1 move hurricane\n>p2 move psychicfangs\n>p1 switch 4\n>p2 move psychicfangs\n>p1 move coil\n>p2 move psychicfangs\n>p1 move rest\n>p2 switch 5\n>p1 switch 5\n>p2 move encore\n>p1 move discharge\n>p2 move uturn\n>p2 switch 5\n>p2 switch 4\n>p1 switch 4\n>p2 move xscissor\n>p1 move hurricane\n>p2 move xscissor\n>p1 switch 4\n>p1 move recover\n>p2 move xscissor\n>p1 move recover\n>p2 move closecombat\n>p1 move triattack\n>p2 move closecombat\n>p2 switch 3\n>p1 move recover\n>p2 move bleakwindstorm\n>p1 switch 6\n>p1 move blueflare\n>p2 move bleakwindstorm\n>p2 switch 5\n>p1 move dracometeor\n>p2 move hydropump\n>p1 move dracometeor\n>p2 move uturn\n>p2 switch 6\n>p1 switch 2\n>p2 move earthpower\n>p1 move dragonascent\n>p2 switch 6\n>p2 switch 6\n>p1 move dragonascent\n>p2 move weatherball", "uploadtime": 1782741553, "views": 7, "formatid": "gen9randombattle", "rating": 2042, "private": 0, "password": null, "player_dets": [{"name": "iaremoose", "avatar": "acetrainerf-gen4", "rating": 2111, "seed": "sodium,241829f9dd7b8e42057bf5b29764c889"}, {"name": "notmetbh102", "avatar": "2", "rating": 2059, "seed": "sodium,cd0f5f300f5d45463297164f30d12c7c"}], "teams_full": [{"Orthworm": {"name": "Orthworm", "species": "Orthworm", "speciesId": "orthworm", "gender": "F", "shiny": false, "level": 88, "moves": ["irontail", "bodypress", "rest", "coil"], "ability": "Earth Eater", "evs": {"hp": 85, "atk": 85, "def": 85, "spa": 85, "spd": 85, "spe": 85}, "ivs": {"hp": 31, "atk": 31, "def": 31, "spa": 31, "spd": 31, "spe": 31}, "item": "Chesto Berry", "teraType": "Electric", "role": "Bulky Setup", "bvs": {"hp": 70, "atk": 85, "def": 145, "spa": 60, "spd": 55, "spe": 65}, "stats": {"hp": 266, "atk": 200, "def": 305, "spa": 156, "spd": 147, "spe": 165}, "types": ["Steel"]}, "Banette": {"name": "Banette", "species": "Banette", "speciesId": "banette", "gender": "M", "shiny": false, "level": 93, "moves": ["poltergeist", "gunkshot", "shadowsneak", "swordsdance"], "ability": "Insomnia", "evs": {"hp": 85, "atk": 85, "def": 85, "spa": 85, "spd": 85, "spe": 85}, "ivs": {"hp": 31, "atk": 31, "def": 31, "spa": 31, "spd": 31, "spe": 31}, "item": "Life Orb", "teraType": "Poison", "role": "Wallbreaker", "bvs": {"hp": 64, "atk": 115, "def": 65, "spa": 83, "spd": 63, "spe": 65}, "stats": {"hp": 270, "atk": 267, "def": 174, "spa": 207, "spd": 170, "spe": 174}, "types": ["Ghost"]}, "Rayquaza": {"name": "Rayquaza", "species": "Rayquaza", "speciesId": "rayquaza", "gender": "N", "shiny": false, "level": 72, "moves": ["dragonascent", "extremespeed", "uturn", "earthquake"], "ability": "Air Lock", "evs": {"hp": 85, "atk": 85, "def": 85, "spa": 85, "spd": 85, "spe": 85}, "ivs": {"hp": 31, "atk": 31, "def": 31, "spa": 31, "spd": 31, "spe": 31}, "item": "Choice Band", "teraType": "Normal", "role": "Fast Attacker", "bvs": {"hp": 105, "atk": 150, "def": 90, "spa": 150, "spd": 90, "spe": 95}, "stats": {"hp": 270, "atk": 258, "def": 172, "spa": 258, "spd": 172, "spe": 179}, "types": ["Dragon", "Flying"]}, "Noctowl": {"name": "Noctowl", "species": "Noctowl", "speciesId": "noctowl", "gender": "F", "shiny": false, "level": 95, "moves": ["calmmind", "hypervoice", "hurricane", "roost"], "ability": "Tinted Lens", "evs": {"hp": 85, "atk": 0, "def": 85, "spa": 85, "spd": 85, "spe": 85}, "ivs": {"hp": 31, "atk": 0, "def": 31, "spa": 31, "spd": 31, "spe": 31}, "item": "Heavy-Duty Boots", "teraType": "Steel", "role": "Bulky Attacker", "bvs": {"hp": 100, "atk": 50, "def": 50, "spa": 86, "spd": 96, "spe": 70}, "stats": {"hp": 344, "atk": 100, "def": 149, "spa": 217, "spd": 236, "spe": 187}, "types": ["Normal", "Flying"]}, "Porygon2": {"name": "Porygon2", "species": "Porygon2", "speciesId": "porygon2", "gender": "N", "shiny": false, "level": 81, "moves": ["icebeam", "triattack", "discharge", "recover"], "ability": "Download", "evs": {"hp": 85, "atk": 0, "def": 85, "spa": 85, "spd": 85, "spe": 85}, "ivs": {"hp": 31, "atk": 0, "def": 31, "spa": 31, "spd": 31, "spe": 31}, "item": "Eviolite", "teraType": "Ghost", "role": "Bulky Support", "bvs": {"hp": 85, "atk": 80, "def": 90, "spa": 105, "spd": 95, "spe": 60}, "stats": {"hp": 270, "atk": 134, "def": 192, "spa": 217, "spd": 201, "spe": 144}, "types": ["Normal"]}, "Reshiram": {"name": "Reshiram", "species": "Reshiram", "speciesId": "reshiram", "gender": "N", "shiny": false, "level": 76, "moves": ["dracometeor", "willowisp", "blueflare", "earthpower"], "ability": "Turboblaze", "evs": {"hp": 85, "atk": 0, "def": 85, "spa": 85, "spd": 85, "spe": 85}, "ivs": {"hp": 31, "atk": 0, "def": 31, "spa": 31, "spd": 31, "spe": 31}, "item": "Heavy-Duty Boots", "teraType": "Ground", "role": "Fast Attacker", "bvs": {"hp": 100, "atk": 120, "def": 100, "spa": 150, "spd": 120, "spe": 90}, "stats": {"hp": 277, "atk": 187, "def": 196, "spa": 272, "spd": 226, "spe": 181}, "types": ["Dragon", "Fire"]}}, {"Kleavor": {"name": "Kleavor", "species": "Kleavor", "speciesId": "kleavor", "gender": "M", "shiny": false, "level": 78, "moves": ["xscissor", "defog", "closecombat", "stoneaxe"], "ability": "Sharpness", "evs": {"hp": 85, "atk": 85, "def": 85, "spa": 85, "spd": 85, "spe": 85}, "ivs": {"hp": 31, "atk": 31, "def": 31, "spa": 31, "spd": 31, "spe": 31}, "item": "Heavy-Duty Boots", "teraType": "Fighting", "role": "Bulky Attacker", "bvs": {"hp": 70, "atk": 135, "def": 95, "spa": 45, "spd": 70, "spe": 85}, "stats": {"hp": 237, "atk": 256, "def": 193, "spa": 115, "spd": 154, "spe": 178}, "types": ["Bug", "Rock"]}, "Lunala": {"name": "Lunala", "species": "Lunala", "speciesId": "lunala", "gender": "N", "shiny": false, "level": 70, "moves": ["moonlight", "psyshock", "calmmind", "moongeistbeam"], "ability": "Shadow Shield", "evs": {"hp": 85, "atk": 0, "def": 85, "spa": 85, "spd": 85, "spe": 85}, "ivs": {"hp": 31, "atk": 0, "def": 31, "spa": 31, "spd": 31, "spe": 31}, "item": "Leftovers", "teraType": "Fairy", "role": "Fast Bulky Setup", "bvs": {"hp": 137, "atk": 113, "def": 89, "spa": 137, "spd": 107, "spe": 97}, "stats": {"hp": 308, "atk": 163, "def": 166, "spa": 233, "spd": 191, "spe": 177}, "types": ["Psychic", "Ghost"]}, "Bruxish": {"name": "Bruxish", "species": "Bruxish", "speciesId": "bruxish", "gender": "F", "shiny": false, "level": 85, "moves": ["wavecrash", "crunch", "psychicfangs", "flipturn"], "ability": "Strong Jaw", "evs": {"hp": 85, "atk": 85, "def": 85, "spa": 85, "spd": 85, "spe": 85}, "ivs": {"hp": 31, "atk": 31, "def": 31, "spa": 31, "spd": 31, "spe": 31}, "item": "Choice Scarf", "teraType": "Psychic", "role": "Fast Attacker", "bvs": {"hp": 68, "atk": 105, "def": 70, "spa": 70, "spd": 70, "spe": 92}, "stats": {"hp": 254, "atk": 227, "def": 168, "spa": 168, "spd": 168, "spe": 205}, "types": ["Water", "Psychic"]}, "Tornadus": {"name": "Tornadus", "species": "Tornadus", "speciesId": "tornadus", "gender": "M", "shiny": false, "level": 82, "moves": ["focusblast", "nastyplot", "bleakwindstorm", "heatwave"], "ability": "Prankster", "evs": {"hp": 85, "atk": 0, "def": 85, "spa": 85, "spd": 85, "spe": 85}, "ivs": {"hp": 31, "atk": 0, "def": 31, "spa": 31, "spd": 31, "spe": 31}, "item": "Heavy-Duty Boots", "teraType": "Fire", "role": "Fast Attacker", "bvs": {"hp": 79, "atk": 115, "def": 70, "spa": 125, "spd": 80, "spe": 111}, "stats": {"hp": 264, "atk": 193, "def": 162, "spa": 252, "spd": 178, "spe": 229}, "types": ["Flying"]}, "Lumineon": {"name": "Lumineon", "species": "Lumineon", "speciesId": "lumineon", "gender": "M", "shiny": false, "level": 93, "moves": ["hydropump", "icebeam", "uturn", "encore"], "ability": "Storm Drain", "evs": {"hp": 85, "atk": 85, "def": 85, "spa": 85, "spd": 85, "spe": 85}, "ivs": {"hp": 31, "atk": 31, "def": 31, "spa": 31, "spd": 31, "spe": 31}, "item": "Heavy-Duty Boots", "teraType": "Fire", "role": "Fast Support", "bvs": {"hp": 69, "atk": 69, "def": 76, "spa": 69, "spd": 86, "spe": 91}, "stats": {"hp": 279, "atk": 181, "def": 194, "spa": 181, "spd": 213, "spe": 222}, "types": ["Water"]}, "Sunflora": {"name": "Sunflora", "species": "Sunflora", "speciesId": "sunflora", "gender": "M", "shiny": false, "level": 100, "moves": ["earthpower", "solarbeam", "weatherball", "sunnyday"], "ability": "Chlorophyll", "evs": {"hp": 85, "atk": 0, "def": 85, "spa": 85, "spd": 85, "spe": 85}, "ivs": {"hp": 31, "atk": 0, "def": 31, "spa": 31, "spd": 31, "spe": 31}, "item": "Life Orb", "teraType": "Fire", "role": "Setup Sweeper", "bvs": {"hp": 75, "atk": 75, "def": 55, "spa": 105, "spd": 85, "spe": 30}, "stats": {"hp": 312, "atk": 155, "def": 167, "spa": 267, "spd": 227, "spe": 117}, "types": ["Grass"]}}]}