{"id": "gen9randombattle-2641077390", "format": "[Gen 9] Random Battle", "players": ["Derek Chauvin hero", "testbotcif"], "log": "|j|\u2606Derek Chauvin hero\n|j|\u2606testbotcif\n|t:|1782737091\n|gametype|singles\n|player|p1|Derek Chauvin hero|policeman-gen4|1292\n|player|p2|testbotcif|266|1252\n|gen|9\n|tier|[Gen 9] Random Battle\n|rated|\n|rule|Species Clause: Limit one of each Pok\u00e9mon\n|rule|HP Percentage Mod: HP is shown in percentages\n|rule|Sleep Clause Mod: Limit one foe put to sleep\n|rule|Illusion Level Mod: Illusion disguises the Pok\u00e9mon's true level\n|\n|t:|1782737091\n|teamsize|p1|6\n|teamsize|p2|6\n|start\n|switch|p1a: Rhyperior|Rhyperior, L82, F|323/323\n|switch|p2a: Arceus|Arceus-Dark, L71|288/288\n|turn|1\n|c|\u2606testbotcif|rlhf\n|inactive|Battle timer is ON: inactive players will automatically lose when time's up. (requested by Derek Chauvin hero)\n|inactive|testbotcif also wants the timer to be on.\n|c|\u2606Derek Chauvin hero|glhf, folks\n|inactive|testbotcif has 120 seconds left.\n|inactive|testbotcif has 90 seconds left.\n|\n|t:|1782737177\n|switch|p2a: Mudsdale|Mudsdale, L83, F|302/302\n|switch|p1a: Klefki|Klefki, L84, F|233/233\n|\n|upkeep\n|turn|2\n|\n|t:|1782737192\n|move|p1a: Klefki|Magnet Rise|p1a: Klefki\n|-start|p1a: Klefki|Magnet Rise\n|move|p2a: Mudsdale|Stealth Rock|p1a: Klefki\n|-sidestart|p1: Derek Chauvin hero|move: Stealth Rock\n|\n|upkeep\n|turn|3\n|\n|t:|1782737197\n|move|p1a: Klefki|Spikes|p2a: Mudsdale\n|-sidestart|p2: testbotcif|Spikes\n|move|p2a: Mudsdale|Heavy Slam|p1a: Klefki\n|-damage|p1a: Klefki|127/233\n|\n|-heal|p1a: Klefki|141/233|[from] item: Leftovers\n|upkeep\n|turn|4\n|\n|t:|1782737203\n|move|p1a: Klefki|Spikes|p2a: Mudsdale\n|-sidestart|p2: testbotcif|Spikes\n|move|p2a: Mudsdale|Heavy Slam|p1a: Klefki\n|-damage|p1a: Klefki|40/233\n|\n|-heal|p1a: Klefki|54/233|[from] item: Leftovers\n|upkeep\n|turn|5\n|\n|t:|1782737218\n|switch|p1a: Dudunsparce|Dudunsparce, L83, M|343/343\n|-damage|p1a: Dudunsparce|301/343|[from] Stealth Rock\n|move|p2a: Mudsdale|Earthquake|p1a: Dudunsparce\n|-crit|p1a: Dudunsparce\n|-damage|p1a: Dudunsparce|78/343\n|\n|-heal|p1a: Dudunsparce|99/343|[from] item: Leftovers\n|upkeep\n|turn|6\n|\n|t:|1782737226\n|move|p1a: Dudunsparce|Glare|p2a: Mudsdale\n|-status|p2a: Mudsdale|par\n|move|p2a: Mudsdale|Earthquake|p1a: Dudunsparce\n|-damage|p1a: Dudunsparce|0 fnt\n|faint|p1a: Dudunsparce\n|\n|upkeep\n|\n|t:|1782737232\n|switch|p1a: Magearna|Magearna, L77|250/250\n|-damage|p1a: Magearna|235/250|[from] Stealth Rock\n|turn|7\n|\n|t:|1782737240\n|-terastallize|p1a: Magearna|Water\n|-terastallize|p2a: Mudsdale|Steel\n|move|p1a: Magearna|Flash Cannon|p2a: Mudsdale\n|-resisted|p2a: Mudsdale\n|-damage|p2a: Mudsdale|257/302 par\n|-ability|p2a: Mudsdale|Stamina|boost\n|-boost|p2a: Mudsdale|def|1\n|move|p2a: Mudsdale|Earthquake|p1a: Magearna\n|-damage|p1a: Magearna|126/250\n|\n|-heal|p1a: Magearna|141/250|[from] item: Leftovers\n|-heal|p2a: Mudsdale|275/302 par|[from] item: Leftovers\n|upkeep\n|turn|8\n|\n|t:|1782737253\n|switch|p1a: Golurk|Golurk, L87|297/297\n|-damage|p1a: Golurk|279/297|[from] Stealth Rock\n|move|p2a: Mudsdale|Earthquake|p1a: Golurk\n|-damage|p1a: Golurk|152/297\n|\n|-heal|p2a: Mudsdale|293/302 par|[from] item: Leftovers\n|upkeep\n|turn|9\n|\n|t:|1782737262\n|move|p1a: Golurk|Dynamic Punch|p2a: Mudsdale\n|-supereffective|p2a: Mudsdale\n|-damage|p2a: Mudsdale|150/302 par\n|-start|p2a: Mudsdale|confusion\n|-ability|p2a: Mudsdale|Stamina|boost\n|-boost|p2a: Mudsdale|def|1\n|-damage|p1a: Golurk|123/297|[from] item: Life Orb\n|-activate|p2a: Mudsdale|confusion\n|move|p2a: Mudsdale|Earthquake|p1a: Golurk\n|-crit|p1a: Golurk\n|-damage|p1a: Golurk|0 fnt\n|faint|p1a: Golurk\n|\n|-heal|p2a: Mudsdale|168/302 par|[from] item: Leftovers\n|upkeep\n|\n|t:|1782737276\n|switch|p1a: Rhyperior|Rhyperior, L82, F|323/323\n|-damage|p1a: Rhyperior|303/323|[from] Stealth Rock\n|turn|10\n|\n|t:|1782737281\n|move|p1a: Rhyperior|Rock Polish|p1a: Rhyperior\n|-boost|p1a: Rhyperior|spe|2\n|-activate|p2a: Mudsdale|confusion\n|-damage|p2a: Mudsdale|152/302 par|[from] confusion\n|\n|-heal|p2a: Mudsdale|170/302 par|[from] item: Leftovers\n|upkeep\n|turn|11\n|\n|t:|1782737288\n|move|p1a: Rhyperior|Rock Polish|p1a: Rhyperior\n|-boost|p1a: Rhyperior|spe|2\n|-activate|p2a: Mudsdale|confusion\n|move|p2a: Mudsdale|Roar|p1a: Rhyperior\n|drag|p1a: Magearna|Magearna, L77, tera:Water|141/250\n|-damage|p1a: Magearna|110/250|[from] Stealth Rock\n|\n|-heal|p1a: Magearna|125/250|[from] item: Leftovers\n|-heal|p2a: Mudsdale|188/302 par|[from] item: Leftovers\n|upkeep\n|turn|12\n|\n|t:|1782737300\n|move|p1a: Magearna|Spikes|p2a: Mudsdale\n|-sidestart|p2: testbotcif|Spikes\n|-activate|p2a: Mudsdale|confusion\n|-damage|p2a: Mudsdale|172/302 par|[from] confusion\n|\n|-heal|p1a: Magearna|140/250|[from] item: Leftovers\n|-heal|p2a: Mudsdale|190/302 par|[from] item: Leftovers\n|upkeep\n|turn|13\n|\n|t:|1782737304\n|move|p1a: Magearna|Flash Cannon|p2a: Mudsdale\n|-resisted|p2a: Mudsdale\n|-damage|p2a: Mudsdale|148/302 par\n|-ability|p2a: Mudsdale|Stamina|boost\n|-boost|p2a: Mudsdale|def|1\n|-end|p2a: Mudsdale|confusion\n|move|p2a: Mudsdale|Earthquake|p1a: Magearna\n|-damage|p1a: Magearna|32/250\n|\n|-heal|p1a: Magearna|47/250|[from] item: Leftovers\n|-heal|p2a: Mudsdale|166/302 par|[from] item: Leftovers\n|upkeep\n|turn|14\n|\n|t:|1782737311\n|move|p1a: Magearna|Flash Cannon|p2a: Mudsdale\n|-resisted|p2a: Mudsdale\n|-damage|p2a: Mudsdale|117/302 par\n|-unboost|p2a: Mudsdale|spd|1\n|-ability|p2a: Mudsdale|Stamina|boost\n|-boost|p2a: Mudsdale|def|1\n|move|p2a: Mudsdale|Earthquake|p1a: Magearna\n|-damage|p1a: Magearna|0 fnt\n|faint|p1a: Magearna\n|\n|-heal|p2a: Mudsdale|135/302 par|[from] item: Leftovers\n|upkeep\n|\n|t:|1782737319\n|switch|p1a: Rhyperior|Rhyperior, L82, F|303/323\n|-damage|p1a: Rhyperior|283/323|[from] Stealth Rock\n|turn|15\n|\n|t:|1782737322\n|move|p1a: Rhyperior|Earthquake|p2a: Mudsdale\n|-supereffective|p2a: Mudsdale\n|-damage|p2a: Mudsdale|55/302 par\n|-ability|p2a: Mudsdale|Stamina|boost\n|-boost|p2a: Mudsdale|def|1\n|cant|p2a: Mudsdale|par\n|\n|-heal|p2a: Mudsdale|73/302 par|[from] item: Leftovers\n|upkeep\n|turn|16\n|\n|t:|1782737328\n|move|p1a: Rhyperior|Earthquake|p2a: Mudsdale\n|-supereffective|p2a: Mudsdale\n|-damage|p2a: Mudsdale|0 fnt\n|faint|p2a: Mudsdale\n|\n|upkeep\n|\n|t:|1782737329\n|switch|p2a: Hydrapple|Hydrapple, L83, M|312/312\n|-damage|p2a: Hydrapple|234/312|[from] Spikes\n|turn|17\n|\n|t:|1782737337\n|move|p2a: Hydrapple|Giga Drain|p1a: Rhyperior\n|-supereffective|p1a: Rhyperior\n|-damage|p1a: Rhyperior|0 fnt\n|-heal|p2a: Hydrapple|312/312|[from] drain|[of] p1a: Rhyperior\n|faint|p1a: Rhyperior\n|-damage|p2a: Hydrapple|281/312|[from] item: Life Orb\n|\n|upkeep\n|\n|t:|1782737342\n|switch|p1a: Lokix|Lokix, L82, F|251/251\n|-damage|p1a: Lokix|189/251|[from] Stealth Rock\n|turn|18\n|\n|t:|1782737347\n|move|p1a: Lokix|First Impression|p2a: Hydrapple\n|-supereffective|p2a: Hydrapple\n|-damage|p2a: Hydrapple|101/312\n|move|p2a: Hydrapple|Fickle Beam|p1a: Lokix|[anim] Fickle Beam All Out\n|-activate|p2a: Hydrapple|move: Fickle Beam\n|-damage|p1a: Lokix|0 fnt\n|faint|p1a: Lokix\n|-damage|p2a: Hydrapple|70/312|[from] item: Life Orb\n|\n|upkeep\n|c|\u2606Derek Chauvin hero|great match up, folks\n|\n|t:|1782737356\n|switch|p1a: Klefki|Klefki, L84, F|54/233\n|-damage|p1a: Klefki|40/233|[from] Stealth Rock\n|turn|19\n|\n|t:|1782737358\n|move|p1a: Klefki|Play Rough|p2a: Hydrapple\n|-supereffective|p2a: Hydrapple\n|-damage|p2a: Hydrapple|0 fnt\n|faint|p2a: Hydrapple\n|\n|-heal|p1a: Klefki|54/233|[from] item: Leftovers\n|upkeep\n|\n|t:|1782737358\n|switch|p2a: Porygon2|Porygon2, L81|270/270\n|-damage|p2a: Porygon2|203/270|[from] Spikes\n|-ability|p2a: Porygon2|Download|boost\n|-boost|p2a: Porygon2|spa|1\n|turn|20\n|\n|t:|1782737365\n|move|p1a: Klefki|Thunder Wave|p2a: Porygon2\n|-status|p2a: Porygon2|par\n|move|p2a: Porygon2|Shadow Ball|p1a: Klefki\n|-damage|p1a: Klefki|0 fnt\n|faint|p1a: Klefki\n|\n|win|testbotcif\n|raw|Derek Chauvin hero's rating: 1292 &rarr; <strong>1264</strong><br />(-28 for losing)\n|raw|testbotcif's rating: 1252 &rarr; <strong>1280</strong><br />(+28 for winning)\n", "inputlog": ">version 3f8ef8cf60cebd2b18892af2794d10415e14a302\n>start {\"formatid\":\"gen9randombattle\",\"seed\":\"sodium,757ace75430a27f2f273ea4e12a707b2\",\"rated\":\"Rated battle\"}\n>player p1 {\"name\":\"Derek Chauvin hero\",\"avatar\":\"policeman-gen4\",\"rating\":1292,\"seed\":\"sodium,935cf33a6812aa3bfb352c8022f82cb7\"}\n>player p2 {\"name\":\"testbotcif\",\"avatar\":\"266\",\"rating\":1252,\"seed\":\"sodium,bb9fcbd37e60c3a700495428c4b749b3\"}\n>chat \u2606testbotcif|rlhf\n>chat \u2606Derek Chauvin hero|glhf, folks\n>p1 switch 3\n>p2 switch 2\n>p1 move magnetrise\n>p2 move stealthrock\n>p1 move spikes\n>p2 move heavyslam\n>p1 move spikes\n>p2 move heavyslam\n>p1 switch 4\n>p2 move earthquake\n>p1 move glare\n>p2 move earthquake\n>p1 switch 2\n>p1 move flashcannon terastallize\n>p2 move earthquake terastallize\n>p1 switch 5\n>p2 move earthquake\n>p1 move dynamicpunch\n>p2 move earthquake\n>p1 switch 3\n>p1 move rockpolish\n>p2 move earthquake\n>p1 move rockpolish\n>p2 move roar\n>p1 move spikes\n>p2 move earthquake\n>p1 move flashcannon\n>p2 move earthquake\n>p1 move flashcannon\n>p2 move earthquake\n>p1 switch 5\n>p1 move earthquake\n>p2 move earthquake\n>p1 move earthquake\n>p2 move earthquake\n>p2 switch 4\n>p1 move icepunch\n>p2 move gigadrain\n>p1 switch 6\n>p1 move firstimpression\n>p2 move ficklebeam\n>chat \u2606Derek Chauvin hero|great match up, folks\n>p1 switch 4\n>p1 move playrough\n>p2 move gigadrain\n>p2 switch 3\n>p1 move thunderwave\n>p2 move shadowball", "uploadtime": 1782737365, "views": 4, "formatid": "gen9randombattle", "rating": 1264, "private": 0, "password": null, "player_dets": [{"name": "Derek Chauvin hero", "avatar": "policeman-gen4", "rating": 1292, "seed": "sodium,935cf33a6812aa3bfb352c8022f82cb7"}, {"name": "testbotcif", "avatar": "266", "rating": 1252, "seed": "sodium,bb9fcbd37e60c3a700495428c4b749b3"}], "teams_full": [{"Rhyperior": {"name": "Rhyperior", "species": "Rhyperior", "speciesId": "rhyperior", "gender": "F", "shiny": false, "level": 82, "moves": ["earthquake", "stoneedge", "rockpolish", "icepunch"], "ability": "Solid Rock", "evs": {"hp": 85, "atk": 85, "def": 85, "spa": 85, "spd": 85, "spe": 85}, "ivs": {"hp": 31, "atk": 31, "def": 31, "spa": 31, "spd": 31, "spe": 31}, "item": "Weakness Policy", "teraType": "Rock", "role": "Bulky Setup", "bvs": {"hp": 115, "atk": 140, "def": 130, "spa": 55, "spd": 55, "spe": 40}, "stats": {"hp": 323, "atk": 277, "def": 260, "spa": 137, "spd": 137, "spe": 113}, "types": ["Ground", "Rock"]}, "Magearna": {"name": "Magearna", "species": "Magearna", "speciesId": "magearna", "gender": "N", "shiny": false, "level": 77, "moves": ["spikes", "fleurcannon", "painsplit", "flashcannon"], "ability": "Soul-Heart", "evs": {"hp": 85, "atk": 0, "def": 85, "spa": 85, "spd": 85, "spe": 85}, "ivs": {"hp": 31, "atk": 0, "def": 31, "spa": 31, "spd": 31, "spe": 31}, "item": "Leftovers", "teraType": "Water", "role": "Bulky Attacker", "bvs": {"hp": 80, "atk": 95, "def": 115, "spa": 130, "spd": 115, "spe": 65}, "stats": {"hp": 250, "atk": 151, "def": 222, "spa": 245, "spd": 222, "spe": 145}, "types": ["Steel", "Fairy"]}, "Klefki": {"name": "Klefki", "species": "Klefki", "speciesId": "klefki", "gender": "F", "shiny": false, "level": 84, "moves": ["thunderwave", "spikes", "playrough", "magnetrise"], "ability": "Prankster", "evs": {"hp": 85, "atk": 85, "def": 85, "spa": 85, "spd": 85, "spe": 85}, "ivs": {"hp": 31, "atk": 31, "def": 31, "spa": 31, "spd": 31, "spe": 31}, "item": "Leftovers", "teraType": "Water", "role": "Bulky Support", "bvs": {"hp": 57, "atk": 80, "def": 91, "spa": 80, "spd": 87, "spe": 75}, "stats": {"hp": 233, "atk": 183, "def": 201, "spa": 183, "spd": 194, "spe": 174}, "types": ["Steel", "Fairy"]}, "Dudunsparce": {"name": "Dudunsparce", "species": "Dudunsparce", "speciesId": "dudunsparce", "gender": "M", "shiny": false, "level": 83, "moves": ["roost", "headbutt", "earthquake", "glare"], "ability": "Serene Grace", "evs": {"hp": 85, "atk": 85, "def": 85, "spa": 85, "spd": 85, "spe": 85}, "ivs": {"hp": 31, "atk": 31, "def": 31, "spa": 31, "spd": 31, "spe": 31}, "item": "Leftovers", "teraType": "Ground", "role": "Bulky Support", "bvs": {"hp": 125, "atk": 100, "def": 80, "spa": 85, "spd": 75, "spe": 55}, "stats": {"hp": 343, "atk": 214, "def": 180, "spa": 189, "spd": 172, "spe": 139}, "types": ["Normal"]}, "Golurk": {"name": "Golurk", "species": "Golurk", "speciesId": "golurk", "gender": "N", "shiny": false, "level": 87, "moves": ["stealthrock", "earthquake", "dynamicpunch", "poltergeist"], "ability": "No Guard", "evs": {"hp": 85, "atk": 85, "def": 85, "spa": 85, "spd": 85, "spe": 85}, "ivs": {"hp": 31, "atk": 31, "def": 31, "spa": 31, "spd": 31, "spe": 31}, "item": "Life Orb", "teraType": "Ghost", "role": "Wallbreaker", "bvs": {"hp": 89, "atk": 124, "def": 80, "spa": 55, "spd": 80, "spe": 55}, "stats": {"hp": 297, "atk": 266, "def": 189, "spa": 145, "spd": 189, "spe": 145}, "types": ["Ground", "Ghost"]}, "Lokix": {"name": "Lokix", "species": "Lokix", "speciesId": "lokix", "gender": "F", "shiny": false, "level": 82, "moves": ["uturn", "knockoff", "firstimpression", "suckerpunch"], "ability": "Tinted Lens", "evs": {"hp": 85, "atk": 85, "def": 85, "spa": 85, "spd": 85, "spe": 85}, "ivs": {"hp": 31, "atk": 31, "def": 31, "spa": 31, "spd": 31, "spe": 31}, "item": "Silver Powder", "teraType": "Bug", "role": "Fast Attacker", "bvs": {"hp": 71, "atk": 102, "def": 78, "spa": 52, "spd": 55, "spe": 92}, "stats": {"hp": 251, "atk": 214, "def": 175, "spa": 132, "spd": 137, "spe": 198}, "types": ["Bug", "Dark"]}}, {"Arceus": {"name": "Arceus", "species": "Arceus-Dark", "speciesId": "arceusdark", "gender": "N", "shiny": false, "level": 71, "moves": ["judgment", "recover", "dazzlinggleam", "calmmind"], "ability": "Multitype", "evs": {"hp": 85, "atk": 0, "def": 85, "spa": 85, "spd": 85, "spe": 85}, "ivs": {"hp": 31, "atk": 0, "def": 31, "spa": 31, "spd": 31, "spe": 31}, "item": "Dread Plate", "teraType": "Fairy", "role": "Bulky Setup", "bvs": {"hp": 120, "atk": 120, "def": 120, "spa": 120, "spd": 120, "spe": 120}, "stats": {"hp": 288, "atk": 175, "def": 212, "spa": 212, "spd": 212, "spe": 212}, "types": ["Dark"]}, "Mudsdale": {"name": "Mudsdale", "species": "Mudsdale", "speciesId": "mudsdale", "gender": "F", "shiny": false, "level": 83, "moves": ["heavyslam", "earthquake", "roar", "stealthrock"], "ability": "Stamina", "evs": {"hp": 85, "atk": 85, "def": 85, "spa": 85, "spd": 85, "spe": 85}, "ivs": {"hp": 31, "atk": 31, "def": 31, "spa": 31, "spd": 31, "spe": 31}, "item": "Leftovers", "teraType": "Steel", "role": "Bulky Attacker", "bvs": {"hp": 100, "atk": 125, "def": 100, "spa": 55, "spd": 85, "spe": 35}, "stats": {"hp": 302, "atk": 255, "def": 214, "spa": 139, "spd": 189, "spe": 106}, "types": ["Ground"]}, "Porygon2": {"name": "Porygon2", "species": "Porygon2", "speciesId": "porygon2", "gender": "N", "shiny": false, "level": 81, "moves": ["thunderwave", "recover", "terablast", "shadowball"], "ability": "Download", "evs": {"hp": 85, "atk": 85, "def": 85, "spa": 85, "spd": 85, "spe": 85}, "ivs": {"hp": 31, "atk": 31, "def": 31, "spa": 31, "spd": 31, "spe": 31}, "item": "Eviolite", "teraType": "Fighting", "role": "Tera Blast user", "bvs": {"hp": 85, "atk": 80, "def": 90, "spa": 105, "spd": 95, "spe": 60}, "stats": {"hp": 270, "atk": 176, "def": 192, "spa": 217, "spd": 201, "spe": 144}, "types": ["Normal"]}, "Hydrapple": {"name": "Hydrapple", "species": "Hydrapple", "speciesId": "hydrapple", "gender": "M", "shiny": false, "level": 83, "moves": ["nastyplot", "earthpower", "ficklebeam", "gigadrain"], "ability": "Regenerator", "evs": {"hp": 85, "atk": 0, "def": 85, "spa": 85, "spd": 85, "spe": 85}, "ivs": {"hp": 31, "atk": 0, "def": 31, "spa": 31, "spd": 31, "spe": 31}, "item": "Life Orb", "teraType": "Steel", "role": "Fast Bulky Setup", "bvs": {"hp": 106, "atk": 80, "def": 110, "spa": 120, "spd": 80, "spe": 44}, "stats": {"hp": 312, "atk": 137, "def": 230, "spa": 247, "spd": 180, "spe": 121}, "types": ["Grass", "Dragon"]}, "Rampardos": {"name": "Rampardos", "species": "Rampardos", "speciesId": "rampardos", "gender": "F", "shiny": false, "level": 90, "moves": ["earthquake", "firepunch", "headsmash", "rockslide"], "ability": "Sheer Force", "evs": {"hp": 85, "atk": 85, "def": 85, "spa": 85, "spd": 85, "spe": 85}, "ivs": {"hp": 31, "atk": 31, "def": 31, "spa": 31, "spd": 31, "spe": 31}, "item": "Choice Scarf", "teraType": "Ground", "role": "Fast Attacker", "bvs": {"hp": 97, "atk": 165, "def": 60, "spa": 65, "spd": 50, "spe": 58}, "stats": {"hp": 321, "atk": 348, "def": 159, "spa": 168, "spd": 141, "spe": 156}, "types": ["Rock"]}, "Flamigo": {"name": "Flamigo", "species": "Flamigo", "speciesId": "flamigo", "gender": "F", "shiny": false, "level": 82, "moves": ["bravebird", "closecombat", "throatchop", "swordsdance"], "ability": "Scrappy", "evs": {"hp": 85, "atk": 85, "def": 85, "spa": 85, "spd": 85, "spe": 85}, "ivs": {"hp": 31, "atk": 31, "def": 31, "spa": 31, "spd": 31, "spe": 31}, "item": "Life Orb", "teraType": "Fighting", "role": "Setup Sweeper", "bvs": {"hp": 82, "atk": 115, "def": 74, "spa": 75, "spd": 64, "spe": 90}, "stats": {"hp": 269, "atk": 236, "def": 169, "spa": 170, "spd": 152, "spe": 195}, "types": ["Flying", "Fighting"]}}]}