{"id": "gen9randombattle-2641163087", "format": "[Gen 9] Random Battle", "players": ["fdfdfdfff", "testbotcif"], "log": "|j|\u203dfdfdfdfff\n|j|\u2606testbotcif\n|t:|1782748279\n|gametype|singles\n|player|p1|fdfdfdfff|169|1169\n|player|p2|testbotcif|266|1168\n|gen|9\n|tier|[Gen 9] Random Battle\n|rated|\n|rule|Species Clause: Limit one of each Pok\u00e9mon\n|rule|HP Percentage Mod: HP is shown in percentages\n|rule|Sleep Clause Mod: Limit one foe put to sleep\n|rule|Illusion Level Mod: Illusion disguises the Pok\u00e9mon's true level\n|\n|t:|1782748279\n|teamsize|p1|6\n|teamsize|p2|6\n|start\n|switch|p1a: Arceus|Arceus-Poison, L70|284/284\n|switch|p2a: Cryogonal|Cryogonal, L89|287/287\n|turn|1\n|c|\u2606testbotcif|rlhf\n|inactive|Battle timer is ON: inactive players will automatically lose when time's up. (requested by testbotcif)\n|\n|t:|1782748288\n|move|p2a: Cryogonal|Freeze-Dry|p1a: Arceus\n|-crit|p1a: Arceus\n|-damage|p1a: Arceus|173/284\n|move|p1a: Arceus|Gunk Shot|p2a: Cryogonal|[miss]\n|-miss|p1a: Arceus|p2a: Cryogonal\n|\n|upkeep\n|turn|2\n|\n|t:|1782748297\n|move|p2a: Cryogonal|Freeze-Dry|p1a: Arceus\n|-damage|p1a: Arceus|100/284\n|move|p1a: Arceus|Gunk Shot|p2a: Cryogonal\n|-damage|p2a: Cryogonal|116/287\n|-status|p2a: Cryogonal|psn\n|\n|-damage|p2a: Cryogonal|81/287 psn|[from] psn\n|upkeep\n|turn|3\n|\n|t:|1782748311\n|switch|p1a: Houndoom|Houndoom, L87, M|272/272\n|move|p2a: Cryogonal|Recover|p2a: Cryogonal\n|-heal|p2a: Cryogonal|225/287 psn\n|\n|-damage|p2a: Cryogonal|190/287 psn|[from] psn\n|upkeep\n|turn|4\n|\n|t:|1782748321\n|move|p2a: Cryogonal|Rapid Spin|p1a: Houndoom\n|-damage|p1a: Houndoom|236/272\n|-boost|p2a: Cryogonal|spe|1\n|move|p1a: Houndoom|Nasty Plot|p1a: Houndoom\n|-boost|p1a: Houndoom|spa|2\n|\n|-damage|p2a: Cryogonal|155/287 psn|[from] psn\n|upkeep\n|turn|5\n|\n|t:|1782748331\n|switch|p2a: Flutter Mane|Flutter Mane, L74|203/203\n|move|p1a: Houndoom|Fire Blast|p2a: Flutter Mane\n|-damage|p2a: Flutter Mane|0 fnt\n|faint|p2a: Flutter Mane\n|-end|p2a: Flutter Mane|Protosynthesis|[silent]\n|\n|upkeep\n|\n|t:|1782748331\n|switch|p2a: Exeggutor|Exeggutor-Alola, L89, F|314/314\n|-item|p1a: Houndoom|Heavy-Duty Boots|[from] ability: Frisk|[of] p2a: Exeggutor\n|turn|6\n|\n|t:|1782748343\n|move|p1a: Houndoom|Sludge Bomb|p2a: Exeggutor\n|-supereffective|p2a: Exeggutor\n|-damage|p2a: Exeggutor|24/314\n|move|p2a: Exeggutor|Draco Meteor|p1a: Houndoom\n|-damage|p1a: Houndoom|0 fnt\n|-unboost|p2a: Exeggutor|spa|2\n|faint|p1a: Houndoom\n|\n|upkeep\n|\n|t:|1782748353\n|switch|p1a: Arceus|Arceus-Poison, L70|100/284\n|turn|7\n|\n|t:|1782748358\n|move|p1a: Arceus|Extreme Speed|p2a: Exeggutor\n|-damage|p2a: Exeggutor|0 fnt\n|faint|p2a: Exeggutor\n|\n|upkeep\n|\n|t:|1782748358\n|switch|p2a: Kingambit|Kingambit, L74, M|270/270\n|-activate|p2a: Kingambit|ability: Supreme Overlord\n|-start|p2a: Kingambit|fallen2|[silent]\n|turn|8\n|\n|t:|1782748367\n|-terastallize|p2a: Kingambit|Flying\n|move|p1a: Arceus|Earthquake|p2a: Kingambit\n|-immune|p2a: Kingambit\n|move|p2a: Kingambit|Swords Dance|p2a: Kingambit\n|-boost|p2a: Kingambit|atk|2\n|\n|upkeep\n|turn|9\n|\n|t:|1782748379\n|move|p1a: Arceus|Gunk Shot|p2a: Kingambit\n|-damage|p2a: Kingambit|153/270\n|-status|p2a: Kingambit|psn\n|move|p2a: Kingambit|Iron Head|p1a: Arceus\n|-damage|p1a: Arceus|0 fnt\n|faint|p1a: Arceus\n|\n|-heal|p2a: Kingambit|169/270 psn|[from] item: Leftovers\n|-damage|p2a: Kingambit|136/270 psn|[from] psn\n|upkeep\n|\n|t:|1782748398\n|switch|p1a: Regigigas|Regigigas, L84|322/322\n|-start|p1a: Regigigas|ability: Slow Start\n|turn|10\n|\n|t:|1782748406\n|move|p2a: Kingambit|Swords Dance|p2a: Kingambit\n|-boost|p2a: Kingambit|atk|2\n|move|p1a: Regigigas|Body Slam|p2a: Kingambit\n|-damage|p2a: Kingambit|79/270 psn\n|\n|-heal|p2a: Kingambit|95/270 psn|[from] item: Leftovers\n|-damage|p2a: Kingambit|62/270 psn|[from] psn\n|upkeep\n|turn|11\n|\n|t:|1782748420\n|move|p2a: Kingambit|Sucker Punch||[still]\n|-fail|p2a: Kingambit\n|move|p1a: Regigigas|Rest|p1a: Regigigas\n|-fail|p1a: Regigigas|heal\n|\n|-heal|p2a: Kingambit|78/270 psn|[from] item: Leftovers\n|-damage|p2a: Kingambit|45/270 psn|[from] psn\n|upkeep\n|turn|12\n|\n|t:|1782748430\n|move|p2a: Kingambit|Sucker Punch||[still]\n|-fail|p2a: Kingambit\n|move|p1a: Regigigas|Rest|p1a: Regigigas\n|-fail|p1a: Regigigas|heal\n|\n|-heal|p2a: Kingambit|61/270 psn|[from] item: Leftovers\n|-damage|p2a: Kingambit|28/270 psn|[from] psn\n|upkeep\n|turn|13\n|\n|t:|1782748440\n|move|p2a: Kingambit|Sucker Punch|p1a: Regigigas\n|-damage|p1a: Regigigas|79/322\n|move|p1a: Regigigas|Body Slam|p2a: Kingambit\n|-damage|p2a: Kingambit|0 fnt\n|faint|p2a: Kingambit\n|-end|p2a: Kingambit|fallen2|[silent]\n|\n|-heal|p1a: Regigigas|99/322|[from] item: Leftovers\n|upkeep\n|\n|t:|1782748440\n|switch|p2a: Volbeat|Volbeat, L90, M|263/263\n|turn|14\n|\n|t:|1782748453\n|move|p2a: Volbeat|U-turn|p1a: Regigigas\n|-crit|p1a: Regigigas\n|-damage|p1a: Regigigas|3/322\n|\n|t:|1782748453\n|switch|p2a: Hatterene|Hatterene, L85, F|236/236|[from] U-turn\n|move|p1a: Regigigas|Body Slam|p2a: Hatterene\n|-damage|p2a: Hatterene|178/236\n|\n|-heal|p1a: Regigigas|23/322|[from] item: Leftovers\n|-heal|p2a: Hatterene|192/236|[from] item: Leftovers\n|-end|p1a: Regigigas|Slow Start\n|upkeep\n|turn|15\n|\n|t:|1782748471\n|move|p1a: Regigigas|Rest|p1a: Regigigas\n|-status|p1a: Regigigas|slp|[from] move: Rest\n|-heal|p1a: Regigigas|322/322 slp|[silent]\n|move|p2a: Hatterene|Calm Mind|p2a: Hatterene\n|-boost|p2a: Hatterene|spa|1\n|-boost|p2a: Hatterene|spd|1\n|\n|-heal|p2a: Hatterene|206/236|[from] item: Leftovers\n|upkeep\n|turn|16\n|\n|t:|1782748482\n|cant|p1a: Regigigas|slp\n|move|p1a: Regigigas|Sleep Talk|p1a: Regigigas\n|move|p1a: Regigigas|Body Slam|p2a: Hatterene|[from] move: Sleep Talk\n|-damage|p2a: Hatterene|86/236\n|move|p2a: Hatterene|Calm Mind|p2a: Hatterene\n|-boost|p2a: Hatterene|spa|1\n|-boost|p2a: Hatterene|spd|1\n|\n|-heal|p2a: Hatterene|100/236|[from] item: Leftovers\n|upkeep\n|turn|17\n|\n|t:|1782748494\n|cant|p1a: Regigigas|slp\n|move|p1a: Regigigas|Sleep Talk|p1a: Regigigas\n|move|p1a: Regigigas|Rest||[from] move: Sleep Talk|[still]\n|-fail|p1a: Regigigas\n|move|p2a: Hatterene|Draining Kiss|p1a: Regigigas\n|-damage|p1a: Regigigas|196/322 slp\n|-heal|p2a: Hatterene|195/236|[from] drain|[of] p1a: Regigigas\n|\n|-heal|p1a: Regigigas|216/322 slp|[from] item: Leftovers\n|-heal|p2a: Hatterene|209/236|[from] item: Leftovers\n|upkeep\n|turn|18\n|\n|t:|1782748506\n|-curestatus|p1a: Regigigas|slp|[msg]\n|move|p1a: Regigigas|Knock Off|p2a: Hatterene\n|-damage|p2a: Hatterene|112/236\n|-enditem|p2a: Hatterene|Leftovers|[from] move: Knock Off|[of] p1a: Regigigas\n|move|p2a: Hatterene|Psychic|p1a: Regigigas\n|-damage|p1a: Regigigas|12/322\n|\n|-heal|p1a: Regigigas|32/322|[from] item: Leftovers\n|upkeep\n|turn|19\n|\n|t:|1782748518\n|move|p1a: Regigigas|Body Slam|p2a: Hatterene\n|-damage|p2a: Hatterene|0 fnt\n|faint|p2a: Hatterene\n|\n|-heal|p1a: Regigigas|52/322|[from] item: Leftovers\n|upkeep\n|\n|t:|1782748518\n|switch|p2a: Volbeat|Volbeat, L90, M|263/263\n|turn|20\n|\n|t:|1782748528\n|move|p1a: Regigigas|Body Slam|p2a: Volbeat\n|-damage|p2a: Volbeat|131/263\n|move|p2a: Volbeat|U-turn|p1a: Regigigas\n|-damage|p1a: Regigigas|0 fnt\n|faint|p1a: Regigigas\n|-end|p1a: Regigigas|Slow Start|[silent]\n|\n|t:|1782748528\n|switch|p2a: Cryogonal|Cryogonal, L89|155/287 psn|[from] U-turn\n|\n|-damage|p2a: Cryogonal|120/287 psn|[from] psn\n|upkeep\n|\n|t:|1782748541\n|switch|p1a: Emboar|Emboar, L84, F|322/322\n|turn|21\n|\n|t:|1782748545\n|move|p2a: Cryogonal|Recover|p2a: Cryogonal\n|-heal|p2a: Cryogonal|264/287 psn\n|move|p1a: Emboar|Flare Blitz|p2a: Cryogonal\n|-supereffective|p2a: Cryogonal\n|-damage|p2a: Cryogonal|0 fnt\n|faint|p2a: Cryogonal\n|-damage|p1a: Emboar|235/322|[from] Recoil\n|\n|upkeep\n|\n|t:|1782748545\n|switch|p2a: Volbeat|Volbeat, L90, M|131/263\n|turn|22\n|\n|t:|1782748557\n|move|p2a: Volbeat|Roost|p2a: Volbeat\n|-heal|p2a: Volbeat|263/263\n|-singleturn|p2a: Volbeat|move: Roost\n|move|p1a: Emboar|Flare Blitz|p2a: Volbeat\n|-supereffective|p2a: Volbeat\n|-damage|p2a: Volbeat|0 fnt\n|faint|p2a: Volbeat\n|-damage|p1a: Emboar|148/322|[from] Recoil\n|\n|win|fdfdfdfff\n|raw|fdfdfdfff's rating: 1169 &rarr; <strong>1194</strong><br />(+25 for winning)\n|raw|testbotcif's rating: 1168 &rarr; <strong>1143</strong><br />(-25 for losing)\n", "inputlog": ">version f8ac14003a5f27e1bdc8d8c59608a773c1cb96e5\n>start {\"formatid\":\"gen9randombattle\",\"seed\":\"sodium,4387a1d198fa7800eb6f86806ff586b7\",\"rated\":\"Rated battle\"}\n>player p1 {\"name\":\"fdfdfdfff\",\"avatar\":\"169\",\"rating\":1169,\"seed\":\"sodium,68c77eedae6e7e597a5659afa31bb62c\"}\n>player p2 {\"name\":\"testbotcif\",\"avatar\":\"266\",\"rating\":1168,\"seed\":\"sodium,9801c900774be9dfb7f246546782714e\"}\n>chat \u2606testbotcif|rlhf\n>p1 move gunkshot\n>p2 move freezedry\n>p1 move gunkshot\n>p2 move freezedry\n>p1 switch 2\n>p2 move recover\n>p1 move nastyplot\n>p2 move rapidspin\n>p1 move fireblast\n>p2 switch 6\n>p2 switch 2\n>p1 move sludgebomb\n>p2 move dracometeor\n>p1 switch 2\n>p1 move extremespeed\n>p2 move dracometeor\n>p2 switch 3\n>p1 move earthquake\n>p2 move swordsdance terastallize\n>p1 move gunkshot\n>p2 move ironhead\n>p1 switch 3\n>p1 move bodyslam\n>p2 move swordsdance\n>p1 move rest\n>p2 move suckerpunch\n>p1 move rest\n>p2 move suckerpunch\n>p1 move bodyslam\n>p2 move suckerpunch\n>p2 switch 5\n>p1 move bodyslam\n>p2 move uturn\n>p2 switch 4\n>p1 move rest\n>p2 move calmmind\n>p1 move sleeptalk\n>p2 move calmmind\n>p1 move sleeptalk\n>p2 move drainingkiss\n>p1 move knockoff\n>p2 move psychic\n>p1 move bodyslam\n>p2 move drainingkiss\n>p2 switch 4\n>p1 move bodyslam\n>p2 move uturn\n>p2 switch 6\n>p1 switch 5\n>p1 move flareblitz\n>p2 move recover\n>p2 switch 6\n>p1 move flareblitz\n>p2 move roost", "uploadtime": 1782748557, "views": 6, "formatid": "gen9randombattle", "rating": 1143, "private": 0, "password": null, "player_dets": [{"name": "fdfdfdfff", "avatar": "169", "rating": 1169, "seed": "sodium,68c77eedae6e7e597a5659afa31bb62c"}, {"name": "testbotcif", "avatar": "266", "rating": 1168, "seed": "sodium,9801c900774be9dfb7f246546782714e"}], "teams_full": [{"Arceus": {"name": "Arceus", "species": "Arceus-Poison", "speciesId": "arceuspoison", "gender": "N", "shiny": false, "level": 70, "moves": ["earthquake", "swordsdance", "gunkshot", "extremespeed"], "ability": "Multitype", "evs": {"hp": 85, "atk": 85, "def": 85, "spa": 85, "spd": 85, "spe": 85}, "ivs": {"hp": 31, "atk": 31, "def": 31, "spa": 31, "spd": 31, "spe": 31}, "item": "Toxic Plate", "teraType": "Normal", "role": "Fast Bulky Setup", "bvs": {"hp": 120, "atk": 120, "def": 120, "spa": 120, "spd": 120, "spe": 120}, "stats": {"hp": 284, "atk": 209, "def": 209, "spa": 209, "spd": 209, "spe": 209}, "types": ["Poison"]}, "Houndoom": {"name": "Houndoom", "species": "Houndoom", "speciesId": "houndoom", "gender": "M", "shiny": false, "level": 87, "moves": ["darkpulse", "sludgebomb", "fireblast", "nastyplot"], "ability": "Flash Fire", "evs": {"hp": 85, "atk": 0, "def": 85, "spa": 85, "spd": 85, "spe": 85}, "ivs": {"hp": 31, "atk": 0, "def": 31, "spa": 31, "spd": 31, "spe": 31}, "item": "Heavy-Duty Boots", "teraType": "Fire", "role": "Fast Attacker", "bvs": {"hp": 75, "atk": 90, "def": 50, "spa": 110, "spd": 80, "spe": 95}, "stats": {"hp": 272, "atk": 161, "def": 137, "spa": 241, "spd": 189, "spe": 215}, "types": ["Dark", "Fire"]}, "Regigigas": {"name": "Regigigas", "species": "Regigigas", "speciesId": "regigigas", "gender": "N", "shiny": false, "level": 84, "moves": ["rest", "bodyslam", "knockoff", "sleeptalk"], "ability": "Slow Start", "evs": {"hp": 85, "atk": 85, "def": 85, "spa": 85, "spd": 85, "spe": 85}, "ivs": {"hp": 31, "atk": 31, "def": 31, "spa": 31, "spd": 31, "spe": 31}, "item": "Leftovers", "teraType": "Ghost", "role": "Bulky Support", "bvs": {"hp": 110, "atk": 160, "def": 110, "spa": 80, "spd": 110, "spe": 100}, "stats": {"hp": 322, "atk": 317, "def": 233, "spa": 183, "spd": 233, "spe": 216}, "types": ["Normal"]}, "Darkrai": {"name": "Darkrai", "species": "Darkrai", "speciesId": "darkrai", "gender": "N", "shiny": false, "level": 77, "moves": ["sludgebomb", "darkpulse", "hypnosis", "nastyplot"], "ability": "Bad Dreams", "evs": {"hp": 85, "atk": 0, "def": 85, "spa": 85, "spd": 85, "spe": 85}, "ivs": {"hp": 31, "atk": 0, "def": 31, "spa": 31, "spd": 31, "spe": 31}, "item": "Life Orb", "teraType": "Poison", "role": "Setup Sweeper", "bvs": {"hp": 70, "atk": 90, "def": 90, "spa": 135, "spd": 90, "spe": 125}, "stats": {"hp": 234, "atk": 143, "def": 183, "spa": 252, "spd": 183, "spe": 237}, "types": ["Dark"]}, "Emboar": {"name": "Emboar", "species": "Emboar", "speciesId": "emboar", "gender": "F", "shiny": false, "level": 84, "moves": ["knockoff", "closecombat", "scald", "flareblitz"], "ability": "Reckless", "evs": {"hp": 85, "atk": 85, "def": 85, "spa": 85, "spd": 85, "spe": 85}, "ivs": {"hp": 31, "atk": 31, "def": 31, "spa": 31, "spd": 31, "spe": 31}, "item": "Assault Vest", "teraType": "Water", "role": "AV Pivot", "bvs": {"hp": 110, "atk": 123, "def": 65, "spa": 100, "spd": 65, "spe": 65}, "stats": {"hp": 322, "atk": 255, "def": 157, "spa": 216, "spd": 157, "spe": 157}, "types": ["Fire", "Fighting"]}, "Whiscash": {"name": "Whiscash", "species": "Whiscash", "speciesId": "whiscash", "gender": "F", "shiny": false, "level": 88, "moves": ["icebeam", "earthquake", "spikes", "stealthrock"], "ability": "Oblivious", "evs": {"hp": 85, "atk": 85, "def": 85, "spa": 85, "spd": 85, "spe": 85}, "ivs": {"hp": 31, "atk": 31, "def": 31, "spa": 31, "spd": 31, "spe": 31}, "item": "Leftovers", "teraType": "Ghost", "role": "Bulky Support", "bvs": {"hp": 110, "atk": 78, "def": 73, "spa": 76, "spd": 71, "spe": 60}, "stats": {"hp": 337, "atk": 188, "def": 179, "spa": 184, "spd": 175, "spe": 156}, "types": ["Water", "Ground"]}}, {"Cryogonal": {"name": "Cryogonal", "species": "Cryogonal", "speciesId": "cryogonal", "gender": "N", "shiny": false, "level": 89, "moves": ["recover", "freezedry", "flashcannon", "rapidspin"], "ability": "Levitate", "evs": {"hp": 85, "atk": 85, "def": 85, "spa": 85, "spd": 85, "spe": 85}, "ivs": {"hp": 31, "atk": 31, "def": 31, "spa": 31, "spd": 31, "spe": 31}, "item": "Heavy-Duty Boots", "teraType": "Steel", "role": "Bulky Support", "bvs": {"hp": 80, "atk": 50, "def": 50, "spa": 95, "spd": 135, "spe": 105}, "stats": {"hp": 287, "atk": 140, "def": 140, "spa": 220, "spd": 291, "spe": 238}, "types": ["Ice"]}, "Exeggutor": {"name": "Exeggutor", "species": "Exeggutor-Alola", "speciesId": "exeggutoralola", "gender": "F", "shiny": false, "level": 89, "moves": ["gigadrain", "dracometeor", "flamethrower", "leafstorm"], "ability": "Frisk", "evs": {"hp": 85, "atk": 0, "def": 85, "spa": 85, "spd": 85, "spe": 85}, "ivs": {"hp": 31, "atk": 0, "def": 31, "spa": 31, "spd": 31, "spe": 31}, "item": "Choice Specs", "teraType": "Fire", "role": "Wallbreaker", "bvs": {"hp": 95, "atk": 105, "def": 85, "spa": 125, "spd": 75, "spe": 45}, "stats": {"hp": 314, "atk": 191, "def": 202, "spa": 273, "spd": 184, "spe": 131}, "types": ["Grass", "Dragon"]}, "Kingambit": {"name": "Kingambit", "species": "Kingambit", "speciesId": "kingambit", "gender": "M", "shiny": false, "level": 74, "moves": ["ironhead", "kowtowcleave", "swordsdance", "suckerpunch"], "ability": "Supreme Overlord", "evs": {"hp": 85, "atk": 85, "def": 85, "spa": 85, "spd": 85, "spe": 85}, "ivs": {"hp": 31, "atk": 31, "def": 31, "spa": 31, "spd": 31, "spe": 31}, "item": "Leftovers", "teraType": "Flying", "role": "Bulky Attacker", "bvs": {"hp": 100, "atk": 135, "def": 120, "spa": 60, "spd": 85, "spe": 50}, "stats": {"hp": 270, "atk": 243, "def": 221, "spa": 132, "spd": 169, "spe": 117}, "types": ["Dark", "Steel"]}, "Hatterene": {"name": "Hatterene", "species": "Hatterene", "speciesId": "hatterene", "gender": "F", "shiny": false, "level": 85, "moves": ["calmmind", "drainingkiss", "psychic", "mysticalfire"], "ability": "Magic Bounce", "evs": {"hp": 85, "atk": 0, "def": 85, "spa": 85, "spd": 85, "spe": 85}, "ivs": {"hp": 31, "atk": 0, "def": 31, "spa": 31, "spd": 31, "spe": 31}, "item": "Leftovers", "teraType": "Steel", "role": "Bulky Setup", "bvs": {"hp": 57, "atk": 90, "def": 95, "spa": 136, "spd": 103, "spe": 29}, "stats": {"hp": 236, "atk": 158, "def": 210, "spa": 280, "spd": 224, "spe": 98}, "types": ["Psychic", "Fairy"]}, "Volbeat": {"name": "Volbeat", "species": "Volbeat", "speciesId": "volbeat", "gender": "M", "shiny": false, "level": 90, "moves": ["roost", "thunderwave", "uturn", "encore"], "ability": "Prankster", "evs": {"hp": 85, "atk": 85, "def": 85, "spa": 85, "spd": 85, "spe": 85}, "ivs": {"hp": 31, "atk": 31, "def": 31, "spa": 31, "spd": 31, "spe": 31}, "item": "Heavy-Duty Boots", "teraType": "Steel", "role": "Bulky Support", "bvs": {"hp": 65, "atk": 73, "def": 75, "spa": 47, "spd": 85, "spe": 85}, "stats": {"hp": 263, "atk": 183, "def": 186, "spa": 136, "spd": 204, "spe": 204}, "types": ["Bug"]}, "Flutter Mane": {"name": "Flutter Mane", "species": "Flutter Mane", "speciesId": "fluttermane", "gender": "N", "shiny": false, "level": 74, "moves": ["calmmind", "thunderbolt", "moonblast", "shadowball"], "ability": "Protosynthesis", "evs": {"hp": 85, "atk": 0, "def": 85, "spa": 85, "spd": 85, "spe": 85}, "ivs": {"hp": 31, "atk": 0, "def": 31, "spa": 31, "spd": 31, "spe": 31}, "item": "Life Orb", "teraType": "Electric", "role": "Setup Sweeper", "bvs": {"hp": 55, "atk": 55, "def": 55, "spa": 135, "spd": 135, "spe": 135}, "stats": {"hp": 203, "atk": 86, "def": 124, "spa": 243, "spd": 243, "spe": 243}, "types": ["Ghost", "Fairy"]}}]}