{"id": "gen9randombattle-2641346366", "format": "[Gen 9] Random Battle", "players": ["tubbatub", "vitorXXa"], "log": "|j|\u2606tubbatub\n|j|\u2606vitorXXa\n|t:|1782770886\n|gametype|singles\n|player|p1|tubbatub|fantina|1328\n|player|p2|vitorXXa|169|1354\n|gen|9\n|tier|[Gen 9] Random Battle\n|rated|\n|rule|Species Clause: Limit one of each Pok\u00e9mon\n|rule|HP Percentage Mod: HP is shown in percentages\n|rule|Sleep Clause Mod: Limit one foe put to sleep\n|rule|Illusion Level Mod: Illusion disguises the Pok\u00e9mon's true level\n|\n|t:|1782770886\n|teamsize|p1|6\n|teamsize|p2|6\n|start\n|switch|p1a: Jumpluff|Jumpluff, L87, M|271/271\n|switch|p2a: Oricorio|Oricorio-Sensu, L85, F|266/266\n|turn|1\n|inactive|Battle timer is ON: inactive players will automatically lose when time's up. (requested by tubbatub)\n|\n|t:|1782770901\n|move|p1a: Jumpluff|Substitute|p1a: Jumpluff\n|-start|p1a: Jumpluff|Substitute\n|-damage|p1a: Jumpluff|204/271\n|move|p2a: Oricorio|Quiver Dance|p2a: Oricorio\n|-boost|p2a: Oricorio|spa|1\n|-boost|p2a: Oricorio|spd|1\n|-boost|p2a: Oricorio|spe|1\n|\n|upkeep\n|turn|2\n|inactive|vitorXXa has 120 seconds left.\n|\n|t:|1782770933\n|move|p2a: Oricorio|Revelation Dance|p1a: Jumpluff\n|-crit|p1a: Jumpluff\n|-end|p1a: Jumpluff|Substitute\n|move|p1a: Jumpluff|Leech Seed|p2a: Oricorio\n|-start|p2a: Oricorio|move: Leech Seed\n|\n|-damage|p2a: Oricorio|233/266|[from] Leech Seed|[of] p1a: Jumpluff\n|-heal|p1a: Jumpluff|237/271|[silent]\n|upkeep\n|turn|3\n|\n|t:|1782770956\n|switch|p1a: Pincurchin|Pincurchin, M|258/258\n|-fieldstart|move: Electric Terrain|[from] ability: Electric Surge|[of] p1a: Pincurchin\n|move|p2a: Oricorio|Hurricane|p1a: Pincurchin\n|-resisted|p1a: Pincurchin\n|-damage|p1a: Pincurchin|174/258\n|-start|p1a: Pincurchin|confusion\n|\n|-heal|p1a: Pincurchin|190/258|[from] item: Leftovers\n|-damage|p2a: Oricorio|200/266|[from] Leech Seed|[of] p1a: Pincurchin\n|-heal|p1a: Pincurchin|223/258|[silent]\n|upkeep\n|turn|4\n|\n|t:|1782770965\n|-terastallize|p2a: Oricorio|Fighting\n|move|p2a: Oricorio|Quiver Dance|p2a: Oricorio\n|-boost|p2a: Oricorio|spa|1\n|-boost|p2a: Oricorio|spd|1\n|-boost|p2a: Oricorio|spe|1\n|-activate|p1a: Pincurchin|confusion\n|move|p1a: Pincurchin|Spikes|p2a: Oricorio\n|-sidestart|p2: vitorXXa|Spikes\n|\n|-heal|p1a: Pincurchin|239/258|[from] item: Leftovers\n|-damage|p2a: Oricorio|167/266|[from] Leech Seed|[of] p1a: Pincurchin\n|-heal|p1a: Pincurchin|258/258|[silent]\n|upkeep\n|turn|5\n|\n|t:|1782770970\n|move|p2a: Oricorio|Quiver Dance|p2a: Oricorio\n|-boost|p2a: Oricorio|spa|1\n|-boost|p2a: Oricorio|spd|1\n|-boost|p2a: Oricorio|spe|1\n|-activate|p1a: Pincurchin|confusion\n|move|p1a: Pincurchin|Scald|p2a: Oricorio\n|-crit|p2a: Oricorio\n|-damage|p2a: Oricorio|36/266\n|-status|p2a: Oricorio|brn\n|\n|-damage|p2a: Oricorio|3/266 brn|[from] Leech Seed|[of] p1a: Pincurchin\n|-damage|p2a: Oricorio|0 fnt|[from] brn\n|faint|p2a: Oricorio\n|upkeep\n|\n|t:|1782770977\n|switch|p2a: Gallade|Gallade, L80, M|240/240\n|-damage|p2a: Gallade|210/240|[from] Spikes\n|turn|6\n|\n|t:|1782770982\n|move|p2a: Gallade|Agility|p2a: Gallade\n|-boost|p2a: Gallade|spe|2\n|-end|p1a: Pincurchin|confusion\n|move|p1a: Pincurchin|Spikes|p2a: Gallade\n|-sidestart|p2: vitorXXa|Spikes\n|\n|upkeep\n|turn|7\n|\n|t:|1782770989\n|move|p2a: Gallade|Psycho Cut|p1a: Pincurchin\n|-damage|p1a: Pincurchin|137/258\n|-damage|p2a: Gallade|186/240|[from] item: Life Orb\n|move|p1a: Pincurchin|Spikes|p2a: Gallade\n|-sidestart|p2: vitorXXa|Spikes\n|\n|-heal|p1a: Pincurchin|153/258|[from] item: Leftovers\n|-fieldend|move: Electric Terrain\n|upkeep\n|turn|8\n|\n|t:|1782770995\n|move|p2a: Gallade|Psycho Cut|p1a: Pincurchin\n|-damage|p1a: Pincurchin|17/258\n|-damage|p2a: Gallade|162/240|[from] item: Life Orb\n|move|p1a: Pincurchin|Recover|p1a: Pincurchin\n|-heal|p1a: Pincurchin|146/258\n|\n|-heal|p1a: Pincurchin|162/258|[from] item: Leftovers\n|upkeep\n|turn|9\n|\n|t:|1782771025\n|move|p2a: Gallade|Psycho Cut|p1a: Pincurchin\n|-damage|p1a: Pincurchin|37/258\n|-damage|p2a: Gallade|138/240|[from] item: Life Orb\n|move|p1a: Pincurchin|Recover|p1a: Pincurchin\n|-heal|p1a: Pincurchin|166/258\n|\n|-heal|p1a: Pincurchin|182/258|[from] item: Leftovers\n|upkeep\n|turn|10\n|\n|t:|1782771032\n|move|p2a: Gallade|Psycho Cut|p1a: Pincurchin\n|-damage|p1a: Pincurchin|52/258\n|-damage|p2a: Gallade|114/240|[from] item: Life Orb\n|move|p1a: Pincurchin|Recover|p1a: Pincurchin\n|-heal|p1a: Pincurchin|181/258\n|\n|-heal|p1a: Pincurchin|197/258|[from] item: Leftovers\n|upkeep\n|turn|11\n|\n|t:|1782771034\n|move|p2a: Gallade|Psycho Cut|p1a: Pincurchin\n|-damage|p1a: Pincurchin|61/258\n|-damage|p2a: Gallade|90/240|[from] item: Life Orb\n|move|p1a: Pincurchin|Recover|p1a: Pincurchin\n|-heal|p1a: Pincurchin|190/258\n|\n|-heal|p1a: Pincurchin|206/258|[from] item: Leftovers\n|upkeep\n|turn|12\n|\n|t:|1782771038\n|move|p2a: Gallade|Psycho Cut|p1a: Pincurchin\n|-damage|p1a: Pincurchin|76/258\n|-damage|p2a: Gallade|66/240|[from] item: Life Orb\n|move|p1a: Pincurchin|Recover|p1a: Pincurchin\n|-heal|p1a: Pincurchin|205/258\n|\n|-heal|p1a: Pincurchin|221/258|[from] item: Leftovers\n|upkeep\n|turn|13\n|\n|t:|1782771040\n|move|p2a: Gallade|Psycho Cut|p1a: Pincurchin\n|-damage|p1a: Pincurchin|100/258\n|-damage|p2a: Gallade|42/240|[from] item: Life Orb\n|move|p1a: Pincurchin|Recover|p1a: Pincurchin\n|-heal|p1a: Pincurchin|229/258\n|\n|-heal|p1a: Pincurchin|245/258|[from] item: Leftovers\n|upkeep\n|turn|14\n|\n|t:|1782771043\n|move|p2a: Gallade|Psycho Cut|p1a: Pincurchin\n|-damage|p1a: Pincurchin|120/258\n|-damage|p2a: Gallade|18/240|[from] item: Life Orb\n|move|p1a: Pincurchin|Recover|p1a: Pincurchin\n|-heal|p1a: Pincurchin|249/258\n|\n|-heal|p1a: Pincurchin|258/258|[from] item: Leftovers\n|upkeep\n|turn|15\n|\n|t:|1782771045\n|move|p2a: Gallade|Psycho Cut|p1a: Pincurchin\n|-damage|p1a: Pincurchin|137/258\n|-damage|p2a: Gallade|0 fnt|[from] item: Life Orb\n|faint|p2a: Gallade\n|move|p1a: Pincurchin|Recover|p1a: Pincurchin\n|-heal|p1a: Pincurchin|258/258\n|\n|upkeep\n|-message|vitorXXa forfeited.\n|\n|win|tubbatub\n|raw|tubbatub's rating: 1328 &rarr; <strong>1349</strong><br />(+21 for winning)\n|raw|vitorXXa's rating: 1354 &rarr; <strong>1333</strong><br />(-21 for losing)\n|l|\u2606vitorXXa\n|player|p2|\n", "inputlog": ">version f8ac14003a5f27e1bdc8d8c59608a773c1cb96e5\n>start {\"formatid\":\"gen9randombattle\",\"seed\":\"sodium,95d7175542748eca9dc6cafaebd50052\",\"rated\":\"Rated battle\"}\n>player p1 {\"name\":\"tubbatub\",\"avatar\":\"fantina\",\"rating\":1328,\"seed\":\"sodium,2f1236b509a3023ce4a454365e308a9f\"}\n>player p2 {\"name\":\"vitorXXa\",\"avatar\":\"169\",\"rating\":1354,\"seed\":\"sodium,326940632636cc0050d6d9a480b69b8b\"}\n>p1 move substitute\n>p2 move quiverdance\n>p1 move leechseed\n>p2 move revelationdance\n>p1 switch 6\n>p2 move hurricane\n>p1 move spikes\n>p2 move quiverdance terastallize\n>p1 move scald\n>p2 move quiverdance\n>p2 switch 5\n>p1 move spikes\n>p2 move agility\n>p1 move spikes\n>p2 move psychocut\n>p1 move recover\n>p2 move psychocut\n>p1 move recover\n>p2 move psychocut\n>p1 move recover\n>p2 move psychocut\n>p1 move recover\n>p2 move psychocut\n>p1 move recover\n>p2 move psychocut\n>p1 move recover\n>p2 move psychocut\n>p1 move recover\n>p2 move psychocut\n>p1 move recover\n>p2 move psychocut\n>forcelose p2", "uploadtime": 1782771053, "views": 8, "formatid": "gen9randombattle", "rating": 1333, "private": 0, "password": null, "player_dets": [{"name": "tubbatub", "avatar": "fantina", "rating": 1328, "seed": "sodium,2f1236b509a3023ce4a454365e308a9f"}, {"name": "vitorXXa", "avatar": "169", "rating": 1354, "seed": "sodium,326940632636cc0050d6d9a480b69b8b"}], "teams_full": [{"Jumpluff": {"name": "Jumpluff", "species": "Jumpluff", "speciesId": "jumpluff", "gender": "M", "shiny": false, "level": 87, "moves": ["strengthsap", "acrobatics", "leechseed", "substitute"], "ability": "Infiltrator", "evs": {"hp": 81, "atk": 85, "def": 85, "spa": 85, "spd": 85, "spe": 85}, "ivs": {"hp": 31, "atk": 31, "def": 31, "spa": 31, "spd": 31, "spe": 31}, "item": "", "teraType": "Steel", "role": "Bulky Support", "bvs": {"hp": 75, "atk": 55, "def": 70, "spa": 55, "spd": 95, "spe": 110}, "stats": {"hp": 271, "atk": 145, "def": 172, "spa": 145, "spd": 215, "spe": 241}, "types": ["Grass", "Flying"]}, "Mew": {"name": "Mew", "species": "Mew", "speciesId": "mew", "gender": "N", "shiny": false, "level": 82, "moves": ["psychicnoise", "toxicspikes", "uturn", "knockoff"], "ability": "Synchronize", "evs": {"hp": 85, "atk": 85, "def": 85, "spa": 85, "spd": 85, "spe": 85}, "ivs": {"hp": 31, "atk": 31, "def": 31, "spa": 31, "spd": 31, "spe": 31}, "item": "Leftovers", "teraType": "Steel", "role": "Bulky Support", "bvs": {"hp": 100, "atk": 100, "def": 100, "spa": 100, "spd": 100, "spe": 100}, "stats": {"hp": 298, "atk": 211, "def": 211, "spa": 211, "spd": 211, "spe": 211}, "types": ["Psychic"]}, "Volbeat": {"name": "Volbeat", "species": "Volbeat", "speciesId": "volbeat", "gender": "M", "shiny": false, "level": 90, "moves": ["uturn", "thunderwave", "roost", "encore"], "ability": "Prankster", "evs": {"hp": 85, "atk": 85, "def": 85, "spa": 85, "spd": 85, "spe": 85}, "ivs": {"hp": 31, "atk": 31, "def": 31, "spa": 31, "spd": 31, "spe": 31}, "item": "Heavy-Duty Boots", "teraType": "Steel", "role": "Bulky Support", "bvs": {"hp": 65, "atk": 73, "def": 75, "spa": 47, "spd": 85, "spe": 85}, "stats": {"hp": 263, "atk": 183, "def": 186, "spa": 136, "spd": 204, "spe": 204}, "types": ["Bug"]}, "Brambleghast": {"name": "Brambleghast", "species": "Brambleghast", "speciesId": "brambleghast", "gender": "F", "shiny": false, "level": 88, "moves": ["powerwhip", "poltergeist", "strengthsap", "rapidspin"], "ability": "Wind Rider", "evs": {"hp": 85, "atk": 85, "def": 85, "spa": 85, "spd": 85, "spe": 85}, "ivs": {"hp": 31, "atk": 31, "def": 31, "spa": 31, "spd": 31, "spe": 31}, "item": "Heavy-Duty Boots", "teraType": "Water", "role": "Fast Support", "bvs": {"hp": 55, "atk": 115, "def": 70, "spa": 80, "spd": 70, "spe": 90}, "stats": {"hp": 240, "atk": 253, "def": 173, "spa": 191, "spd": 173, "spe": 209}, "types": ["Grass", "Ghost"]}, "Lugia": {"name": "Lugia", "species": "Lugia", "speciesId": "lugia", "gender": "N", "shiny": false, "level": 73, "moves": ["calmmind", "aeroblast", "psychicnoise", "recover"], "ability": "Multiscale", "evs": {"hp": 85, "atk": 0, "def": 85, "spa": 85, "spd": 85, "spe": 85}, "ivs": {"hp": 31, "atk": 0, "def": 31, "spa": 31, "spd": 31, "spe": 31}, "item": "Heavy-Duty Boots", "teraType": "Steel", "role": "Setup Sweeper", "bvs": {"hp": 106, "atk": 90, "def": 130, "spa": 90, "spd": 154, "spe": 110}, "stats": {"hp": 275, "atk": 136, "def": 232, "spa": 174, "spd": 267, "spe": 203}, "types": ["Psychic", "Flying"]}, "Pincurchin": {"name": "Pincurchin", "species": "Pincurchin", "speciesId": "pincurchin", "gender": "M", "shiny": false, "level": 100, "moves": ["scald", "recover", "spikes", "discharge"], "ability": "Electric Surge", "evs": {"hp": 85, "atk": 0, "def": 85, "spa": 85, "spd": 85, "spe": 85}, "ivs": {"hp": 31, "atk": 0, "def": 31, "spa": 31, "spd": 31, "spe": 31}, "item": "Leftovers", "teraType": "Water", "role": "Bulky Attacker", "bvs": {"hp": 48, "atk": 101, "def": 95, "spa": 91, "spd": 85, "spe": 15}, "stats": {"hp": 258, "atk": 207, "def": 247, "spa": 239, "spd": 227, "spe": 87}, "types": ["Electric"]}}, {"Oricorio": {"name": "Oricorio", "species": "Oricorio-Sensu", "speciesId": "oricoriosensu", "gender": "F", "shiny": false, "level": 85, "moves": ["revelationdance", "roost", "quiverdance", "hurricane"], "ability": "Dancer", "evs": {"hp": 85, "atk": 0, "def": 85, "spa": 85, "spd": 85, "spe": 85}, "ivs": {"hp": 31, "atk": 0, "def": 31, "spa": 31, "spd": 31, "spe": 31}, "item": "Heavy-Duty Boots", "teraType": "Fighting", "role": "Setup Sweeper", "bvs": {"hp": 75, "atk": 70, "def": 70, "spa": 98, "spd": 70, "spe": 93}, "stats": {"hp": 266, "atk": 124, "def": 168, "spa": 215, "spd": 168, "spe": 207}, "types": ["Ghost", "Flying"]}, "Slaking": {"name": "Slaking", "species": "Slaking", "speciesId": "slaking", "gender": "F", "shiny": false, "level": 84, "moves": ["doubleedge", "knockoff", "gigaimpact", "earthquake"], "ability": "Truant", "evs": {"hp": 85, "atk": 85, "def": 85, "spa": 85, "spd": 85, "spe": 85}, "ivs": {"hp": 31, "atk": 31, "def": 31, "spa": 31, "spd": 31, "spe": 31}, "item": "Choice Band", "teraType": "Ground", "role": "Wallbreaker", "bvs": {"hp": 150, "atk": 160, "def": 100, "spa": 95, "spd": 65, "spe": 100}, "stats": {"hp": 389, "atk": 317, "def": 216, "spa": 208, "spd": 157, "spe": 216}, "types": ["Normal"]}, "Spidops": {"name": "Spidops", "species": "Spidops", "speciesId": "spidops", "gender": "F", "shiny": false, "level": 96, "moves": ["stickyweb", "knockoff", "circlethrow", "uturn"], "ability": "Stakeout", "evs": {"hp": 85, "atk": 85, "def": 85, "spa": 85, "spd": 85, "spe": 85}, "ivs": {"hp": 31, "atk": 31, "def": 31, "spa": 31, "spd": 31, "spe": 31}, "item": "Heavy-Duty Boots", "teraType": "Ghost", "role": "Bulky Support", "bvs": {"hp": 60, "atk": 79, "def": 92, "spa": 52, "spd": 86, "spe": 35}, "stats": {"hp": 271, "atk": 206, "def": 231, "spa": 154, "spd": 220, "spe": 122}, "types": ["Bug"]}, "Reuniclus": {"name": "Reuniclus", "species": "Reuniclus", "speciesId": "reuniclus", "gender": "F", "shiny": false, "level": 88, "moves": ["psyshock", "recover", "focusblast", "calmmind"], "ability": "Magic Guard", "evs": {"hp": 85, "atk": 0, "def": 85, "spa": 85, "spd": 85, "spe": 85}, "ivs": {"hp": 31, "atk": 0, "def": 31, "spa": 31, "spd": 31, "spe": 31}, "item": "Life Orb", "teraType": "Steel", "role": "Bulky Setup", "bvs": {"hp": 110, "atk": 65, "def": 75, "spa": 125, "spd": 85, "spe": 30}, "stats": {"hp": 337, "atk": 119, "def": 182, "spa": 270, "spd": 200, "spe": 103}, "types": ["Psychic"]}, "Gallade": {"name": "Gallade", "species": "Gallade", "speciesId": "gallade", "gender": "M", "shiny": false, "level": 80, "moves": ["agility", "psychocut", "nightslash", "sacredsword"], "ability": "Sharpness", "evs": {"hp": 85, "atk": 85, "def": 85, "spa": 85, "spd": 85, "spe": 85}, "ivs": {"hp": 31, "atk": 31, "def": 31, "spa": 31, "spd": 31, "spe": 31}, "item": "Life Orb", "teraType": "Fighting", "role": "Setup Sweeper", "bvs": {"hp": 68, "atk": 125, "def": 65, "spa": 65, "spd": 115, "spe": 80}, "stats": {"hp": 240, "atk": 246, "def": 150, "spa": 150, "spd": 230, "spe": 174}, "types": ["Psychic", "Fighting"]}, "Hawlucha": {"name": "Hawlucha", "species": "Hawlucha", "speciesId": "hawlucha", "gender": "M", "shiny": false, "level": 80, "moves": ["acrobatics", "bravebird", "closecombat", "swordsdance"], "ability": "Unburden", "evs": {"hp": 85, "atk": 85, "def": 85, "spa": 85, "spd": 85, "spe": 85}, "ivs": {"hp": 31, "atk": 31, "def": 31, "spa": 31, "spd": 31, "spe": 31}, "item": "White Herb", "teraType": "Flying", "role": "Setup Sweeper", "bvs": {"hp": 78, "atk": 92, "def": 75, "spa": 74, "spd": 63, "spe": 118}, "stats": {"hp": 256, "atk": 193, "def": 166, "spa": 165, "spd": 147, "spe": 235}, "types": ["Fighting", "Flying"]}}]}