{"id": "gen9randombattle-2641418248", "format": "[Gen 9] Random Battle", "players": ["Sundayrewind", "ProdigialChild"], "log": "|j|\u2606Sundayrewind\n|j|\u2606ProdigialChild\n|t:|1782781798\n|gametype|singles\n|player|p1|Sundayrewind|1|1095\n|player|p2|ProdigialChild|102|1100\n|gen|9\n|tier|[Gen 9] Random Battle\n|rated|\n|rule|Species Clause: Limit one of each Pok\u00e9mon\n|rule|HP Percentage Mod: HP is shown in percentages\n|rule|Sleep Clause Mod: Limit one foe put to sleep\n|rule|Illusion Level Mod: Illusion disguises the Pok\u00e9mon's true level\n|\n|t:|1782781798\n|teamsize|p1|6\n|teamsize|p2|6\n|start\n|switch|p1a: Mandibuzz|Mandibuzz, L85, F|326/326\n|switch|p2a: Forretress|Forretress, L84, F|263/263\n|turn|1\n|inactive|Battle timer is ON: inactive players will automatically lose when time's up. (requested by Sundayrewind)\n|\n|t:|1782781810\n|move|p1a: Mandibuzz|Brave Bird|p2a: Forretress\n|-crit|p2a: Forretress\n|-damage|p2a: Forretress|163/263\n|-damage|p1a: Mandibuzz|293/326|[from] Recoil\n|move|p2a: Forretress|Spikes|p1a: Mandibuzz\n|-sidestart|p1: Sundayrewind|Spikes\n|\n|-heal|p2a: Forretress|179/263|[from] item: Leftovers\n|upkeep\n|turn|2\n|\n|t:|1782781838\n|move|p1a: Mandibuzz|Brave Bird|p2a: Forretress\n|-damage|p2a: Forretress|106/263\n|-damage|p1a: Mandibuzz|269/326|[from] Recoil\n|move|p2a: Forretress|Spikes|p1a: Mandibuzz\n|-sidestart|p1: Sundayrewind|Spikes\n|\n|-heal|p2a: Forretress|122/263|[from] item: Leftovers\n|upkeep\n|turn|3\n|\n|t:|1782781846\n|move|p1a: Mandibuzz|Brave Bird|p2a: Forretress\n|-damage|p2a: Forretress|53/263\n|-damage|p1a: Mandibuzz|246/326|[from] Recoil\n|move|p2a: Forretress|Spikes|p1a: Mandibuzz\n|-sidestart|p1: Sundayrewind|Spikes\n|\n|-heal|p2a: Forretress|69/263|[from] item: Leftovers\n|upkeep\n|turn|4\n|\n|t:|1782781857\n|move|p1a: Mandibuzz|Defog|p2a: Forretress\n|-unboost|p2a: Forretress|evasion|1\n|-sideend|p1: Sundayrewind|Spikes|[from] move: Defog|[of] p1a: Mandibuzz\n|move|p2a: Forretress|Rapid Spin|p1a: Mandibuzz\n|-damage|p1a: Mandibuzz|219/326\n|-boost|p2a: Forretress|spe|1\n|\n|-heal|p2a: Forretress|85/263|[from] item: Leftovers\n|upkeep\n|turn|5\n|\n|t:|1782781867\n|move|p1a: Mandibuzz|Brave Bird|p2a: Forretress\n|-damage|p2a: Forretress|10/263\n|-damage|p1a: Mandibuzz|194/326|[from] Recoil\n|move|p2a: Forretress|Iron Head|p1a: Mandibuzz\n|-damage|p1a: Mandibuzz|125/326\n|\n|-heal|p2a: Forretress|26/263|[from] item: Leftovers\n|upkeep\n|turn|6\n|c|\u2606ProdigialChild|damn\n|\n|t:|1782781876\n|move|p1a: Mandibuzz|Roost|p1a: Mandibuzz\n|-heal|p1a: Mandibuzz|288/326\n|-singleturn|p1a: Mandibuzz|move: Roost\n|move|p2a: Forretress|Spikes|p1a: Mandibuzz\n|-sidestart|p1: Sundayrewind|Spikes\n|\n|-heal|p2a: Forretress|42/263|[from] item: Leftovers\n|upkeep\n|turn|7\n|\n|t:|1782781884\n|move|p1a: Mandibuzz|Brave Bird|p2a: Forretress\n|-damage|p2a: Forretress|0 fnt\n|faint|p2a: Forretress\n|-damage|p1a: Mandibuzz|274/326|[from] Recoil\n|\n|upkeep\n|\n|t:|1782781902\n|switch|p2a: Calyrex|Calyrex-Ice, L72|263/263\n|-ability|p2a: Calyrex|As One\n|-ability|p2a: Calyrex|Unnerve\n|turn|8\n|\n|t:|1782781914\n|move|p1a: Mandibuzz|Foul Play|p2a: Calyrex\n|-supereffective|p2a: Calyrex\n|-damage|p2a: Calyrex|59/263\n|move|p2a: Calyrex|Trick Room|p2a: Calyrex\n|-fieldstart|move: Trick Room|[of] p2a: Calyrex\n|\n|upkeep\n|turn|9\n|\n|t:|1782781921\n|move|p2a: Calyrex|Glacial Lance|p1a: Mandibuzz\n|-supereffective|p1a: Mandibuzz\n|-damage|p1a: Mandibuzz|46/326\n|move|p1a: Mandibuzz|Defog|p2a: Calyrex\n|-unboost|p2a: Calyrex|evasion|1\n|-sideend|p1: Sundayrewind|Spikes|[from] move: Defog|[of] p1a: Mandibuzz\n|\n|upkeep\n|turn|10\n|\n|t:|1782781936\n|move|p2a: Calyrex|Glacial Lance|p1a: Mandibuzz\n|-supereffective|p1a: Mandibuzz\n|-damage|p1a: Mandibuzz|0 fnt\n|faint|p1a: Mandibuzz\n|-ability|p2a: Calyrex|Chilling Neigh|boost\n|-boost|p2a: Calyrex|atk|1\n|\n|upkeep\n|\n|t:|1782781947\n|switch|p1a: Garganacl|Garganacl, L80, M|291/291\n|turn|11\n|\n|t:|1782781955\n|move|p2a: Calyrex|Close Combat|p1a: Garganacl\n|-supereffective|p1a: Garganacl\n|-damage|p1a: Garganacl|83/291\n|-unboost|p2a: Calyrex|def|1\n|-unboost|p2a: Calyrex|spd|1\n|move|p1a: Garganacl|Salt Cure|p2a: Calyrex\n|-supereffective|p2a: Calyrex\n|-damage|p2a: Calyrex|0 fnt\n|faint|p2a: Calyrex\n|\n|-heal|p1a: Garganacl|101/291|[from] item: Leftovers\n|upkeep\n|\n|t:|1782781974\n|switch|p2a: Muk|Muk, L86, F|321/321\n|turn|12\n|\n|t:|1782781979\n|move|p1a: Garganacl|Salt Cure|p2a: Muk\n|-damage|p2a: Muk|273/321\n|-start|p2a: Muk|Salt Cure\n|move|p2a: Muk|Drain Punch|p1a: Garganacl\n|-supereffective|p1a: Garganacl\n|-damage|p1a: Garganacl|15/291\n|-heal|p2a: Muk|316/321|[from] drain|[of] p1a: Garganacl\n|\n|-heal|p1a: Garganacl|33/291|[from] item: Leftovers\n|-damage|p2a: Muk|276/321|[from] Salt Cure\n|-fieldend|move: Trick Room\n|upkeep\n|turn|13\n|\n|t:|1782781994\n|-terastallize|p1a: Garganacl|Ghost\n|move|p2a: Muk|Drain Punch|p1a: Garganacl\n|-immune|p1a: Garganacl\n|move|p1a: Garganacl|Recover|p1a: Garganacl\n|-heal|p1a: Garganacl|179/291\n|\n|-heal|p1a: Garganacl|197/291|[from] item: Leftovers\n|-damage|p2a: Muk|236/321|[from] Salt Cure\n|upkeep\n|turn|14\n|\n|t:|1782782008\n|move|p2a: Muk|Knock Off|p1a: Garganacl\n|-supereffective|p1a: Garganacl\n|-damage|p1a: Garganacl|87/291\n|-enditem|p1a: Garganacl|Leftovers|[from] move: Knock Off|[of] p2a: Muk\n|move|p1a: Garganacl|Stealth Rock|p2a: Muk\n|-sidestart|p2: ProdigialChild|move: Stealth Rock\n|\n|-damage|p2a: Muk|196/321|[from] Salt Cure\n|upkeep\n|turn|15\n|\n|t:|1782782019\n|move|p2a: Muk|Knock Off|p1a: Garganacl\n|-supereffective|p1a: Garganacl\n|-damage|p1a: Garganacl|13/291\n|move|p1a: Garganacl|Recover|p1a: Garganacl\n|-heal|p1a: Garganacl|159/291\n|\n|-damage|p2a: Muk|156/321|[from] Salt Cure\n|upkeep\n|turn|16\n|\n|t:|1782782027\n|move|p2a: Muk|Knock Off|p1a: Garganacl\n|-supereffective|p1a: Garganacl\n|-crit|p1a: Garganacl\n|-damage|p1a: Garganacl|35/291\n|move|p1a: Garganacl|Recover|p1a: Garganacl\n|-heal|p1a: Garganacl|181/291\n|\n|-damage|p2a: Muk|116/321|[from] Salt Cure\n|upkeep\n|turn|17\n|\n|t:|1782782047\n|switch|p2a: Gumshoos|Gumshoos, L95, M|321/321\n|-damage|p2a: Gumshoos|281/321|[from] Stealth Rock\n|move|p1a: Garganacl|Recover|p1a: Garganacl\n|-heal|p1a: Garganacl|291/291\n|\n|upkeep\n|turn|18\n|\n|t:|1782782062\n|move|p2a: Gumshoos|Knock Off|p1a: Garganacl\n|-supereffective|p1a: Garganacl\n|-damage|p1a: Garganacl|143/291\n|move|p1a: Garganacl|Salt Cure|p2a: Gumshoos\n|-damage|p2a: Gumshoos|235/321\n|-start|p2a: Gumshoos|Salt Cure\n|\n|-damage|p2a: Gumshoos|195/321|[from] Salt Cure\n|upkeep\n|turn|19\n|\n|t:|1782782075\n|move|p2a: Gumshoos|Knock Off|p1a: Garganacl\n|-supereffective|p1a: Garganacl\n|-damage|p1a: Garganacl|0 fnt\n|faint|p1a: Garganacl\n|\n|-damage|p2a: Gumshoos|155/321|[from] Salt Cure\n|upkeep\n|\n|t:|1782782086\n|switch|p1a: Gardevoir|Gardevoir, L83, M|249/249\n|-ability|p1a: Gardevoir|Stakeout|Trace|[from] ability: Trace|[of] p2a: Gumshoos\n|turn|20\n|\n|t:|1782782100\n|switch|p2a: Munkidori|Munkidori, L79, M|269/269\n|-damage|p2a: Munkidori|236/269|[from] Stealth Rock\n|move|p1a: Gardevoir|Focus Blast|p2a: Munkidori\n|-resisted|p2a: Munkidori\n|-damage|p2a: Munkidori|184/269\n|\n|upkeep\n|turn|21\n|\n|t:|1782782112\n|switch|p1a: Hippowdon|Hippowdon, L82, M|311/311\n|-weather|Sandstorm|[from] ability: Sand Stream|[of] p1a: Hippowdon\n|move|p2a: Munkidori|Nasty Plot|p2a: Munkidori\n|-boost|p2a: Munkidori|spa|2\n|\n|-weather|Sandstorm|[upkeep]\n|-damage|p2a: Munkidori|168/269|[from] Sandstorm\n|upkeep\n|turn|22\n|\n|t:|1782782130\n|-terastallize|p2a: Munkidori|Fighting\n|move|p2a: Munkidori|Focus Blast|p1a: Hippowdon\n|-damage|p1a: Hippowdon|0 fnt\n|faint|p1a: Hippowdon\n|-damage|p2a: Munkidori|142/269|[from] item: Life Orb\n|\n|-weather|Sandstorm|[upkeep]\n|-damage|p2a: Munkidori|126/269|[from] Sandstorm\n|upkeep\n|\n|t:|1782782143\n|switch|p1a: Annihilape|Annihilape, L76, F|292/292\n|turn|23\n|\n|t:|1782782155\n|move|p2a: Munkidori|Psyshock|p1a: Annihilape\n|-supereffective|p1a: Annihilape\n|-damage|p1a: Annihilape|0 fnt\n|faint|p1a: Annihilape\n|-damage|p2a: Munkidori|100/269|[from] item: Life Orb\n|\n|-weather|Sandstorm|[upkeep]\n|-damage|p2a: Munkidori|84/269|[from] Sandstorm\n|upkeep\n|\n|t:|1782782163\n|switch|p1a: Gardevoir|Gardevoir, L83, M|249/249\n|-ability|p1a: Gardevoir|Toxic Chain|Trace|[from] ability: Trace|[of] p2a: Munkidori\n|turn|24\n|\n|t:|1782782170\n|move|p1a: Gardevoir|Psychic|p2a: Munkidori\n|-supereffective|p2a: Munkidori\n|-damage|p2a: Munkidori|0 fnt\n|faint|p2a: Munkidori\n|\n|-weather|Sandstorm|[upkeep]\n|-damage|p1a: Gardevoir|234/249|[from] Sandstorm\n|upkeep\n|\n|t:|1782782187\n|switch|p2a: Muk|Muk, L86, F|116/321\n|-damage|p2a: Muk|76/321|[from] Stealth Rock\n|turn|25\n|\n|t:|1782782194\n|move|p2a: Muk|Shadow Sneak|p1a: Gardevoir\n|-supereffective|p1a: Gardevoir\n|-damage|p1a: Gardevoir|160/249\n|-status|p1a: Gardevoir|psn|[from] ability: Poison Touch|[of] p2a: Muk\n|move|p1a: Gardevoir|Psychic|p2a: Muk\n|-supereffective|p2a: Muk\n|-damage|p2a: Muk|0 fnt\n|faint|p2a: Muk\n|\n|-weather|none\n|-damage|p1a: Gardevoir|129/249 psn|[from] psn\n|upkeep\n|\n|t:|1782782212\n|switch|p2a: Sinistcha|Sinistcha-Masterpiece, L83|254/254\n|-damage|p2a: Sinistcha|223/254|[from] Stealth Rock\n|turn|26\n|\n|t:|1782782218\n|move|p1a: Gardevoir|Psychic|p2a: Sinistcha\n|-damage|p2a: Sinistcha|103/254\n|-status|p2a: Sinistcha|tox|[from] ability: Toxic Chain|[of] p1a: Gardevoir\n|move|p2a: Sinistcha|Calm Mind|p2a: Sinistcha\n|-boost|p2a: Sinistcha|spa|1\n|-boost|p2a: Sinistcha|spd|1\n|\n|-heal|p2a: Sinistcha|118/254 tox|[from] item: Leftovers\n|-damage|p1a: Gardevoir|98/249 psn|[from] psn\n|-damage|p2a: Sinistcha|103/254 tox|[from] psn\n|upkeep\n|turn|27\n|\n|t:|1782782230\n|move|p1a: Gardevoir|Psychic|p2a: Sinistcha\n|-damage|p2a: Sinistcha|12/254 tox\n|move|p2a: Sinistcha|Shadow Ball|p1a: Gardevoir\n|-supereffective|p1a: Gardevoir\n|-damage|p1a: Gardevoir|0 fnt\n|faint|p1a: Gardevoir\n|\n|-heal|p2a: Sinistcha|27/254 tox|[from] item: Leftovers\n|-damage|p2a: Sinistcha|0 fnt|[from] psn\n|faint|p2a: Sinistcha\n|upkeep\n|\n|t:|1782782247\n|switch|p1a: Heatran|Heatran, L79, M|273/273\n|switch|p2a: Gumshoos|Gumshoos, L95, M|155/321\n|-damage|p2a: Gumshoos|115/321|[from] Stealth Rock\n|turn|28\n|\n|t:|1782782270\n|move|p1a: Heatran|Lava Plume|p2a: Gumshoos\n|-damage|p2a: Gumshoos|13/321\n|move|p2a: Gumshoos|Earthquake|p1a: Heatran\n|-supereffective|p1a: Heatran\n|-damage|p1a: Heatran|0 fnt\n|faint|p1a: Heatran\n|\n|win|ProdigialChild\n|raw|Sundayrewind's rating: 1095 &rarr; <strong>1073</strong><br />(-22 for losing)\n|raw|ProdigialChild's rating: 1123 &rarr; <strong>1146</strong><br />(+23 for winning)\n|l|\u2606Sundayrewind\n|player|p1|\n|c|\u2606ProdigialChild|gga\n|c|\u2606ProdigialChild|ggs\n", "inputlog": ">version f8ac14003a5f27e1bdc8d8c59608a773c1cb96e5\n>start {\"formatid\":\"gen9randombattle\",\"seed\":\"sodium,f60d56dfa9a411641f38a84030eaa25d\",\"rated\":\"Rated battle\"}\n>player p1 {\"name\":\"Sundayrewind\",\"avatar\":\"1\",\"rating\":1095,\"seed\":\"sodium,3f1517acb14301f2865177ccb47d4147\"}\n>player p2 {\"name\":\"ProdigialChild\",\"avatar\":\"102\",\"rating\":1100,\"seed\":\"sodium,07c6092c3f99173c0ec70d30650fc020\"}\n>p1 move bravebird\n>p2 move spikes\n>p1 move bravebird\n>p2 move spikes\n>p1 move bravebird\n>p2 move spikes\n>p1 move defog\n>p2 move rapidspin\n>p1 move bravebird\n>p2 move ironhead\n>chat \u2606ProdigialChild|damn\n>p1 move roost\n>p2 move spikes\n>p1 move bravebird\n>p2 move rapidspin\n>p2 switch 6\n>p1 move foulplay\n>p2 move trickroom\n>p1 move defog\n>p2 move glaciallance\n>p1 move foulplay\n>p2 move glaciallance\n>p1 switch 3\n>p1 move saltcure\n>p2 move closecombat\n>p2 switch 2\n>p1 move saltcure\n>p2 move drainpunch\n>p1 move recover terastallize\n>p2 move drainpunch\n>p1 move stealthrock\n>p2 move knockoff\n>p1 move recover\n>p2 move knockoff\n>p1 move recover\n>p2 move knockoff\n>p1 move recover\n>p2 switch 3\n>p1 move saltcure\n>p2 move knockoff\n>p1 move bodypress\n>p2 move knockoff\n>p1 switch 6\n>p1 move focusblast\n>p2 switch 4\n>p1 switch 2\n>p2 move nastyplot\n>p1 move earthquake\n>p2 move focusblast terastallize\n>p1 switch 4\n>p1 move gunkshot\n>p2 move psyshock\n>p1 switch 2\n>p1 move psychic\n>p2 move sludgewave\n>p2 switch 3\n>p1 move psychic\n>p2 move shadowsneak\n>p2 switch 5\n>p1 move psychic\n>p2 move calmmind\n>p1 move psychic\n>p2 move shadowball\n>p1 switch 5\n>p2 switch 4\n>p1 move lavaplume\n>p2 move earthquake", "uploadtime": 1782782332, "views": 5, "formatid": "gen9randombattle", "rating": 1073, "private": 0, "password": null, "player_dets": [{"name": "Sundayrewind", "avatar": "1", "rating": 1095, "seed": "sodium,3f1517acb14301f2865177ccb47d4147"}, {"name": "ProdigialChild", "avatar": "102", "rating": 1100, "seed": "sodium,07c6092c3f99173c0ec70d30650fc020"}], "teams_full": [{"Mandibuzz": {"name": "Mandibuzz", "species": "Mandibuzz", "speciesId": "mandibuzz", "gender": "F", "shiny": false, "level": 85, "moves": ["foulplay", "roost", "bravebird", "defog"], "ability": "Overcoat", "evs": {"hp": 85, "atk": 85, "def": 85, "spa": 85, "spd": 85, "spe": 85}, "ivs": {"hp": 31, "atk": 31, "def": 31, "spa": 31, "spd": 31, "spe": 31}, "item": "Heavy-Duty Boots", "teraType": "Steel", "role": "Bulky Attacker", "bvs": {"hp": 110, "atk": 65, "def": 105, "spa": 55, "spd": 95, "spe": 80}, "stats": {"hp": 326, "atk": 159, "def": 227, "spa": 142, "spd": 210, "spe": 185}, "types": ["Dark", "Flying"]}, "Hippowdon": {"name": "Hippowdon", "species": "Hippowdon", "speciesId": "hippowdon", "gender": "M", "shiny": false, "level": 82, "moves": ["slackoff", "earthquake", "stoneedge", "curse"], "ability": "Sand Stream", "evs": {"hp": 85, "atk": 85, "def": 85, "spa": 85, "spd": 85, "spe": 85}, "ivs": {"hp": 31, "atk": 31, "def": 31, "spa": 31, "spd": 31, "spe": 31}, "item": "Leftovers", "teraType": "Rock", "role": "Bulky Setup", "bvs": {"hp": 108, "atk": 112, "def": 118, "spa": 68, "spd": 72, "spe": 47}, "stats": {"hp": 311, "atk": 231, "def": 241, "spa": 159, "spd": 165, "spe": 124}, "types": ["Ground"]}, "Garganacl": {"name": "Garganacl", "species": "Garganacl", "speciesId": "garganacl", "gender": "M", "shiny": false, "level": 80, "moves": ["stealthrock", "bodypress", "recover", "saltcure"], "ability": "Purifying Salt", "evs": {"hp": 85, "atk": 85, "def": 85, "spa": 85, "spd": 85, "spe": 85}, "ivs": {"hp": 31, "atk": 31, "def": 31, "spa": 31, "spd": 31, "spe": 31}, "item": "Leftovers", "teraType": "Ghost", "role": "Bulky Support", "bvs": {"hp": 100, "atk": 100, "def": 130, "spa": 45, "spd": 90, "spe": 35}, "stats": {"hp": 291, "atk": 206, "def": 254, "spa": 118, "spd": 190, "spe": 102}, "types": ["Rock"]}, "Annihilape": {"name": "Annihilape", "species": "Annihilape", "speciesId": "annihilape", "gender": "F", "shiny": false, "level": 76, "moves": ["gunkshot", "bulkup", "drainpunch", "ragefist"], "ability": "Defiant", "evs": {"hp": 85, "atk": 85, "def": 85, "spa": 85, "spd": 85, "spe": 85}, "ivs": {"hp": 31, "atk": 31, "def": 31, "spa": 31, "spd": 31, "spe": 31}, "item": "Leftovers", "teraType": "Ghost", "role": "Bulky Setup", "bvs": {"hp": 110, "atk": 115, "def": 80, "spa": 50, "spd": 90, "spe": 90}, "stats": {"hp": 292, "atk": 219, "def": 166, "spa": 120, "spd": 181, "spe": 181}, "types": ["Fighting", "Ghost"]}, "Heatran": {"name": "Heatran", "species": "Heatran", "speciesId": "heatran", "gender": "M", "shiny": false, "level": 79, "moves": ["lavaplume", "earthpower", "heavyslam", "magmastorm"], "ability": "Flash Fire", "evs": {"hp": 85, "atk": 85, "def": 85, "spa": 85, "spd": 85, "spe": 85}, "ivs": {"hp": 31, "atk": 31, "def": 31, "spa": 31, "spd": 31, "spe": 31}, "item": "Assault Vest", "teraType": "Grass", "role": "Bulky Support", "bvs": {"hp": 91, "atk": 90, "def": 106, "spa": 130, "spd": 106, "spe": 77}, "stats": {"hp": 273, "atk": 188, "def": 213, "spa": 251, "spd": 213, "spe": 167}, "types": ["Fire", "Steel"]}, "Gardevoir": {"name": "Gardevoir", "species": "Gardevoir", "speciesId": "gardevoir", "gender": "M", "shiny": false, "level": 83, "moves": ["moonblast", "focusblast", "psychic", "trick"], "ability": "Trace", "evs": {"hp": 85, "atk": 0, "def": 85, "spa": 85, "spd": 85, "spe": 85}, "ivs": {"hp": 31, "atk": 0, "def": 31, "spa": 31, "spd": 31, "spe": 31}, "item": "Choice Scarf", "teraType": "Fighting", "role": "Fast Attacker", "bvs": {"hp": 68, "atk": 65, "def": 65, "spa": 125, "spd": 115, "spe": 80}, "stats": {"hp": 249, "atk": 112, "def": 156, "spa": 255, "spd": 239, "spe": 180}, "types": ["Psychic", "Fairy"]}}, {"Forretress": {"name": "Forretress", "species": "Forretress", "speciesId": "forretress", "gender": "F", "shiny": false, "level": 84, "moves": ["bodypress", "rapidspin", "ironhead", "spikes"], "ability": "Sturdy", "evs": {"hp": 85, "atk": 85, "def": 85, "spa": 85, "spd": 85, "spe": 85}, "ivs": {"hp": 31, "atk": 31, "def": 31, "spa": 31, "spd": 31, "spe": 31}, "item": "Leftovers", "teraType": "Water", "role": "Bulky Attacker", "bvs": {"hp": 75, "atk": 90, "def": 140, "spa": 60, "spd": 60, "spe": 40}, "stats": {"hp": 263, "atk": 199, "def": 283, "spa": 149, "spd": 149, "spe": 115}, "types": ["Bug", "Steel"]}, "Muk": {"name": "Muk", "species": "Muk", "speciesId": "muk", "gender": "F", "shiny": false, "level": 86, "moves": ["gunkshot", "shadowsneak", "knockoff", "drainpunch"], "ability": "Poison Touch", "evs": {"hp": 85, "atk": 85, "def": 85, "spa": 85, "spd": 85, "spe": 85}, "ivs": {"hp": 31, "atk": 31, "def": 31, "spa": 31, "spd": 31, "spe": 31}, "item": "Assault Vest", "teraType": "Dark", "role": "AV Pivot", "bvs": {"hp": 105, "atk": 105, "def": 75, "spa": 65, "spd": 100, "spe": 50}, "stats": {"hp": 321, "atk": 230, "def": 178, "spa": 161, "spd": 221, "spe": 135}, "types": ["Poison"]}, "Gumshoos": {"name": "Gumshoos", "species": "Gumshoos", "speciesId": "gumshoos", "gender": "M", "shiny": false, "level": 95, "moves": ["uturn", "earthquake", "doubleedge", "knockoff"], "ability": "Stakeout", "evs": {"hp": 85, "atk": 85, "def": 85, "spa": 85, "spd": 85, "spe": 85}, "ivs": {"hp": 31, "atk": 31, "def": 31, "spa": 31, "spd": 31, "spe": 31}, "item": "Choice Band", "teraType": "Normal", "role": "Wallbreaker", "bvs": {"hp": 88, "atk": 110, "def": 60, "spa": 55, "spd": 60, "spe": 45}, "stats": {"hp": 321, "atk": 263, "def": 168, "spa": 158, "spd": 168, "spe": 139}, "types": ["Normal"]}, "Munkidori": {"name": "Munkidori", "species": "Munkidori", "speciesId": "munkidori", "gender": "M", "shiny": false, "level": 79, "moves": ["nastyplot", "psyshock", "focusblast", "sludgewave"], "ability": "Toxic Chain", "evs": {"hp": 85, "atk": 0, "def": 85, "spa": 85, "spd": 85, "spe": 85}, "ivs": {"hp": 31, "atk": 0, "def": 31, "spa": 31, "spd": 31, "spe": 31}, "item": "Life Orb", "teraType": "Fighting", "role": "Fast Attacker", "bvs": {"hp": 88, "atk": 75, "def": 66, "spa": 130, "spd": 90, "spe": 106}, "stats": {"hp": 269, "atk": 123, "def": 150, "spa": 251, "spd": 188, "spe": 213}, "types": ["Poison", "Psychic"]}, "Sinistcha": {"name": "Sinistcha", "species": "Sinistcha-Masterpiece", "speciesId": "sinistcha", "gender": "N", "shiny": false, "level": 83, "moves": ["calmmind", "strengthsap", "matchagotcha", "shadowball"], "ability": "Heatproof", "evs": {"hp": 85, "atk": 0, "def": 85, "spa": 85, "spd": 85, "spe": 85}, "ivs": {"hp": 31, "atk": 0, "def": 31, "spa": 31, "spd": 31, "spe": 31}, "item": "Leftovers", "teraType": "Steel", "role": "Bulky Setup", "bvs": {"hp": 71, "atk": 60, "def": 106, "spa": 121, "spd": 80, "spe": 70}, "stats": {"hp": 254, "atk": 104, "def": 224, "spa": 249, "spd": 180, "spe": 164}, "types": ["Grass", "Ghost"]}, "Calyrex": {"name": "Calyrex", "species": "Calyrex-Ice", "speciesId": "calyrexice", "gender": "N", "shiny": false, "level": 72, "moves": ["closecombat", "highhorsepower", "glaciallance", "trickroom"], "ability": "As One (Glastrier)", "evs": {"hp": 85, "atk": 85, "def": 85, "spa": 85, "spd": 85, "spe": 0}, "ivs": {"hp": 31, "atk": 31, "def": 31, "spa": 31, "spd": 31, "spe": 0}, "item": "Heavy-Duty Boots", "teraType": "Fighting", "role": "Wallbreaker", "bvs": {"hp": 100, "atk": 165, "def": 150, "spa": 85, "spd": 130, "spe": 50}, "stats": {"hp": 263, "atk": 280, "def": 258, "spa": 164, "spd": 229, "spe": 77}, "types": ["Psychic", "Ice"]}}]}