{"id": "gen9randombattle-2641152074", "format": "[Gen 9] Random Battle", "players": ["t8ken", "bonsaiiii"], "log": "|j|\u2606t8ken\n|j|\u2606bonsaiiii\n|t:|1782746941\n|gametype|singles\n|player|p1|t8ken|erika-gen2|1822\n|player|p2|bonsaiiii|cynthia-gen4|1865\n|gen|9\n|tier|[Gen 9] Random Battle\n|rated|\n|rule|Species Clause: Limit one of each Pok\u00e9mon\n|rule|HP Percentage Mod: HP is shown in percentages\n|rule|Sleep Clause Mod: Limit one foe put to sleep\n|rule|Illusion Level Mod: Illusion disguises the Pok\u00e9mon's true level\n|\n|t:|1782746941\n|teamsize|p1|6\n|teamsize|p2|6\n|start\n|switch|p1a: Poliwrath|Poliwrath, L88, M|302/302\n|switch|p2a: Sawsbuck|Sawsbuck, L88, M|284/284\n|turn|1\n|inactive|Battle timer is ON: inactive players will automatically lose when time's up. (requested by bonsaiiii)\n|\n|t:|1782747002\n|switch|p1a: Forretress|Forretress, L84, F|263/263\n|move|p2a: Sawsbuck|Horn Leech|p1a: Forretress\n|-resisted|p1a: Forretress\n|-damage|p1a: Forretress|244/263\n|-damage|p2a: Sawsbuck|256/284|[from] item: Life Orb\n|\n|-heal|p1a: Forretress|260/263|[from] item: Leftovers\n|upkeep\n|turn|2\n|\n|t:|1782747027\n|switch|p2a: Ampharos|Ampharos, L88, F|302/302\n|move|p1a: Forretress|Stealth Rock|p2a: Ampharos\n|-sidestart|p2: bonsaiiii|move: Stealth Rock\n|\n|-heal|p1a: Forretress|263/263|[from] item: Leftovers\n|upkeep\n|turn|3\n|\n|t:|1782747049\n|move|p2a: Ampharos|Thunderbolt|p1a: Forretress\n|-damage|p1a: Forretress|34/263\n|move|p1a: Forretress|Volt Switch|p2a: Ampharos\n|-resisted|p2a: Ampharos\n|-damage|p2a: Ampharos|286/302\n|inactive|t8ken has 120 seconds left.\n|\n|t:|1782747074\n|switch|p1a: Lilligant|Lilligant-Hisui, L79, F|240/240|[from] Volt Switch\n|\n|upkeep\n|turn|4\n|\n|t:|1782747098\n|switch|p2a: Sinistcha|Sinistcha, L83|254/254\n|-damage|p2a: Sinistcha|223/254|[from] Stealth Rock\n|move|p1a: Lilligant|Victory Dance|p1a: Lilligant\n|-boost|p1a: Lilligant|atk|1\n|-boost|p1a: Lilligant|def|1\n|-boost|p1a: Lilligant|spe|1\n|\n|-heal|p2a: Sinistcha|238/254|[from] item: Leftovers\n|upkeep\n|turn|5\n|inactive|t8ken has 120 seconds left.\n|inactive|bonsaiiii has 120 seconds left.\n|\n|t:|1782747131\n|switch|p1a: Torkoal|Torkoal, L88, F|266/266\n|-weather|SunnyDay|[from] ability: Drought|[of] p1a: Torkoal\n|move|p2a: Sinistcha|Strength Sap|p1a: Torkoal\n|-unboost|p1a: Torkoal|atk|1\n|-heal|p2a: Sinistcha|254/254\n|\n|-weather|SunnyDay|[upkeep]\n|upkeep\n|turn|6\n|\n|t:|1782747147\n|move|p2a: Sinistcha|Calm Mind|p2a: Sinistcha\n|-boost|p2a: Sinistcha|spa|1\n|-boost|p2a: Sinistcha|spd|1\n|move|p1a: Torkoal|Yawn|p2a: Sinistcha\n|-start|p2a: Sinistcha|move: Yawn|[of] p1a: Torkoal\n|\n|-weather|SunnyDay|[upkeep]\n|upkeep\n|turn|7\n|inactive|t8ken has 120 seconds left.\n|\n|t:|1782747163\n|switch|p1a: Forretress|Forretress, L84, F|34/263\n|move|p2a: Sinistcha|Shadow Ball|p1a: Forretress\n|-damage|p1a: Forretress|0 fnt\n|faint|p1a: Forretress\n|\n|-weather|SunnyDay|[upkeep]\n|-end|p2a: Sinistcha|move: Yawn|[silent]\n|-status|p2a: Sinistcha|slp\n|upkeep\n|inactive|t8ken has 120 seconds left.\n|\n|t:|1782747177\n|switch|p1a: Lilligant|Lilligant-Hisui, L79, F|240/240\n|turn|8\n|inactive|bonsaiiii has 90 seconds left.\n|\n|t:|1782747203\n|move|p1a: Lilligant|Ice Spinner|p2a: Sinistcha\n|-supereffective|p2a: Sinistcha\n|-damage|p2a: Sinistcha|120/254 slp\n|cant|p2a: Sinistcha|slp\n|\n|-weather|SunnyDay|[upkeep]\n|-heal|p2a: Sinistcha|135/254 slp|[from] item: Leftovers\n|upkeep\n|turn|9\n|inactive|bonsaiiii has 90 seconds left.\n|\n|t:|1782747225\n|switch|p2a: Ampharos|Ampharos, L88, F|286/302\n|-damage|p2a: Ampharos|249/302|[from] Stealth Rock\n|move|p1a: Lilligant|Victory Dance|p1a: Lilligant\n|-boost|p1a: Lilligant|atk|1\n|-boost|p1a: Lilligant|def|1\n|-boost|p1a: Lilligant|spe|1\n|\n|-weather|none\n|upkeep\n|turn|10\n|\n|t:|1782747240\n|switch|p2a: Sawsbuck|Sawsbuck, L88, M|256/284\n|-damage|p2a: Sawsbuck|221/284|[from] Stealth Rock\n|move|p1a: Lilligant|Close Combat|p2a: Sawsbuck|[miss]\n|-miss|p1a: Lilligant|p2a: Sawsbuck\n|\n|upkeep\n|turn|11\n|\n|t:|1782747250\n|move|p1a: Lilligant|Ice Spinner|p2a: Sawsbuck\n|-supereffective|p2a: Sawsbuck\n|-damage|p2a: Sawsbuck|0 fnt\n|faint|p2a: Sawsbuck\n|\n|upkeep\n|inactive|bonsaiiii has 60 seconds left.\n|\n|t:|1782747283\n|switch|p2a: Ampharos|Ampharos, L88, F|249/302\n|-damage|p2a: Ampharos|212/302|[from] Stealth Rock\n|turn|12\n|\n|t:|1782747298\n|move|p1a: Lilligant|Close Combat|p2a: Ampharos\n|-damage|p2a: Ampharos|0 fnt\n|-unboost|p1a: Lilligant|def|1\n|-unboost|p1a: Lilligant|spd|1\n|faint|p2a: Ampharos\n|\n|upkeep\n|inactive|bonsaiiii has 60 seconds left.\n|inactive|bonsaiiii has 30 seconds left.\n|\n|t:|1782747339\n|switch|p2a: Perrserker|Perrserker, L89, M|269/269\n|-damage|p2a: Perrserker|253/269|[from] Stealth Rock\n|turn|13\n|\n|t:|1782747345\n|move|p1a: Lilligant|Close Combat|p2a: Perrserker|[miss]\n|-miss|p1a: Lilligant|p2a: Perrserker\n|move|p2a: Perrserker|Iron Head|p1a: Lilligant\n|-damage|p1a: Lilligant|20/240\n|-damage|p2a: Perrserker|227/269|[from] item: Life Orb\n|\n|upkeep\n|turn|14\n|\n|t:|1782747350\n|move|p1a: Lilligant|Close Combat|p2a: Perrserker\n|-supereffective|p2a: Perrserker\n|-damage|p2a: Perrserker|0 fnt\n|-unboost|p1a: Lilligant|def|1\n|-unboost|p1a: Lilligant|spd|1\n|faint|p2a: Perrserker\n|\n|upkeep\n|\n|t:|1782747359\n|switch|p2a: Sinistcha|Sinistcha, L83|135/254 slp\n|-damage|p2a: Sinistcha|104/254 slp|[from] Stealth Rock\n|turn|15\n|\n|t:|1782747365\n|move|p1a: Lilligant|Ice Spinner|p2a: Sinistcha\n|-supereffective|p2a: Sinistcha\n|-damage|p2a: Sinistcha|0 fnt\n|faint|p2a: Sinistcha\n|\n|upkeep\n|\n|t:|1782747368\n|switch|p2a: Ursaring|Ursaring, L84, F|288/288\n|-damage|p2a: Ursaring|252/288|[from] Stealth Rock\n|turn|16\n|\n|t:|1782747376\n|move|p1a: Lilligant|Close Combat|p2a: Ursaring\n|-supereffective|p2a: Ursaring\n|-damage|p2a: Ursaring|0 fnt\n|-unboost|p1a: Lilligant|def|1\n|-unboost|p1a: Lilligant|spd|1\n|faint|p2a: Ursaring\n|\n|upkeep\n|\n|t:|1782747378\n|switch|p2a: Polteageist|Polteageist-Antique, L78|222/222\n|-damage|p2a: Polteageist|195/222|[from] Stealth Rock\n|turn|17\n|\n|t:|1782747382\n|move|p1a: Lilligant|Leaf Blade|p2a: Polteageist|[miss]\n|-miss|p1a: Lilligant|p2a: Polteageist\n|move|p2a: Polteageist|Shell Smash|p2a: Polteageist\n|-unboost|p2a: Polteageist|def|1\n|-unboost|p2a: Polteageist|spd|1\n|-boost|p2a: Polteageist|atk|2\n|-boost|p2a: Polteageist|spa|2\n|-boost|p2a: Polteageist|spe|2\n|-enditem|p2a: Polteageist|White Herb\n|-clearnegativeboost|p2a: Polteageist|[silent]\n|\n|upkeep\n|turn|18\n|\n|t:|1782747387\n|move|p1a: Lilligant|Leaf Blade|p2a: Polteageist|[miss]\n|-miss|p1a: Lilligant|p2a: Polteageist\n|move|p2a: Polteageist|Shell Smash|p2a: Polteageist\n|-unboost|p2a: Polteageist|def|1\n|-unboost|p2a: Polteageist|spd|1\n|-boost|p2a: Polteageist|atk|2\n|-boost|p2a: Polteageist|spa|2\n|-boost|p2a: Polteageist|spe|2\n|\n|upkeep\n|turn|19\n|inactive|bonsaiiii has 90 seconds left.\n|\n|t:|1782747396\n|move|p2a: Polteageist|Shadow Ball|p1a: Lilligant\n|-damage|p1a: Lilligant|0 fnt\n|faint|p1a: Lilligant\n|\n|upkeep\n|inactive|t8ken has 120 seconds left.\n|\n|t:|1782747428\n|switch|p1a: Vigoroth|Vigoroth, L85, F|275/275\n|turn|20\n|\n|t:|1782747438\n|move|p2a: Polteageist|Stored Power|p1a: Vigoroth\n|-damage|p1a: Vigoroth|0 fnt\n|faint|p1a: Vigoroth\n|\n|upkeep\n|\n|t:|1782747442\n|switch|p1a: Poliwrath|Poliwrath, L88, M|302/302\n|turn|21\n|\n|t:|1782747465\n|move|p2a: Polteageist|Stored Power|p1a: Poliwrath\n|-supereffective|p1a: Poliwrath\n|-damage|p1a: Poliwrath|0 fnt\n|faint|p1a: Poliwrath\n|\n|upkeep\n|\n|t:|1782747474\n|switch|p1a: Leafeon|Leafeon, L88, F|258/258\n|turn|22\n|\n|t:|1782747480\n|move|p2a: Polteageist|Stored Power|p1a: Leafeon\n|-damage|p1a: Leafeon|0 fnt\n|faint|p1a: Leafeon\n|\n|upkeep\n|\n|t:|1782747482\n|switch|p1a: Torkoal|Torkoal, L88, F|266/266\n|-weather|SunnyDay|[from] ability: Drought|[of] p1a: Torkoal\n|turn|23\n|\n|t:|1782747486\n|move|p2a: Polteageist|Stored Power|p1a: Torkoal\n|-damage|p1a: Torkoal|0 fnt\n|faint|p1a: Torkoal\n|\n|win|bonsaiiii\n|raw|t8ken's rating: 1822 &rarr; <strong>1804</strong><br />(-18 for losing)\n|raw|bonsaiiii's rating: 1865 &rarr; <strong>1883</strong><br />(+18 for winning)\n|l|\u2606t8ken\n|player|p1|\n", "inputlog": ">version f8ac14003a5f27e1bdc8d8c59608a773c1cb96e5\n>start {\"formatid\":\"gen9randombattle\",\"seed\":\"sodium,d7e4bafee229f7bb5b784fabb016f7e5\",\"rated\":\"Rated battle\"}\n>player p1 {\"name\":\"t8ken\",\"avatar\":\"erika-gen2\",\"rating\":1822,\"seed\":\"sodium,ca95253f0270340216e7672e3936e5f2\"}\n>player p2 {\"name\":\"bonsaiiii\",\"avatar\":\"cynthia-gen4\",\"rating\":1865,\"seed\":\"sodium,dddd96bcb8a27101e4ce13f1a607042a\"}\n>p1 switch 2\n>p2 move hornleech\n>p1 move stealthrock\n>p2 switch 5\n>p1 move voltswitch\n>p2 move thunderbolt\n>p1 switch 5\n>p1 move victorydance\n>p2 switch 2\n>p1 switch 4\n>p2 move strengthsap\n>p1 move yawn\n>p2 move calmmind\n>p1 switch 5\n>p2 move shadowball\n>p1 switch 4\n>p1 move icespinner\n>p2 move shadowball\n>p1 move victorydance\n>p2 switch 2\n>p1 move closecombat\n>p2 switch 5\n>p1 move icespinner\n>p2 move headbutt\n>p2 switch 5\n>p1 move closecombat\n>p2 move dazzlinggleam\n>p2 switch 4\n>p1 move closecombat\n>p2 move ironhead\n>p1 move closecombat\n>p2 move ironhead\n>p2 switch 2\n>p1 move icespinner\n>p2 move strengthsap\n>p2 switch 3\n>p1 move closecombat\n>p2 move facade\n>p2 switch 6\n>p1 move leafblade\n>p2 move shellsmash\n>p1 move leafblade\n>p2 move shellsmash\n>p1 move leafblade\n>p2 move shadowball\n>p1 switch 6\n>p1 move knockoff\n>p2 move storedpower\n>p1 switch 2\n>p1 move knockoff\n>p2 move storedpower\n>p1 switch 3\n>p1 move leafblade\n>p2 move storedpower\n>p1 switch 5\n>p1 move lavaplume\n>p2 move storedpower", "uploadtime": 1782747604, "views": 13, "formatid": "gen9randombattle", "rating": 1804, "private": 0, "password": null, "player_dets": [{"name": "t8ken", "avatar": "erika-gen2", "rating": 1822, "seed": "sodium,ca95253f0270340216e7672e3936e5f2"}, {"name": "bonsaiiii", "avatar": "cynthia-gen4", "rating": 1865, "seed": "sodium,dddd96bcb8a27101e4ce13f1a607042a"}], "teams_full": [{"Poliwrath": {"name": "Poliwrath", "species": "Poliwrath", "speciesId": "poliwrath", "gender": "M", "shiny": false, "level": 88, "moves": ["knockoff", "closecombat", "liquidation", "raindance"], "ability": "Swift Swim", "evs": {"hp": 85, "atk": 85, "def": 85, "spa": 85, "spd": 85, "spe": 85}, "ivs": {"hp": 31, "atk": 31, "def": 31, "spa": 31, "spd": 31, "spe": 31}, "item": "Life Orb", "teraType": "Fighting", "role": "Setup Sweeper", "bvs": {"hp": 90, "atk": 95, "def": 95, "spa": 70, "spd": 90, "spe": 70}, "stats": {"hp": 302, "atk": 217, "def": 217, "spa": 173, "spd": 209, "spe": 173}, "types": ["Water", "Fighting"]}, "Forretress": {"name": "Forretress", "species": "Forretress", "speciesId": "forretress", "gender": "F", "shiny": false, "level": 84, "moves": ["stealthrock", "rapidspin", "voltswitch", "ironhead"], "ability": "Sturdy", "evs": {"hp": 85, "atk": 85, "def": 85, "spa": 85, "spd": 85, "spe": 85}, "ivs": {"hp": 31, "atk": 31, "def": 31, "spa": 31, "spd": 31, "spe": 31}, "item": "Leftovers", "teraType": "Water", "role": "Bulky Support", "bvs": {"hp": 75, "atk": 90, "def": 140, "spa": 60, "spd": 60, "spe": 40}, "stats": {"hp": 263, "atk": 199, "def": 283, "spa": 149, "spd": 149, "spe": 115}, "types": ["Bug", "Steel"]}, "Leafeon": {"name": "Leafeon", "species": "Leafeon", "speciesId": "leafeon", "gender": "F", "shiny": false, "level": 88, "moves": ["leafblade", "swordsdance", "doubleedge", "substitute"], "ability": "Chlorophyll", "evs": {"hp": 85, "atk": 85, "def": 85, "spa": 85, "spd": 85, "spe": 85}, "ivs": {"hp": 31, "atk": 31, "def": 31, "spa": 31, "spd": 31, "spe": 31}, "item": "Leftovers", "teraType": "Normal", "role": "Setup Sweeper", "bvs": {"hp": 65, "atk": 110, "def": 130, "spa": 60, "spd": 65, "spe": 95}, "stats": {"hp": 258, "atk": 244, "def": 279, "spa": 156, "spd": 165, "spe": 217}, "types": ["Grass"]}, "Torkoal": {"name": "Torkoal", "species": "Torkoal", "speciesId": "torkoal", "gender": "F", "shiny": false, "level": 88, "moves": ["solarbeam", "earthquake", "yawn", "lavaplume"], "ability": "Drought", "evs": {"hp": 85, "atk": 85, "def": 85, "spa": 85, "spd": 85, "spe": 85}, "ivs": {"hp": 31, "atk": 31, "def": 31, "spa": 31, "spd": 31, "spe": 31}, "item": "Heavy-Duty Boots", "teraType": "Grass", "role": "Wallbreaker", "bvs": {"hp": 70, "atk": 85, "def": 140, "spa": 85, "spd": 70, "spe": 20}, "stats": {"hp": 266, "atk": 200, "def": 297, "spa": 200, "spd": 173, "spe": 85}, "types": ["Fire"]}, "Lilligant": {"name": "Lilligant", "species": "Lilligant-Hisui", "speciesId": "lilliganthisui", "gender": "F", "shiny": false, "level": 79, "moves": ["closecombat", "victorydance", "icespinner", "leafblade"], "ability": "Hustle", "evs": {"hp": 85, "atk": 85, "def": 85, "spa": 85, "spd": 85, "spe": 85}, "ivs": {"hp": 31, "atk": 31, "def": 31, "spa": 31, "spd": 31, "spe": 31}, "item": "Wide Lens", "teraType": "Fighting", "role": "Setup Sweeper", "bvs": {"hp": 70, "atk": 105, "def": 75, "spa": 50, "spd": 75, "spe": 105}, "stats": {"hp": 240, "atk": 211, "def": 164, "spa": 125, "spd": 164, "spe": 211}, "types": ["Grass", "Fighting"]}, "Vigoroth": {"name": "Vigoroth", "species": "Vigoroth", "speciesId": "vigoroth", "gender": "F", "shiny": false, "level": 85, "moves": ["bodyslam", "bulkup", "knockoff", "slackoff"], "ability": "Vital Spirit", "evs": {"hp": 85, "atk": 85, "def": 85, "spa": 85, "spd": 85, "spe": 85}, "ivs": {"hp": 31, "atk": 31, "def": 31, "spa": 31, "spd": 31, "spe": 31}, "item": "Eviolite", "teraType": "Ghost", "role": "Bulky Setup", "bvs": {"hp": 80, "atk": 80, "def": 80, "spa": 55, "spd": 55, "spe": 90}, "stats": {"hp": 275, "atk": 185, "def": 185, "spa": 142, "spd": 142, "spe": 202}, "types": ["Normal"]}}, {"Sawsbuck": {"name": "Sawsbuck", "species": "Sawsbuck", "speciesId": "sawsbuck", "gender": "M", "shiny": false, "level": 88, "moves": ["hornleech", "highhorsepower", "swordsdance", "headbutt"], "ability": "Serene Grace", "evs": {"hp": 85, "atk": 85, "def": 85, "spa": 85, "spd": 85, "spe": 85}, "ivs": {"hp": 31, "atk": 31, "def": 31, "spa": 31, "spd": 31, "spe": 31}, "item": "Life Orb", "teraType": "Normal", "role": "Fast Attacker", "bvs": {"hp": 80, "atk": 100, "def": 70, "spa": 60, "spd": 70, "spe": 95}, "stats": {"hp": 284, "atk": 226, "def": 173, "spa": 156, "spd": 173, "spe": 217}, "types": ["Normal", "Grass"]}, "Sinistcha": {"name": "Sinistcha", "species": "Sinistcha", "speciesId": "sinistcha", "gender": "N", "shiny": false, "level": 83, "moves": ["calmmind", "matchagotcha", "shadowball", "strengthsap"], "ability": "Heatproof", "evs": {"hp": 85, "atk": 0, "def": 85, "spa": 85, "spd": 85, "spe": 85}, "ivs": {"hp": 31, "atk": 0, "def": 31, "spa": 31, "spd": 31, "spe": 31}, "item": "Leftovers", "teraType": "Steel", "role": "Bulky Setup", "bvs": {"hp": 71, "atk": 60, "def": 106, "spa": 121, "spd": 80, "spe": 70}, "stats": {"hp": 254, "atk": 104, "def": 224, "spa": 249, "spd": 180, "spe": 164}, "types": ["Grass", "Ghost"]}, "Ursaring": {"name": "Ursaring", "species": "Ursaring", "speciesId": "ursaring", "gender": "F", "shiny": false, "level": 84, "moves": ["crunch", "closecombat", "facade", "swordsdance"], "ability": "Quick Feet", "evs": {"hp": 85, "atk": 85, "def": 85, "spa": 85, "spd": 85, "spe": 85}, "ivs": {"hp": 31, "atk": 31, "def": 31, "spa": 31, "spd": 31, "spe": 31}, "item": "Toxic Orb", "teraType": "Normal", "role": "Setup Sweeper", "bvs": {"hp": 90, "atk": 130, "def": 75, "spa": 75, "spd": 75, "spe": 55}, "stats": {"hp": 288, "atk": 267, "def": 174, "spa": 174, "spd": 174, "spe": 141}, "types": ["Normal"]}, "Perrserker": {"name": "Perrserker", "species": "Perrserker", "speciesId": "perrserker", "gender": "M", "shiny": false, "level": 89, "moves": ["ironhead", "stealthrock", "closecombat", "uturn"], "ability": "Tough Claws", "evs": {"hp": 85, "atk": 85, "def": 85, "spa": 85, "spd": 85, "spe": 85}, "ivs": {"hp": 31, "atk": 31, "def": 31, "spa": 31, "spd": 31, "spe": 31}, "item": "Life Orb", "teraType": "Fighting", "role": "Fast Attacker", "bvs": {"hp": 70, "atk": 110, "def": 100, "spa": 50, "spd": 60, "spe": 50}, "stats": {"hp": 269, "atk": 247, "def": 229, "spa": 140, "spd": 158, "spe": 140}, "types": ["Steel"]}, "Ampharos": {"name": "Ampharos", "species": "Ampharos", "speciesId": "ampharos", "gender": "F", "shiny": false, "level": 88, "moves": ["voltswitch", "dazzlinggleam", "thunderbolt", "focusblast"], "ability": "Static", "evs": {"hp": 85, "atk": 0, "def": 85, "spa": 85, "spd": 85, "spe": 85}, "ivs": {"hp": 31, "atk": 0, "def": 31, "spa": 31, "spd": 31, "spe": 31}, "item": "Choice Specs", "teraType": "Electric", "role": "Wallbreaker", "bvs": {"hp": 90, "atk": 75, "def": 85, "spa": 115, "spd": 90, "spe": 55}, "stats": {"hp": 302, "atk": 137, "def": 200, "spa": 253, "spd": 209, "spe": 147}, "types": ["Electric"]}, "Polteageist": {"name": "Polteageist", "species": "Polteageist-Antique", "speciesId": "polteageist", "gender": "N", "shiny": false, "level": 78, "moves": ["storedpower", "shadowball", "shellsmash", "terablast"], "ability": "Cursed Body", "evs": {"hp": 85, "atk": 0, "def": 85, "spa": 85, "spd": 85, "spe": 85}, "ivs": {"hp": 31, "atk": 0, "def": 31, "spa": 31, "spd": 31, "spe": 31}, "item": "White Herb", "teraType": "Fighting", "role": "Tera Blast user", "bvs": {"hp": 60, "atk": 65, "def": 65, "spa": 134, "spd": 114, "spe": 70}, "stats": {"hp": 222, "atk": 106, "def": 146, "spa": 254, "spd": 223, "spe": 154}, "types": ["Ghost"]}}]}