{"id": "gen9randombattle-2641380043", "format": "[Gen 9] Random Battle", "players": ["Big man Lukas", "poseidon3000"], "log": "|j|\u2606Big man Lukas\n|j|\u2606poseidon3000\n|t:|1782775904\n|gametype|singles\n|player|p1|Big man Lukas|hilda-wonderlauncher|1519\n|player|p2|poseidon3000|n|1566\n|gen|9\n|tier|[Gen 9] Random Battle\n|rated|\n|rule|Species Clause: Limit one of each Pok\u00e9mon\n|rule|HP Percentage Mod: HP is shown in percentages\n|rule|Sleep Clause Mod: Limit one foe put to sleep\n|rule|Illusion Level Mod: Illusion disguises the Pok\u00e9mon's true level\n|\n|t:|1782775904\n|teamsize|p1|6\n|teamsize|p2|6\n|start\n|switch|p1a: Avalugg|Avalugg-Hisui, L90, M|317/317\n|switch|p2a: Lurantis|Lurantis, L87, F|264/264\n|turn|1\n|\n|t:|1782775921\n|move|p2a: Lurantis|Superpower|p1a: Avalugg\n|-supereffective|p1a: Avalugg\n|-damage|p1a: Avalugg|133/317\n|-boost|p2a: Lurantis|atk|1\n|-boost|p2a: Lurantis|def|1\n|move|p1a: Avalugg|Avalanche|p2a: Lurantis\n|-supereffective|p2a: Lurantis\n|-damage|p2a: Lurantis|48/264\n|\n|upkeep\n|turn|2\n|inactive|Battle timer is ON: inactive players will automatically lose when time's up. (requested by poseidon3000)\n|\n|t:|1782775936\n|switch|p1a: Jumpluff|Jumpluff, L87, M|271/271\n|move|p2a: Lurantis|Superpower|p1a: Jumpluff\n|-resisted|p1a: Jumpluff\n|-damage|p1a: Jumpluff|189/271\n|-boost|p2a: Lurantis|atk|1\n|-boost|p2a: Lurantis|def|1\n|\n|upkeep\n|turn|3\n|\n|t:|1782775949\n|move|p1a: Jumpluff|Encore|p2a: Lurantis\n|-start|p2a: Lurantis|Encore\n|move|p2a: Lurantis|Superpower|p1a: Jumpluff\n|-resisted|p1a: Jumpluff\n|-damage|p1a: Jumpluff|85/271\n|-boost|p2a: Lurantis|atk|1\n|-boost|p2a: Lurantis|def|1\n|\n|upkeep\n|turn|4\n|\n|t:|1782775963\n|switch|p2a: Glastrier|Glastrier, L86|312/312\n|move|p1a: Jumpluff|Strength Sap|p2a: Glastrier\n|-unboost|p2a: Glastrier|atk|1\n|-heal|p1a: Jumpluff|271/271\n|\n|upkeep\n|turn|5\n|\n|t:|1782775972\n|move|p1a: Jumpluff|Sleep Powder|p2a: Glastrier\n|-status|p2a: Glastrier|slp|[from] move: Sleep Powder\n|cant|p2a: Glastrier|slp\n|\n|upkeep\n|turn|6\n|\n|t:|1782775989\n|switch|p1a: Avalugg|Avalugg-Hisui, L90, M|133/317\n|switch|p2a: Whimsicott|Whimsicott, L84, F|238/238\n|\n|upkeep\n|turn|7\n|\n|t:|1782776000\n|move|p2a: Whimsicott|Giga Drain|p1a: Avalugg\n|-supereffective|p1a: Avalugg\n|-damage|p1a: Avalugg|0 fnt\n|faint|p1a: Avalugg\n|\n|upkeep\n|\n|t:|1782776005\n|switch|p1a: Sunflora|Sunflora, F|312/312\n|turn|8\n|\n|t:|1782776017\n|move|p2a: Whimsicott|Moonblast|p1a: Sunflora\n|-damage|p1a: Sunflora|237/312\n|move|p1a: Sunflora|Sludge Bomb|p2a: Whimsicott\n|-supereffective|p2a: Whimsicott\n|-damage|p2a: Whimsicott|0 fnt\n|faint|p2a: Whimsicott\n|\n|upkeep\n|\n|t:|1782776035\n|switch|p2a: Glastrier|Glastrier, L86|312/312 slp\n|turn|9\n|\n|t:|1782776052\n|move|p1a: Sunflora|Sludge Bomb|p2a: Glastrier\n|-crit|p2a: Glastrier\n|-damage|p2a: Glastrier|123/312 slp\n|cant|p2a: Glastrier|slp\n|\n|upkeep\n|turn|10\n|\n|t:|1782776070\n|-terastallize|p1a: Sunflora|Poison\n|-terastallize|p2a: Glastrier|Steel\n|move|p1a: Sunflora|Sludge Bomb|p2a: Glastrier\n|-immune|p2a: Glastrier\n|-curestatus|p2a: Glastrier|slp|[msg]\n|move|p2a: Glastrier|Icicle Crash|p1a: Sunflora\n|-damage|p1a: Sunflora|86/312\n|\n|upkeep\n|turn|11\n|\n|t:|1782776081\n|switch|p1a: Ursaluna|Ursaluna, L79, F|335/335\n|move|p2a: Glastrier|Icicle Crash|p1a: Ursaluna\n|-supereffective|p1a: Ursaluna\n|-crit|p1a: Ursaluna\n|-damage|p1a: Ursaluna|0 fnt\n|faint|p1a: Ursaluna\n|-ability|p2a: Glastrier|Chilling Neigh|boost\n|-boost|p2a: Glastrier|atk|1\n|\n|upkeep\n|\n|t:|1782776088\n|switch|p1a: Kingdra|Kingdra, L84, F|263/263\n|turn|12\n|\n|t:|1782776097\n|move|p1a: Kingdra|Wave Crash|p2a: Glastrier\n|-damage|p2a: Glastrier|36/312\n|-damage|p1a: Kingdra|234/263|[from] Recoil\n|move|p2a: Glastrier|Icicle Crash|p1a: Kingdra|[miss]\n|-miss|p2a: Glastrier|p1a: Kingdra\n|\n|upkeep\n|turn|13\n|\n|t:|1782776106\n|move|p1a: Kingdra|Wave Crash|p2a: Glastrier\n|-damage|p2a: Glastrier|0 fnt\n|faint|p2a: Glastrier\n|-damage|p1a: Kingdra|222/263|[from] Recoil\n|\n|upkeep\n|\n|t:|1782776124\n|switch|p2a: Slowbro|Slowbro, L85, M|300/300\n|turn|14\n|\n|t:|1782776135\n|switch|p1a: Ambipom|Ambipom, L84, F|263/263\n|move|p2a: Slowbro|Psychic Noise|p1a: Ambipom\n|-damage|p1a: Ambipom|160/263\n|-start|p1a: Ambipom|move: Heal Block\n|\n|upkeep\n|turn|15\n|\n|t:|1782776144\n|move|p1a: Ambipom|Knock Off|p2a: Slowbro\n|-supereffective|p2a: Slowbro\n|-damage|p2a: Slowbro|140/300\n|-enditem|p2a: Slowbro|Leftovers|[from] move: Knock Off|[of] p1a: Ambipom\n|move|p2a: Slowbro|Scald|p1a: Ambipom\n|-damage|p1a: Ambipom|48/263\n|\n|-end|p1a: Ambipom|move: Heal Block\n|upkeep\n|turn|16\n|\n|t:|1782776153\n|move|p1a: Ambipom|Knock Off|p2a: Slowbro\n|-supereffective|p2a: Slowbro\n|-damage|p2a: Slowbro|18/300\n|move|p2a: Slowbro|Scald|p1a: Ambipom\n|-damage|p1a: Ambipom|0 fnt\n|faint|p1a: Ambipom\n|\n|upkeep\n|\n|t:|1782776156\n|switch|p1a: Jumpluff|Jumpluff, L87, M|271/271\n|turn|17\n|\n|t:|1782776165\n|move|p1a: Jumpluff|Acrobatics|p2a: Slowbro\n|-damage|p2a: Slowbro|0 fnt\n|faint|p2a: Slowbro\n|\n|upkeep\n|\n|t:|1782776174\n|switch|p2a: Terapagos|Terapagos, L77, M|265/265\n|-activate|p2a: Terapagos|ability: Tera Shift\n|detailschange|p2a: Terapagos|Terapagos-Terastal, L77, M\n|-heal|p2a: Terapagos|273/273|[silent]\n|turn|18\n|\n|t:|1782776184\n|move|p1a: Jumpluff|Sleep Powder|p2a: Terapagos|[miss]\n|-miss|p1a: Jumpluff|p2a: Terapagos\n|move|p2a: Terapagos|Tera Starstorm|p1a: Jumpluff\n|-crit|p1a: Jumpluff\n|-damage|p1a: Jumpluff|124/271\n|\n|upkeep\n|turn|19\n|\n|t:|1782776191\n|move|p1a: Jumpluff|Sleep Powder|p2a: Terapagos\n|-status|p2a: Terapagos|slp|[from] move: Sleep Powder\n|-enditem|p2a: Terapagos|Chesto Berry|[eat]\n|-curestatus|p2a: Terapagos|slp|[msg]\n|move|p2a: Terapagos|Tera Starstorm|p1a: Jumpluff\n|-damage|p1a: Jumpluff|13/271\n|\n|upkeep\n|turn|20\n|\n|t:|1782776201\n|switch|p2a: Lurantis|Lurantis, L87, F|48/264\n|move|p1a: Jumpluff|Strength Sap|p2a: Lurantis\n|-boost|p2a: Lurantis|atk|1\n|-heal|p1a: Jumpluff|245/271\n|\n|upkeep\n|turn|21\n|\n|t:|1782776209\n|move|p1a: Jumpluff|Acrobatics|p2a: Lurantis\n|-supereffective|p2a: Lurantis\n|-damage|p2a: Lurantis|0 fnt\n|faint|p2a: Lurantis\n|\n|upkeep\n|\n|t:|1782776216\n|switch|p2a: Terapagos|Terapagos-Terastal, L77, M|273/273\n|turn|22\n|\n|t:|1782776219\n|move|p1a: Jumpluff|Sleep Powder|p2a: Terapagos|[miss]\n|-miss|p1a: Jumpluff|p2a: Terapagos\n|move|p2a: Terapagos|Tera Starstorm|p1a: Jumpluff\n|-damage|p1a: Jumpluff|133/271\n|\n|upkeep\n|turn|23\n|\n|t:|1782776229\n|move|p1a: Jumpluff|Sleep Powder|p2a: Terapagos|[miss]\n|-miss|p1a: Jumpluff|p2a: Terapagos\n|move|p2a: Terapagos|Tera Starstorm|p1a: Jumpluff\n|-damage|p1a: Jumpluff|24/271\n|\n|upkeep\n|turn|24\n|\n|t:|1782776243\n|move|p1a: Jumpluff|Strength Sap|p2a: Terapagos\n|-unboost|p2a: Terapagos|atk|1\n|-heal|p1a: Jumpluff|175/271\n|move|p2a: Terapagos|Tera Starstorm|p1a: Jumpluff\n|-damage|p1a: Jumpluff|76/271\n|\n|upkeep\n|turn|25\n|\n|t:|1782776250\n|move|p1a: Jumpluff|Sleep Powder|p2a: Terapagos\n|-status|p2a: Terapagos|slp|[from] move: Sleep Powder\n|cant|p2a: Terapagos|slp\n|\n|upkeep\n|turn|26\n|\n|t:|1782776256\n|move|p1a: Jumpluff|Acrobatics|p2a: Terapagos\n|-activate|p2a: Terapagos|ability: Tera Shell\n|-resisted|p2a: Terapagos\n|-damage|p2a: Terapagos|237/273 slp\n|-curestatus|p2a: Terapagos|slp|[msg]\n|move|p2a: Terapagos|Tera Starstorm|p1a: Jumpluff\n|-damage|p1a: Jumpluff|0 fnt\n|faint|p1a: Jumpluff\n|\n|upkeep\n|\n|t:|1782776260\n|switch|p1a: Kingdra|Kingdra, L84, F|222/263\n|turn|27\n|\n|t:|1782776275\n|move|p1a: Kingdra|Dragon Dance|p1a: Kingdra\n|-boost|p1a: Kingdra|atk|1\n|-boost|p1a: Kingdra|spe|1\n|move|p2a: Terapagos|Calm Mind|p2a: Terapagos\n|-boost|p2a: Terapagos|spa|1\n|-boost|p2a: Terapagos|spd|1\n|\n|upkeep\n|turn|28\n|\n|t:|1782776281\n|move|p1a: Kingdra|Outrage|p2a: Terapagos\n|-damage|p2a: Terapagos|54/273\n|move|p2a: Terapagos|Tera Starstorm|p1a: Kingdra\n|-damage|p1a: Kingdra|72/263\n|\n|upkeep\n|turn|29\n|\n|t:|1782776290\n|move|p1a: Kingdra|Outrage|p2a: Terapagos|[from] lockedmove\n|-damage|p2a: Terapagos|0 fnt\n|faint|p2a: Terapagos\n|-start|p1a: Kingdra|confusion|[fatigue]\n|-enditem|p1a: Kingdra|Lum Berry|[eat]\n|-end|p1a: Kingdra|confusion\n|\n|upkeep\n|\n|t:|1782776297\n|switch|p2a: Iron Boulder|Iron Boulder, L77|265/265\n|-enditem|p2a: Iron Boulder|Booster Energy\n|-activate|p2a: Iron Boulder|ability: Quark Drive|[fromitem]\n|-start|p2a: Iron Boulder|quarkdrivespe\n|turn|30\n|\n|t:|1782776306\n|move|p2a: Iron Boulder|Zen Headbutt|p1a: Kingdra\n|-damage|p1a: Kingdra|0 fnt\n|faint|p1a: Kingdra\n|\n|upkeep\n|\n|t:|1782776308\n|switch|p1a: Sunflora|Sunflora, F, tera:Poison|86/312\n|turn|31\n|c|\u2606poseidon3000|gg\n|\n|t:|1782776326\n|move|p2a: Iron Boulder|Zen Headbutt|p1a: Sunflora|[miss]\n|-miss|p2a: Iron Boulder|p1a: Sunflora\n|move|p1a: Sunflora|Leaf Storm|p2a: Iron Boulder\n|-supereffective|p2a: Iron Boulder\n|-damage|p2a: Iron Boulder|0 fnt\n|-unboost|p1a: Sunflora|spa|2\n|faint|p2a: Iron Boulder\n|-end|p2a: Iron Boulder|Quark Drive|[silent]\n|\n|win|Big man Lukas\n|raw|Big man Lukas's rating: 1519 &rarr; <strong>1542</strong><br />(+23 for winning)\n|raw|poseidon3000's rating: 1566 &rarr; <strong>1543</strong><br />(-23 for losing)\n|l|\u2606poseidon3000\n|player|p2|\n", "inputlog": ">version f8ac14003a5f27e1bdc8d8c59608a773c1cb96e5\n>start {\"formatid\":\"gen9randombattle\",\"seed\":\"sodium,96e8899f3c6acb52c368a859be06df0b\",\"rated\":\"Rated battle\"}\n>player p1 {\"name\":\"Big man Lukas\",\"avatar\":\"hilda-wonderlauncher\",\"rating\":1519,\"seed\":\"sodium,1bf6e4c625315035158c9667f8939ecd\"}\n>player p2 {\"name\":\"poseidon3000\",\"avatar\":\"n\",\"rating\":1566,\"seed\":\"sodium,cb00b133e8c53bdb4712185db14493cc\"}\n>p1 move avalanche\n>p2 move superpower\n>p1 switch 3\n>p2 move superpower\n>p1 move encore\n>p2 move leechlife\n>p1 move strengthsap\n>p2 switch 4\n>p1 move sleeppowder\n>p2 move iciclecrash\n>p1 switch 3\n>p2 switch 3\n>p1 move avalanche\n>p2 move gigadrain\n>p1 switch 5\n>p1 move sludgebomb\n>p2 move moonblast\n>p2 switch 3\n>p1 move sludgebomb\n>p2 move iciclecrash\n>p1 move sludgebomb terastallize\n>p2 move iciclecrash terastallize\n>p1 switch 4\n>p2 move iciclecrash\n>p1 switch 6\n>p1 move wavecrash\n>p2 move iciclecrash\n>p1 move wavecrash\n>p2 move iciclecrash\n>p2 switch 5\n>p1 switch 2\n>p2 move psychicnoise\n>p1 move knockoff\n>p2 move scald\n>p1 move knockoff\n>p2 move scald\n>p1 switch 3\n>p1 move acrobatics\n>p2 move slackoff\n>p2 switch 2\n>p1 move sleeppowder\n>p2 move terastarstorm\n>p1 move sleeppowder\n>p2 move terastarstorm\n>p1 move strengthsap\n>p2 switch 4\n>p1 move acrobatics\n>p2 move leechlife\n>p2 switch 4\n>p1 move sleeppowder\n>p2 move terastarstorm\n>p1 move sleeppowder\n>p2 move terastarstorm\n>p1 move strengthsap\n>p2 move terastarstorm\n>p1 move sleeppowder\n>p2 move terastarstorm\n>p1 move acrobatics\n>p2 move terastarstorm\n>p1 switch 2\n>p1 move dragondance\n>p2 move calmmind\n>p1 move outrage\n>p2 move terastarstorm\n>p1 move outrage\n>p2 move terastarstorm\n>p2 switch 6\n>p1 move wavecrash\n>p2 move zenheadbutt\n>p1 switch 4\n>chat \u2606poseidon3000|gg\n>p1 move leafstorm\n>p2 move zenheadbutt", "uploadtime": 1782776344, "views": 8, "formatid": "gen9randombattle", "rating": 1542, "private": 0, "password": null, "player_dets": [{"name": "Big man Lukas", "avatar": "hilda-wonderlauncher", "rating": 1519, "seed": "sodium,1bf6e4c625315035158c9667f8939ecd"}, {"name": "poseidon3000", "avatar": "n", "rating": 1566, "seed": "sodium,cb00b133e8c53bdb4712185db14493cc"}], "teams_full": [{"Avalugg": {"name": "Avalugg", "species": "Avalugg-Hisui", "speciesId": "avalugghisui", "gender": "M", "shiny": false, "level": 90, "moves": ["bodypress", "recover", "stoneedge", "avalanche"], "ability": "Sturdy", "evs": {"hp": 85, "atk": 85, "def": 85, "spa": 85, "spd": 85, "spe": 85}, "ivs": {"hp": 31, "atk": 31, "def": 31, "spa": 31, "spd": 31, "spe": 31}, "item": "Heavy-Duty Boots", "teraType": "Poison", "role": "Bulky Attacker", "bvs": {"hp": 95, "atk": 127, "def": 184, "spa": 34, "spd": 36, "spe": 38}, "stats": {"hp": 317, "atk": 280, "def": 383, "spa": 113, "spd": 116, "spe": 120}, "types": ["Ice", "Rock"]}, "Ambipom": {"name": "Ambipom", "species": "Ambipom", "speciesId": "ambipom", "gender": "F", "shiny": false, "level": 84, "moves": ["doubleedge", "tripleaxel", "knockoff", "uturn"], "ability": "Technician", "evs": {"hp": 85, "atk": 85, "def": 85, "spa": 85, "spd": 85, "spe": 85}, "ivs": {"hp": 31, "atk": 31, "def": 31, "spa": 31, "spd": 31, "spe": 31}, "item": "Choice Band", "teraType": "Ice", "role": "Fast Attacker", "bvs": {"hp": 75, "atk": 100, "def": 66, "spa": 60, "spd": 66, "spe": 115}, "stats": {"hp": 263, "atk": 216, "def": 159, "spa": 149, "spd": 159, "spe": 241}, "types": ["Normal"]}, "Jumpluff": {"name": "Jumpluff", "species": "Jumpluff", "speciesId": "jumpluff", "gender": "M", "shiny": false, "level": 87, "moves": ["encore", "acrobatics", "strengthsap", "sleeppowder"], "ability": "Infiltrator", "evs": {"hp": 81, "atk": 85, "def": 85, "spa": 85, "spd": 85, "spe": 85}, "ivs": {"hp": 31, "atk": 31, "def": 31, "spa": 31, "spd": 31, "spe": 31}, "item": "", "teraType": "Steel", "role": "Bulky Attacker", "bvs": {"hp": 75, "atk": 55, "def": 70, "spa": 55, "spd": 95, "spe": 110}, "stats": {"hp": 271, "atk": 145, "def": 172, "spa": 145, "spd": 215, "spe": 241}, "types": ["Grass", "Flying"]}, "Ursaluna": {"name": "Ursaluna", "species": "Ursaluna", "speciesId": "ursaluna", "gender": "F", "shiny": false, "level": 79, "moves": ["facade", "throatchop", "swordsdance", "headlongrush"], "ability": "Guts", "evs": {"hp": 85, "atk": 85, "def": 85, "spa": 85, "spd": 85, "spe": 85}, "ivs": {"hp": 31, "atk": 31, "def": 31, "spa": 31, "spd": 31, "spe": 31}, "item": "Flame Orb", "teraType": "Normal", "role": "Bulky Attacker", "bvs": {"hp": 130, "atk": 140, "def": 105, "spa": 45, "spd": 80, "spe": 50}, "stats": {"hp": 335, "atk": 267, "def": 211, "spa": 117, "spd": 172, "spe": 125}, "types": ["Ground", "Normal"]}, "Sunflora": {"name": "Sunflora", "species": "Sunflora", "speciesId": "sunflora", "gender": "F", "shiny": false, "level": 100, "moves": ["earthpower", "leafstorm", "dazzlinggleam", "sludgebomb"], "ability": "Chlorophyll", "evs": {"hp": 85, "atk": 0, "def": 85, "spa": 85, "spd": 85, "spe": 85}, "ivs": {"hp": 31, "atk": 0, "def": 31, "spa": 31, "spd": 31, "spe": 31}, "item": "Choice Specs", "teraType": "Poison", "role": "Wallbreaker", "bvs": {"hp": 75, "atk": 75, "def": 55, "spa": 105, "spd": 85, "spe": 30}, "stats": {"hp": 312, "atk": 155, "def": 167, "spa": 267, "spd": 227, "spe": 117}, "types": ["Grass"]}, "Kingdra": {"name": "Kingdra", "species": "Kingdra", "speciesId": "kingdra", "gender": "F", "shiny": false, "level": 84, "moves": ["wavecrash", "dragondance", "ironhead", "outrage"], "ability": "Sniper", "evs": {"hp": 85, "atk": 85, "def": 85, "spa": 85, "spd": 85, "spe": 85}, "ivs": {"hp": 31, "atk": 31, "def": 31, "spa": 31, "spd": 31, "spe": 31}, "item": "Lum Berry", "teraType": "Steel", "role": "Fast Bulky Setup", "bvs": {"hp": 75, "atk": 95, "def": 95, "spa": 95, "spd": 95, "spe": 85}, "stats": {"hp": 263, "atk": 208, "def": 208, "spa": 208, "spd": 208, "spe": 191}, "types": ["Water", "Dragon"]}}, {"Lurantis": {"name": "Lurantis", "species": "Lurantis", "speciesId": "lurantis", "gender": "F", "shiny": false, "level": 87, "moves": ["leafstorm", "leechlife", "superpower", "knockoff"], "ability": "Contrary", "evs": {"hp": 85, "atk": 85, "def": 85, "spa": 85, "spd": 85, "spe": 85}, "ivs": {"hp": 31, "atk": 31, "def": 31, "spa": 31, "spd": 31, "spe": 31}, "item": "Assault Vest", "teraType": "Water", "role": "AV Pivot", "bvs": {"hp": 70, "atk": 105, "def": 90, "spa": 80, "spd": 90, "spe": 45}, "stats": {"hp": 264, "atk": 232, "def": 206, "spa": 189, "spd": 206, "spe": 128}, "types": ["Grass"]}, "Terapagos": {"name": "Terapagos", "species": "Terapagos", "speciesId": "terapagos", "gender": "M", "shiny": false, "level": 77, "moves": ["rest", "darkpulse", "terastarstorm", "calmmind"], "ability": "Tera Shift", "evs": {"hp": 85, "atk": 0, "def": 85, "spa": 85, "spd": 85, "spe": 85}, "ivs": {"hp": 31, "atk": 0, "def": 31, "spa": 31, "spd": 31, "spe": 31}, "item": "Chesto Berry", "teraType": "Stellar", "role": "Setup Sweeper", "bvs": {"hp": 90, "atk": 65, "def": 85, "spa": 65, "spd": 85, "spe": 60}, "stats": {"hp": 265, "atk": 105, "def": 175, "spa": 145, "spd": 175, "spe": 137}, "types": ["Normal"]}, "Whimsicott": {"name": "Whimsicott", "species": "Whimsicott", "speciesId": "whimsicott", "gender": "F", "shiny": false, "level": 84, "moves": ["encore", "moonblast", "gigadrain", "stunspore"], "ability": "Prankster", "evs": {"hp": 85, "atk": 0, "def": 85, "spa": 85, "spd": 85, "spe": 85}, "ivs": {"hp": 31, "atk": 0, "def": 31, "spa": 31, "spd": 31, "spe": 31}, "item": "Leftovers", "teraType": "Poison", "role": "Fast Support", "bvs": {"hp": 60, "atk": 67, "def": 85, "spa": 77, "spd": 75, "spe": 116}, "stats": {"hp": 238, "atk": 117, "def": 191, "spa": 178, "spd": 174, "spe": 243}, "types": ["Grass", "Fairy"]}, "Glastrier": {"name": "Glastrier", "species": "Glastrier", "speciesId": "glastrier", "gender": "N", "shiny": false, "level": 86, "moves": ["swordsdance", "iciclecrash", "closecombat", "heavyslam"], "ability": "Chilling Neigh", "evs": {"hp": 85, "atk": 85, "def": 85, "spa": 85, "spd": 85, "spe": 85}, "ivs": {"hp": 31, "atk": 31, "def": 31, "spa": 31, "spd": 31, "spe": 31}, "item": "Heavy-Duty Boots", "teraType": "Steel", "role": "Bulky Attacker", "bvs": {"hp": 100, "atk": 145, "def": 130, "spa": 65, "spd": 110, "spe": 30}, "stats": {"hp": 312, "atk": 299, "def": 273, "spa": 161, "spd": 238, "spe": 101}, "types": ["Ice"]}, "Slowbro": {"name": "Slowbro", "species": "Slowbro", "speciesId": "slowbro", "gender": "M", "shiny": false, "level": 85, "moves": ["psychicnoise", "slackoff", "scald", "calmmind"], "ability": "Regenerator", "evs": {"hp": 85, "atk": 0, "def": 85, "spa": 85, "spd": 85, "spe": 85}, "ivs": {"hp": 31, "atk": 0, "def": 31, "spa": 31, "spd": 31, "spe": 31}, "item": "Leftovers", "teraType": "Fairy", "role": "Bulky Attacker", "bvs": {"hp": 95, "atk": 75, "def": 110, "spa": 100, "spd": 80, "spe": 30}, "stats": {"hp": 300, "atk": 132, "def": 236, "spa": 219, "spd": 185, "spe": 100}, "types": ["Water", "Psychic"]}, "Iron Boulder": {"name": "Iron Boulder", "species": "Iron Boulder", "speciesId": "ironboulder", "gender": "N", "shiny": false, "level": 77, "moves": ["swordsdance", "mightycleave", "closecombat", "zenheadbutt"], "ability": "Quark Drive", "evs": {"hp": 85, "atk": 85, "def": 85, "spa": 85, "spd": 85, "spe": 85}, "ivs": {"hp": 31, "atk": 31, "def": 31, "spa": 31, "spd": 31, "spe": 31}, "item": "Booster Energy", "teraType": "Fighting", "role": "Fast Bulky Setup", "bvs": {"hp": 90, "atk": 120, "def": 80, "spa": 68, "spd": 108, "spe": 124}, "stats": {"hp": 265, "atk": 229, "def": 168, "spa": 149, "spd": 211, "spe": 236}, "types": ["Rock", "Psychic"]}}]}