{"id": "gen9randombattle-2641432850", "format": "[Gen 9] Random Battle", "players": ["majex", "wichie"], "log": "|j|\u2606majex\n|j|\u2606wichie\n|t:|1782784000\n|gametype|singles\n|player|p1|majex|265|2094\n|player|p2|wichie|265|2102\n|gen|9\n|tier|[Gen 9] Random Battle\n|rated|\n|rule|Species Clause: Limit one of each Pok\u00e9mon\n|rule|HP Percentage Mod: HP is shown in percentages\n|rule|Sleep Clause Mod: Limit one foe put to sleep\n|rule|Illusion Level Mod: Illusion disguises the Pok\u00e9mon's true level\n|\n|t:|1782784000\n|teamsize|p1|6\n|teamsize|p2|6\n|start\n|switch|p1a: Overqwil|Overqwil, L82, F|274/274\n|switch|p2a: Gliscor|Gliscor, L76, F|239/239\n|-ability|p1a: Overqwil|Intimidate|boost\n|-unboost|p2a: Gliscor|atk|1\n|turn|1\n|inactive|Battle timer is ON: inactive players will automatically lose when time's up. (requested by wichie)\n|\n|t:|1782784010\n|switch|p1a: Tsareena|Tsareena, L87, F|267/267\n|move|p2a: Gliscor|Knock Off|p1a: Tsareena\n|-damage|p1a: Tsareena|231/267\n|-enditem|p1a: Tsareena|Choice Band|[from] move: Knock Off|[of] p2a: Gliscor\n|\n|-status|p2a: Gliscor|tox|[from] item: Toxic Orb\n|upkeep\n|turn|2\n|\n|t:|1782784026\n|switch|p2a: Glalie|Glalie, L96, M|309/309\n|move|p1a: Tsareena|U-turn|p2a: Glalie\n|-damage|p2a: Glalie|249/309\n|\n|t:|1782784034\n|switch|p1a: Entei|Entei, L78|307/307|[from] U-turn\n|\n|upkeep\n|turn|3\n|\n|t:|1782784041\n|switch|p2a: Poliwrath|Poliwrath, L88, M|302/302\n|move|p1a: Entei|Sacred Fire|p2a: Poliwrath\n|-resisted|p2a: Poliwrath\n|-damage|p2a: Poliwrath|234/302\n|-status|p2a: Poliwrath|brn\n|\n|-damage|p2a: Poliwrath|216/302 brn|[from] brn\n|upkeep\n|turn|4\n|\n|t:|1782784049\n|switch|p1a: Tsareena|Tsareena, L87, F|231/267\n|move|p2a: Poliwrath|Circle Throw|p1a: Tsareena\n|-damage|p1a: Tsareena|201/267\n|drag|p1a: Raging Bolt|Raging Bolt, L78|323/323\n|\n|-damage|p2a: Poliwrath|198/302 brn|[from] brn\n|upkeep\n|turn|5\n|\n|t:|1782784054\n|move|p2a: Poliwrath|Knock Off|p1a: Raging Bolt\n|-damage|p1a: Raging Bolt|287/323\n|-enditem|p1a: Raging Bolt|Assault Vest|[from] move: Knock Off|[of] p2a: Poliwrath\n|move|p1a: Raging Bolt|Draco Meteor|p2a: Poliwrath\n|-damage|p2a: Poliwrath|98/302 brn\n|-unboost|p1a: Raging Bolt|spa|2\n|\n|-damage|p2a: Poliwrath|80/302 brn|[from] brn\n|upkeep\n|turn|6\n|\n|t:|1782784059\n|move|p1a: Raging Bolt|Draco Meteor|p2a: Poliwrath\n|-damage|p2a: Poliwrath|29/302 brn\n|-unboost|p1a: Raging Bolt|spa|2\n|move|p2a: Poliwrath|Circle Throw|p1a: Raging Bolt\n|-damage|p1a: Raging Bolt|252/323\n|-end|p1a: Raging Bolt|Protosynthesis|[silent]\n|drag|p1a: Slither Wing|Slither Wing, L81|270/270\n|\n|-damage|p2a: Poliwrath|11/302 brn|[from] brn\n|upkeep\n|turn|7\n|\n|t:|1782784066\n|move|p1a: Slither Wing|U-turn|p2a: Poliwrath\n|-resisted|p2a: Poliwrath\n|-damage|p2a: Poliwrath|0 fnt\n|faint|p2a: Poliwrath\n|\n|t:|1782784078\n|-end|p1a: Slither Wing|Protosynthesis|[silent]\n|switch|p1a: Tsareena|Tsareena, L87, F|201/267|[from] U-turn\n|\n|upkeep\n|\n|t:|1782784101\n|switch|p2a: Glalie|Glalie, L96, M|249/309\n|turn|8\n|\n|t:|1782784106\n|move|p2a: Glalie|Spikes|p1a: Tsareena\n|-sidestart|p1: majex|Spikes\n|move|p1a: Tsareena|U-turn|p2a: Glalie\n|-damage|p2a: Glalie|185/309\n|\n|t:|1782784112\n|switch|p1a: Entei|Entei, L78|307/307|[from] U-turn\n|-damage|p1a: Entei|269/307|[from] Spikes\n|\n|upkeep\n|turn|9\n|\n|t:|1782784117\n|move|p2a: Glalie|Earthquake|p1a: Entei\n|-supereffective|p1a: Entei\n|-damage|p1a: Entei|101/307\n|move|p1a: Entei|Sacred Fire|p2a: Glalie\n|-supereffective|p2a: Glalie\n|-damage|p2a: Glalie|0 fnt\n|faint|p2a: Glalie\n|\n|upkeep\n|\n|t:|1782784124\n|switch|p2a: Gliscor|Gliscor, L76, F|239/239 tox\n|turn|10\n|\n|t:|1782784134\n|move|p1a: Entei|Sacred Fire|p2a: Gliscor\n|-damage|p2a: Gliscor|115/239 tox\n|move|p2a: Gliscor|Earthquake|p1a: Entei\n|-supereffective|p1a: Entei\n|-damage|p1a: Entei|0 fnt\n|faint|p1a: Entei\n|\n|-heal|p2a: Gliscor|144/239 tox|[from] ability: Poison Heal\n|upkeep\n|\n|t:|1782784142\n|switch|p1a: Tsareena|Tsareena, L87, F|201/267\n|-damage|p1a: Tsareena|168/267|[from] Spikes\n|turn|11\n|\n|t:|1782784146\n|move|p2a: Gliscor|Protect|p2a: Gliscor\n|-singleturn|p2a: Gliscor|Protect\n|move|p1a: Tsareena|Triple Axel|p2a: Gliscor\n|-activate|p2a: Gliscor|move: Protect\n|\n|-heal|p2a: Gliscor|173/239 tox|[from] ability: Poison Heal\n|upkeep\n|turn|12\n|\n|t:|1782784153\n|switch|p2a: Iron Bundle|Iron Bundle, L78|215/215\n|move|p1a: Tsareena|U-turn|p2a: Iron Bundle\n|-damage|p2a: Iron Bundle|157/215\n|\n|t:|1782784155\n|switch|p1a: Komala|Komala, L88, M|258/258|[from] U-turn\n|-damage|p1a: Komala|226/258|[from] Spikes\n|-ability|p1a: Komala|Comatose\n|\n|upkeep\n|turn|13\n|\n|t:|1782784176\n|move|p2a: Iron Bundle|Hydro Pump|p1a: Komala\n|-damage|p1a: Komala|154/258\n|move|p1a: Komala|Rapid Spin|p2a: Iron Bundle\n|-damage|p2a: Iron Bundle|100/215\n|-boost|p1a: Komala|spe|1\n|-sideend|p1: majex|Spikes|[from] move: Rapid Spin|[of] p1a: Komala\n|\n|upkeep\n|turn|14\n|\n|t:|1782784179\n|move|p2a: Iron Bundle|Encore|p1a: Komala\n|-start|p1a: Komala|Encore\n|move|p1a: Komala|Rapid Spin|p2a: Iron Bundle\n|-damage|p2a: Iron Bundle|42/215\n|-boost|p1a: Komala|spe|1\n|\n|upkeep\n|turn|15\n|\n|t:|1782784182\n|-end|p2a: Iron Bundle|Quark Drive|[silent]\n|switch|p2a: Cobalion|Cobalion, L80|277/277\n|move|p1a: Komala|Rapid Spin|p2a: Cobalion\n|-resisted|p2a: Cobalion\n|-damage|p2a: Cobalion|250/277\n|-boost|p1a: Komala|spe|1\n|\n|-heal|p2a: Cobalion|267/277|[from] item: Leftovers\n|upkeep\n|turn|16\n|\n|t:|1782784191\n|switch|p1a: Tsareena|Tsareena, L87, F|168/267\n|move|p2a: Cobalion|Calm Mind|p2a: Cobalion\n|-boost|p2a: Cobalion|spa|1\n|-boost|p2a: Cobalion|spd|1\n|\n|-heal|p2a: Cobalion|277/277|[from] item: Leftovers\n|upkeep\n|turn|17\n|\n|t:|1782784202\n|move|p2a: Cobalion|Flash Cannon|p1a: Tsareena\n|-damage|p1a: Tsareena|63/267\n|move|p1a: Tsareena|High Jump Kick|p2a: Cobalion\n|-supereffective|p2a: Cobalion\n|-damage|p2a: Cobalion|83/277\n|\n|-heal|p2a: Cobalion|100/277|[from] item: Leftovers\n|upkeep\n|turn|18\n|\n|t:|1782784208\n|move|p2a: Cobalion|Flash Cannon|p1a: Tsareena\n|-damage|p1a: Tsareena|0 fnt\n|faint|p1a: Tsareena\n|\n|-heal|p2a: Cobalion|117/277|[from] item: Leftovers\n|upkeep\n|\n|t:|1782784219\n|switch|p1a: Slither Wing|Slither Wing, L81|270/270\n|turn|19\n|\n|t:|1782784233\n|switch|p2a: Gliscor|Gliscor, L76, F|173/239 tox\n|move|p1a: Slither Wing|U-turn|p2a: Gliscor\n|-resisted|p2a: Gliscor\n|-damage|p2a: Gliscor|137/239 tox\n|\n|t:|1782784237\n|-end|p1a: Slither Wing|Protosynthesis|[silent]\n|switch|p1a: Overqwil|Overqwil, L82, F|274/274|[from] U-turn\n|-ability|p1a: Overqwil|Intimidate|boost\n|-unboost|p2a: Gliscor|atk|1\n|\n|-heal|p2a: Gliscor|166/239 tox|[from] ability: Poison Heal\n|upkeep\n|turn|20\n|\n|t:|1782784244\n|move|p2a: Gliscor|Knock Off|p1a: Overqwil\n|-resisted|p1a: Overqwil\n|-damage|p1a: Overqwil|255/274\n|-enditem|p1a: Overqwil|Loaded Dice|[from] move: Knock Off|[of] p2a: Gliscor\n|move|p1a: Overqwil|Scale Shot|p2a: Gliscor\n|-damage|p2a: Gliscor|148/239 tox\n|-damage|p2a: Gliscor|131/239 tox\n|-hitcount|p2a: Gliscor|2\n|-unboost|p1a: Overqwil|def|1\n|-boost|p1a: Overqwil|spe|1\n|\n|-heal|p2a: Gliscor|160/239 tox|[from] ability: Poison Heal\n|upkeep\n|turn|21\n|\n|t:|1782784254\n|-terastallize|p1a: Overqwil|Dragon\n|move|p2a: Gliscor|Protect|p2a: Gliscor\n|-singleturn|p2a: Gliscor|Protect\n|move|p1a: Overqwil|Swords Dance|p1a: Overqwil\n|-boost|p1a: Overqwil|atk|2\n|\n|-heal|p2a: Gliscor|189/239 tox|[from] ability: Poison Heal\n|upkeep\n|turn|22\n|\n|t:|1782784266\n|move|p1a: Overqwil|Crunch|p2a: Gliscor\n|-damage|p2a: Gliscor|44/239 tox\n|move|p2a: Gliscor|Toxic|p1a: Overqwil\n|-status|p1a: Overqwil|tox\n|\n|-damage|p1a: Overqwil|238/274 tox|[from] psn\n|-heal|p2a: Gliscor|73/239 tox|[from] ability: Poison Heal\n|upkeep\n|turn|23\n|\n|t:|1782784270\n|move|p2a: Gliscor|Protect|p2a: Gliscor\n|-singleturn|p2a: Gliscor|Protect\n|move|p1a: Overqwil|Crunch|p2a: Gliscor\n|-activate|p2a: Gliscor|move: Protect\n|\n|-damage|p1a: Overqwil|204/274 tox|[from] psn\n|-heal|p2a: Gliscor|102/239 tox|[from] ability: Poison Heal\n|upkeep\n|turn|24\n|\n|t:|1782784274\n|switch|p2a: Cobalion|Cobalion, L80|117/277\n|move|p1a: Overqwil|Crunch|p2a: Cobalion\n|-resisted|p2a: Cobalion\n|-damage|p2a: Cobalion|44/277\n|-ability|p2a: Cobalion|Justified|boost\n|-boost|p2a: Cobalion|atk|1\n|\n|-heal|p2a: Cobalion|61/277|[from] item: Leftovers\n|-damage|p1a: Overqwil|153/274 tox|[from] psn\n|upkeep\n|turn|25\n|\n|t:|1782784290\n|move|p2a: Cobalion|Vacuum Wave|p1a: Overqwil\n|-damage|p1a: Overqwil|108/274 tox\n|move|p1a: Overqwil|Crunch|p2a: Cobalion\n|-resisted|p2a: Cobalion\n|-damage|p2a: Cobalion|0 fnt\n|faint|p2a: Cobalion\n|\n|-damage|p1a: Overqwil|40/274 tox|[from] psn\n|upkeep\n|\n|t:|1782784292\n|switch|p2a: Gliscor|Gliscor, L76, F|102/239 tox\n|turn|26\n|\n|t:|1782784294\n|move|p2a: Gliscor|Protect|p2a: Gliscor\n|-singleturn|p2a: Gliscor|Protect\n|move|p1a: Overqwil|Crunch|p2a: Gliscor\n|-activate|p2a: Gliscor|move: Protect\n|\n|-damage|p1a: Overqwil|0 fnt|[from] psn\n|faint|p1a: Overqwil\n|-heal|p2a: Gliscor|131/239 tox|[from] ability: Poison Heal\n|upkeep\n|\n|t:|1782784299\n|switch|p1a: Komala|Komala, L88, M|154/258\n|-ability|p1a: Komala|Comatose\n|turn|27\n|\n|t:|1782784313\n|move|p2a: Gliscor|Earthquake|p1a: Komala\n|-damage|p1a: Komala|49/258\n|move|p1a: Komala|Rapid Spin|p2a: Gliscor\n|-damage|p2a: Gliscor|68/239 tox\n|-boost|p1a: Komala|spe|1\n|\n|-heal|p2a: Gliscor|97/239 tox|[from] ability: Poison Heal\n|upkeep\n|turn|28\n|\n|t:|1782784317\n|move|p2a: Gliscor|Protect|p2a: Gliscor\n|-singleturn|p2a: Gliscor|Protect\n|move|p1a: Komala|Body Slam|p2a: Gliscor\n|-activate|p2a: Gliscor|move: Protect\n|\n|-heal|p2a: Gliscor|126/239 tox|[from] ability: Poison Heal\n|upkeep\n|turn|29\n|\n|t:|1782784321\n|switch|p2a: Iron Bundle|Iron Bundle, L78|42/215\n|move|p1a: Komala|Body Slam|p2a: Iron Bundle\n|-damage|p2a: Iron Bundle|0 fnt\n|faint|p2a: Iron Bundle\n|-end|p2a: Iron Bundle|Quark Drive|[silent]\n|\n|upkeep\n|\n|t:|1782784326\n|switch|p2a: Gliscor|Gliscor, L76, F|126/239 tox\n|turn|30\n|\n|t:|1782784329\n|move|p2a: Gliscor|Protect|p2a: Gliscor\n|-singleturn|p2a: Gliscor|Protect\n|move|p1a: Komala|Body Slam|p2a: Gliscor\n|-activate|p2a: Gliscor|move: Protect\n|\n|-heal|p2a: Gliscor|155/239 tox|[from] ability: Poison Heal\n|upkeep\n|turn|31\n|\n|t:|1782784333\n|move|p1a: Komala|Body Slam|p2a: Gliscor\n|-damage|p2a: Gliscor|59/239 tox\n|move|p2a: Gliscor|Earthquake|p1a: Komala\n|-damage|p1a: Komala|0 fnt\n|faint|p1a: Komala\n|\n|-heal|p2a: Gliscor|88/239 tox|[from] ability: Poison Heal\n|upkeep\n|\n|t:|1782784339\n|switch|p1a: Raging Bolt|Raging Bolt, L78|252/323\n|turn|32\n|\n|t:|1782784348\n|move|p2a: Gliscor|Protect|p2a: Gliscor\n|-singleturn|p2a: Gliscor|Protect\n|move|p1a: Raging Bolt|Draco Meteor|p2a: Gliscor\n|-activate|p2a: Gliscor|move: Protect\n|\n|-heal|p2a: Gliscor|117/239 tox|[from] ability: Poison Heal\n|upkeep\n|turn|33\n|\n|t:|1782784369\n|switch|p2a: Tsareena|Tsareena, L87, F|267/267\n|move|p1a: Raging Bolt|Draco Meteor|p2a: Tsareena\n|-damage|p2a: Tsareena|132/267\n|-unboost|p1a: Raging Bolt|spa|2\n|\n|upkeep\n|turn|34\n|\n|t:|1782784372\n|-end|p1a: Raging Bolt|Protosynthesis|[silent]\n|switch|p1a: Slither Wing|Slither Wing, L81|270/270\n|move|p2a: Tsareena|Triple Axel|p1a: Slither Wing\n|-damage|p1a: Slither Wing|242/270\n|-damage|p1a: Slither Wing|178/270\n|-damage|p1a: Slither Wing|96/270\n|-hitcount|p1a: Slither Wing|3\n|\n|upkeep\n|turn|35\n|\n|t:|1782784387\n|switch|p2a: Gliscor|Gliscor, L76, F|117/239 tox\n|move|p1a: Slither Wing|U-turn|p2a: Gliscor\n|-resisted|p2a: Gliscor\n|-damage|p2a: Gliscor|79/239 tox\n|\n|t:|1782784389\n|-end|p1a: Slither Wing|Protosynthesis|[silent]\n|switch|p1a: Raging Bolt|Raging Bolt, L78|252/323|[from] U-turn\n|\n|-heal|p2a: Gliscor|108/239 tox|[from] ability: Poison Heal\n|upkeep\n|turn|36\n|\n|t:|1782784394\n|move|p2a: Gliscor|Protect|p2a: Gliscor\n|-singleturn|p2a: Gliscor|Protect\n|move|p1a: Raging Bolt|Draco Meteor|p2a: Gliscor\n|-activate|p2a: Gliscor|move: Protect\n|\n|-heal|p2a: Gliscor|137/239 tox|[from] ability: Poison Heal\n|upkeep\n|turn|37\n|\n|t:|1782784397\n|move|p2a: Gliscor|Earthquake|p1a: Raging Bolt\n|-supereffective|p1a: Raging Bolt\n|-damage|p1a: Raging Bolt|82/323\n|move|p1a: Raging Bolt|Draco Meteor|p2a: Gliscor|[miss]\n|-miss|p1a: Raging Bolt|p2a: Gliscor\n|\n|-heal|p2a: Gliscor|166/239 tox|[from] ability: Poison Heal\n|upkeep\n|turn|38\n|-message|majex forfeited.\n|\n|win|wichie\n", "inputlog": ">version f8ac14003a5f27e1bdc8d8c59608a773c1cb96e5\n>start {\"formatid\":\"gen9randombattle\",\"seed\":\"sodium,144a2c44a01408585138be6833d9c866\",\"rated\":\"Rated battle\"}\n>player p1 {\"name\":\"majex\",\"avatar\":\"265\",\"rating\":2094,\"seed\":\"sodium,2101115db7447be75c1b896b40d81201\"}\n>player p2 {\"name\":\"wichie\",\"avatar\":\"265\",\"rating\":2102,\"seed\":\"sodium,2207ad90c93508efb6ecf1b98929b316\"}\n>p1 switch 5\n>p2 move knockoff\n>p1 move uturn\n>p2 switch 4\n>p1 switch 3\n>p1 move sacredfire\n>p2 switch 6\n>p1 switch 3\n>p2 move circlethrow\n>p1 move dracometeor\n>p2 move knockoff\n>p1 move dracometeor\n>p2 move circlethrow\n>p1 move uturn\n>p2 move circlethrow\n>p1 switch 6\n>p2 switch 6\n>p1 move uturn\n>p2 move spikes\n>p1 switch 3\n>p1 move sacredfire\n>p2 move earthquake\n>p2 switch 4\n>p1 move sacredfire\n>p2 move earthquake\n>p1 switch 3\n>p1 move tripleaxel\n>p2 move protect\n>p1 move uturn\n>p2 switch 3\n>p1 switch 4\n>p1 move rapidspin\n>p2 move hydropump\n>p1 move bodyslam\n>p2 move encore\n>p1 move rapidspin\n>p2 switch 5\n>p1 switch 4\n>p2 move calmmind\n>p1 move highjumpkick\n>p2 move flashcannon\n>p1 move highjumpkick\n>p2 move flashcannon\n>p1 switch 6\n>p1 move uturn\n>p2 switch 3\n>p1 switch 5\n>p1 move scaleshot\n>p2 move knockoff\n>p1 move swordsdance terastallize\n>p2 move protect\n>p1 move crunch\n>p2 move toxic\n>p1 move crunch\n>p2 move protect\n>p1 move crunch\n>p2 switch 3\n>p1 move crunch\n>p2 move vacuumwave\n>p2 switch 3\n>p1 move crunch\n>p2 move protect\n>p1 switch 4\n>p1 move rapidspin\n>p2 move earthquake\n>p1 move bodyslam\n>p2 move protect\n>p1 move bodyslam\n>p2 switch 5\n>p2 switch 5\n>p1 move bodyslam\n>p2 move protect\n>p1 move bodyslam\n>p2 move earthquake\n>p1 switch 2\n>p1 move dracometeor\n>p2 move protect\n>p1 move dracometeor\n>p2 switch 2\n>p1 switch 5\n>p2 move tripleaxel\n>p1 move uturn\n>p2 switch 2\n>p1 switch 5\n>p1 move dracometeor\n>p2 move protect\n>p1 move dracometeor\n>p2 move earthquake\n>forcelose p1", "uploadtime": 1782784002, "views": 3, "formatid": "gen9randombattle", "rating": null, "private": 0, "password": null, "player_dets": [{"name": "majex", "avatar": "265", "rating": 2094, "seed": "sodium,2101115db7447be75c1b896b40d81201"}, {"name": "wichie", "avatar": "265", "rating": 2102, "seed": "sodium,2207ad90c93508efb6ecf1b98929b316"}], "teams_full": [{"Overqwil": {"name": "Overqwil", "species": "Overqwil", "speciesId": "overqwil", "gender": "F", "shiny": false, "level": 82, "moves": ["scaleshot", "crunch", "gunkshot", "swordsdance"], "ability": "Intimidate", "evs": {"hp": 85, "atk": 85, "def": 85, "spa": 85, "spd": 85, "spe": 85}, "ivs": {"hp": 31, "atk": 31, "def": 31, "spa": 31, "spd": 31, "spe": 31}, "item": "Loaded Dice", "teraType": "Dragon", "role": "Setup Sweeper", "bvs": {"hp": 85, "atk": 115, "def": 95, "spa": 65, "spd": 65, "spe": 85}, "stats": {"hp": 274, "atk": 236, "def": 203, "spa": 154, "spd": 154, "spe": 187}, "types": ["Dark", "Poison"]}, "Slither Wing": {"name": "Slither Wing", "species": "Slither Wing", "speciesId": "slitherwing", "gender": "N", "shiny": false, "level": 81, "moves": ["morningsun", "willowisp", "closecombat", "uturn"], "ability": "Protosynthesis", "evs": {"hp": 85, "atk": 85, "def": 85, "spa": 85, "spd": 85, "spe": 85}, "ivs": {"hp": 31, "atk": 31, "def": 31, "spa": 31, "spd": 31, "spe": 31}, "item": "Heavy-Duty Boots", "teraType": "Steel", "role": "Fast Support", "bvs": {"hp": 85, "atk": 135, "def": 79, "spa": 85, "spd": 105, "spe": 81}, "stats": {"hp": 270, "atk": 265, "def": 175, "spa": 184, "spd": 217, "spe": 178}, "types": ["Bug", "Fighting"]}, "Entei": {"name": "Entei", "species": "Entei", "speciesId": "entei", "gender": "N", "shiny": false, "level": 78, "moves": ["extremespeed", "sacredfire", "flareblitz", "stoneedge"], "ability": "Inner Focus", "evs": {"hp": 85, "atk": 85, "def": 85, "spa": 85, "spd": 85, "spe": 85}, "ivs": {"hp": 31, "atk": 31, "def": 31, "spa": 31, "spd": 31, "spe": 31}, "item": "Choice Band", "teraType": "Fire", "role": "Fast Attacker", "bvs": {"hp": 115, "atk": 115, "def": 85, "spa": 90, "spd": 75, "spe": 100}, "stats": {"hp": 307, "atk": 224, "def": 178, "spa": 185, "spd": 162, "spe": 201}, "types": ["Fire"]}, "Komala": {"name": "Komala", "species": "Komala", "speciesId": "komala", "gender": "M", "shiny": false, "level": 88, "moves": ["rapidspin", "knockoff", "earthquake", "bodyslam"], "ability": "Comatose", "evs": {"hp": 85, "atk": 85, "def": 85, "spa": 85, "spd": 85, "spe": 85}, "ivs": {"hp": 31, "atk": 31, "def": 31, "spa": 31, "spd": 31, "spe": 31}, "item": "Assault Vest", "teraType": "Ghost", "role": "Bulky Support", "bvs": {"hp": 65, "atk": 115, "def": 65, "spa": 75, "spd": 95, "spe": 65}, "stats": {"hp": 258, "atk": 253, "def": 165, "spa": 182, "spd": 217, "spe": 165}, "types": ["Normal"]}, "Tsareena": {"name": "Tsareena", "species": "Tsareena", "speciesId": "tsareena", "gender": "F", "shiny": false, "level": 87, "moves": ["tripleaxel", "highjumpkick", "uturn", "powerwhip"], "ability": "Queenly Majesty", "evs": {"hp": 85, "atk": 85, "def": 85, "spa": 85, "spd": 85, "spe": 85}, "ivs": {"hp": 31, "atk": 31, "def": 31, "spa": 31, "spd": 31, "spe": 31}, "item": "Choice Band", "teraType": "Fighting", "role": "Fast Support", "bvs": {"hp": 72, "atk": 120, "def": 98, "spa": 50, "spd": 98, "spe": 72}, "stats": {"hp": 267, "atk": 259, "def": 220, "spa": 137, "spd": 220, "spe": 175}, "types": ["Grass"]}, "Raging Bolt": {"name": "Raging Bolt", "species": "Raging Bolt", "speciesId": "ragingbolt", "gender": "N", "shiny": false, "level": 78, "moves": ["voltswitch", "thunderbolt", "dracometeor", "thunderclap"], "ability": "Protosynthesis", "evs": {"hp": 85, "atk": 0, "def": 85, "spa": 85, "spd": 85, "spe": 85}, "ivs": {"hp": 31, "atk": 0, "def": 31, "spa": 31, "spd": 31, "spe": 31}, "item": "Assault Vest", "teraType": "Electric", "role": "AV Pivot", "bvs": {"hp": 125, "atk": 73, "def": 91, "spa": 137, "spd": 89, "spe": 75}, "stats": {"hp": 323, "atk": 118, "def": 187, "spa": 259, "spd": 184, "spe": 162}, "types": ["Electric", "Dragon"]}}, {"Gliscor": {"name": "Gliscor", "species": "Gliscor", "speciesId": "gliscor", "gender": "F", "shiny": false, "level": 76, "moves": ["knockoff", "earthquake", "toxic", "protect"], "ability": "Poison Heal", "evs": {"hp": 85, "atk": 85, "def": 85, "spa": 85, "spd": 85, "spe": 85}, "ivs": {"hp": 31, "atk": 31, "def": 31, "spa": 31, "spd": 31, "spe": 31}, "item": "Toxic Orb", "teraType": "Water", "role": "Bulky Support", "bvs": {"hp": 75, "atk": 95, "def": 125, "spa": 45, "spd": 75, "spe": 95}, "stats": {"hp": 239, "atk": 188, "def": 234, "spa": 112, "spd": 158, "spe": 188}, "types": ["Ground", "Flying"]}, "Tsareena": {"name": "Tsareena", "species": "Tsareena", "speciesId": "tsareena", "gender": "F", "shiny": false, "level": 87, "moves": ["tripleaxel", "highjumpkick", "powerwhip", "uturn"], "ability": "Queenly Majesty", "evs": {"hp": 85, "atk": 85, "def": 85, "spa": 85, "spd": 85, "spe": 85}, "ivs": {"hp": 31, "atk": 31, "def": 31, "spa": 31, "spd": 31, "spe": 31}, "item": "Choice Band", "teraType": "Steel", "role": "Fast Support", "bvs": {"hp": 72, "atk": 120, "def": 98, "spa": 50, "spd": 98, "spe": 72}, "stats": {"hp": 267, "atk": 259, "def": 220, "spa": 137, "spd": 220, "spe": 175}, "types": ["Grass"]}, "Iron Bundle": {"name": "Iron Bundle", "species": "Iron Bundle", "speciesId": "ironbundle", "gender": "N", "shiny": false, "level": 78, "moves": ["icebeam", "encore", "hydropump", "freezedry"], "ability": "Quark Drive", "evs": {"hp": 85, "atk": 0, "def": 85, "spa": 85, "spd": 85, "spe": 85}, "ivs": {"hp": 31, "atk": 0, "def": 31, "spa": 31, "spd": 31, "spe": 31}, "item": "Heavy-Duty Boots", "teraType": "Ice", "role": "Fast Attacker", "bvs": {"hp": 56, "atk": 80, "def": 114, "spa": 124, "spd": 60, "spe": 136}, "stats": {"hp": 215, "atk": 129, "def": 223, "spa": 239, "spd": 139, "spe": 257}, "types": ["Ice", "Water"]}, "Glalie": {"name": "Glalie", "species": "Glalie", "speciesId": "glalie", "gender": "M", "shiny": false, "level": 96, "moves": ["earthquake", "freezedry", "spikes", "taunt"], "ability": "Inner Focus", "evs": {"hp": 85, "atk": 85, "def": 85, "spa": 85, "spd": 85, "spe": 85}, "ivs": {"hp": 31, "atk": 31, "def": 31, "spa": 31, "spd": 31, "spe": 31}, "item": "Heavy-Duty Boots", "teraType": "Ghost", "role": "Fast Support", "bvs": {"hp": 80, "atk": 80, "def": 80, "spa": 80, "spd": 80, "spe": 80}, "stats": {"hp": 309, "atk": 208, "def": 208, "spa": 208, "spd": 208, "spe": 208}, "types": ["Ice"]}, "Cobalion": {"name": "Cobalion", "species": "Cobalion", "speciesId": "cobalion", "gender": "N", "shiny": false, "level": 80, "moves": ["aurasphere", "vacuumwave", "flashcannon", "calmmind"], "ability": "Justified", "evs": {"hp": 85, "atk": 0, "def": 85, "spa": 85, "spd": 85, "spe": 85}, "ivs": {"hp": 31, "atk": 0, "def": 31, "spa": 31, "spd": 31, "spe": 31}, "item": "Leftovers", "teraType": "Water", "role": "Bulky Setup", "bvs": {"hp": 91, "atk": 90, "def": 129, "spa": 90, "spd": 72, "spe": 108}, "stats": {"hp": 277, "atk": 149, "def": 253, "spa": 190, "spd": 161, "spe": 219}, "types": ["Steel", "Fighting"]}, "Poliwrath": {"name": "Poliwrath", "species": "Poliwrath", "speciesId": "poliwrath", "gender": "M", "shiny": false, "level": 88, "moves": ["liquidation", "circlethrow", "knockoff", "closecombat"], "ability": "Water Absorb", "evs": {"hp": 85, "atk": 85, "def": 85, "spa": 85, "spd": 85, "spe": 85}, "ivs": {"hp": 31, "atk": 31, "def": 31, "spa": 31, "spd": 31, "spe": 31}, "item": "Assault Vest", "teraType": "Steel", "role": "AV Pivot", "bvs": {"hp": 90, "atk": 95, "def": 95, "spa": 70, "spd": 90, "spe": 70}, "stats": {"hp": 302, "atk": 217, "def": 217, "spa": 173, "spd": 209, "spe": 173}, "types": ["Water", "Fighting"]}}]}